3764 5992
739 487 919 538 aristone.
1532 468 1604 544 655

61 611 118 678 νίας
136 611 317 671 ἀποδύσασθαι
330 616 376 672 σιἰιι
389 612 544 690 ίτσλμησιν,
559 615 617 671 ἀλλ’
630 612 712 670 ίδιισι
729 611 775 670 καί
790 614 836 671 αθ·
889 630 1004 673 vacuam
1011 611 1147 692 prostitit.
1155 611 1190 671 Et
1199 625 1287 673 tamen
1294 611 1379 692 inqui
1387 625 1491 674 tautum
1500 627 1618 695 tamque-

61 704 106 770 τὸς
119 702 153 762 rd
167 702 315 782 σκόμματα
325 697 425 779 ταῦτα’,
437 704 482 765 καί
493 704 543 777 τὴν
557 703 610 764 ἀπὸ
625 710 670 764 τοῦ
681 702 767 783 γάμου
777 728 833 764 πα-
889 703 1050 783 praeclarum
1057 715 1189 763 certamen
1203 702 1272 763 inire
1281 703 1382 785 potnit,
1393 719 1475 785 etque
1491 727 1527 766 ex
1539 706 1606 788 ipsis

63 794 195 873 ραμυθίαν
214 794 393 855 ἐπεσπάσατο.
890 794 1607 874 naturaefinibusexcessit,virginitatiscertameums·

888 884 977 967 cipere
1001 885 1114 945 minime
1134 906 1216 946 ausus
1240 900 1297 946 est:
1317 889 1485 970 vnnrnipse
1498 908 1607 970 qnoque

886 975 957 1037 hauc
968 978 1124 1060 palestram
1137 977 1276 1057 extimuit,
1301 979 1520 1061 matrimoniique
1535 982 1606 1042 sola·
1610 1004 1613 1013 ·

885 1068 955 1128 tium
967 1084 1007 1129 est
1019 1069 1170 1151 amplexus
1556 1090 1560 1095 '

103 1164 196 1225 Βουλει
215 1167 323 1244 πρσσθω
336 1164 447 1224 καίτοι
461 1164 525 1224 'tte
544 1174 597 1234 τοῖς
616 1164 777 1246 εἰρημένοις,
789 1164 871 1225 aduc
927 1159 956 1221 8
972 1161 1024 1222 Vis
1045 1162 1148 1222 Jobum
1161 1150 1242 1223 etialn
1258 1164 1303 1224 his
1317 1163 1511 1246 adjungam?
1500 1176 1669 1246 justumne
1688 1198 1709 1231 ι,

59 1257 173 1330 δίκαιον,
188 1256 233 1315 τὸν
257 1256 389 1331 ἀληθινὸν,
400 1256 444 1316 τδν
464 1257 589 1329 θεοσιόῆ,
602 1255 647 1316 τὸν
671 1256 835 1337 ἀπεχόμενον
888 1252 1000 1331 iuquam
1021 1252 1109 1330 illum,
1125 1253 1185 1315 veri
1205 1267 1348 1333 amantem,
1363 1256 1449 1337 pium,
1469 1269 1549 1336 atque
1570 1257 1606 1318 ab

61 1350 103 1404 dre
103 1347 232 1414 ὸπαντδς
247 1369 332 1427 πονηρ
333 1371 362 1405 ου
318 1348 550 1428 ρπριίγματσςς
565 1338 680 1415 Odsoed
693 1346 757 1408 ’lde
771 1371 835 1407 συν-
889 1344 1014 1425 improba
1038 1346 1111 1405 omni
1136 1345 1241 1406 actione
1259 1369 1316 1408 sese
1333 1348 1531 1409 abstinentem?
1555 1350 1607 1410 llic

60 1439 141 1518 ἔκοψε
161 1444 206 1497 τοῦ
221 1437 343 1498 daedalon
361 1437 410 1512 τὴν
434 1439 509 1519 dictu,
530 1439 672 1517 παιόμενος
695 1441 726 1498 οὐ
749 1440 836 1500 παίων
890 1436 1038 1516 igiturlob
1059 1436 1160 1496 diaboli
1182 1458 1212 1497 os
1226 1437 1362 1518 contudit3
1385 1460 1527 1521 percussus
1541 1442 1607 1522 ipse,

60 1530 189 1589 ἐκένωσεν
204 1531 283 1589 αι’πσῦ
302 1528 352 1602 τὴν
372 1530 519 1609 βελοθήκην
532 1529 648 1602 ἅπασαν,
662 1529 707 1590 καί
721 1554 837 1591 κατατο·
889 1547 943 1587 nou
965 1528 1128 1609 percutiens,
1151 1543 1235 1589 totam
1249 1529 1323 1590 illius
1347 1531 1502 1613 pharetram
1514 1531 1607 1591 erina-

61 1620 199 1700 ξευόμενος
219 1622 283 1700 παρ’
304 1623 384 1681 αὐτοῦ
405 1622 616 1701 συνεχῶς,θπαν
639 1621 764 1700 θπίμιινε
778 1647 837 1682 πει·
892 1619 1224 1700 nivit3cumqueassiduis
1236 1622 1341 1703 abipso
1349 1623 1607 1704 sagittispetrretur,

61 1718 173 1793 ρασμῶν
188 1703 270 1786 εἶδος,
284 1713 329 1771 καὶ
348 1711 459 1773 ἕκαστον
479 1716 537 1793 μεθ’
559 1713 707 1796 ὑπερίολῆς
722 1714 836 1786 ἁπάσης.
891 1712 982 1772 omnia
995 1726 1083 1772 tamen
1098 1712 1276 1772 tentationum
1299 1734 1395 1794 genera
1417 1714 1555 1788 sustinuit,
1582 1728 1610 1774 et

60 1805 108 1864 Τὰ
131 1803 183 1886 γδρ
208 1805 335 1863 δοκοῦντα
349 1795 416 1864 εἶναι
439 1804 509 1865 κατὰ
532 1806 576 1865 τδν
598 1804 654 1884 βίον
671 1805 781 1886 λυπηρὰ
791 1807 837 1866 καί
893 1801 1105 1881 unumquodque
1115 1802 1260 1862 immanem
1280 1803 1308 1861 iu
1326 1803 1447 1863 modum.
1468 1804 1537 1863 Nam
1548 1824 1609 1882 quae

59 1897 236 1966 detestante
250 1895 368 1973 μάλιστα
381 1895 486 1955 πάντων
502 1896 573 1970 lati,
586 1895 681 1969 πενία,
694 1896 838 1971 καθνόσυς,
892 1892 981 1954 inhac
993 1894 1049 1955 vita
1062 1893 1190 1953 molestiae
1204 1894 1320 1975 speciem
1338 1895 1448 1973 liabent,
1471 1908 1498 1954 et
1518 1915 1610 1955 revera

61 1986 109 2045 καί
126 1986 227 2044 παίδοιν
242 1985 380 2062 ἀπούολὴ,
398 1986 445 2047 καὶ
458 1989 559 2069 ἐχθρῶν
582 1988 777 2064 ἐπανάστασις,
792 1989 838 2049 καὶ
893 1985 1004 2046 molesta
1029 1999 1101 2062 suut,
1119 1985 1178 2044 luaec
1195 1987 1343 2067 prasertim
1366 2001 1439 2063 sunt,
1457 1999 1610 2069 paupertas,

60 2079 170 2158 Ιἰριλων
189 2078 382 2157 ἀγνωμοσύνη,
396 2080 442 2137 καί
467 2079 557 2158 λιμδς,
571 2077 617 2138 καί
637 2080 733 2161 σαρκὸς
749 2080 840 2141 ὀδύναι
894 2076 1017 2152 morbus,
1042 2077 1163 2136 filiorum
1189 2077 1308 2153 amissio,
1342 2079 1463 2152 hostium
1485 2078 1610 2160 impetus,
1662 2068 1664 2072 ¹

60 2172 206 2244 διηνεκεῖς,
220 2170 265 2229 καί
278 2169 407 2251 λοιδορίαι
421 2170 467 2230 καί
489 2171 676 2250 συκοφαντίαι,
691 2172 737 2232 καί
749 2171 779 2231 τὸ
791 2171 839 2246 τὴν
894 2168 1044 2228 amicorum
1056 2168 1179 2247 ingratus
1189 2167 1305 2244 animus,
1319 2170 1411 2247 ίαιιισσ,
1420 2169 1542 2252 perpetui
1549 2189 1610 2230 cor·

61 2260 182 2339 πονηρὰν
196 2260 346 2334 κτήσασθαι
360 2261 665 2342 oceanicadentem
679 2263 786 2323 ἅπαντα
803 2267 840 2333 ιίς
857 2285 878 2332 ιν
893 2258 968 2341 poris
991 2257 1108 2333 dolores,
1135 2258 1269 2337 convicia,
1290 2261 1432 2320 calumnia
1453 2274 1479 2320 et
1504 2261 1612 2321 sinistra

61 2354 92 2412 ἓν
111 2353 219 2434 ἐξεχύθη
233 2359 328 2434 σῶμα,
340 2354 387 2414 καί
409 2364 471 2432 μιᾶς
494 2356 718 2428 οκατεσκιυύσθη
735 2361 839 2438 ψυχῆς·
894 2350 1075 2417 existimatio:
1088 2372 1149 2431 quae
1163 2352 1254 2412 omnia
1269 2351 1296 2414 in
1312 2373 1398 2411 unum
1406 2353 1595 2434 corpuseliusa
1603 2398 1613 2430 ,

61 2444 111 2505 καί
122 2446 153 2505 τὸ
165 2445 197 2517 δὴ
209 2444 408 2529 χαλεπύντερον,
420 2444 461 2505 ότι
474 2446 521 2507 καί
540 2446 697 2527 ἀμελετήτῳ
711 2447 768 2507 όντι
780 2447 841 2509 ἐπί·
894 2457 976 2522 atque
1004 2442 1133 2504 adversm
1152 2464 1236 2504 unam
1259 2443 1378 2504 animam
1409 2458 1510 2505 stmcta
1540 2459 1613 2522 sunt,

62 2544 134 2596 θετσ.
147 2536 185 2597 Ὅ
209 2537 237 2595 δὲ
255 2537 326 2616 λέγω
347 2538 464 2598 τοιοῦτόν
480 2541 597 2599 ἐστιν·δ
615 2542 646 2598 ἐκ
659 2540 780 2614 πινητων
798 2565 841 2601 τε-
895 2535 1109 2615 quodqueetiam
1120 2536 1230 2616 gravim
1246 2550 1296 2614 cst,
1324 2537 1505 2621 inopinantem
1518 2537 1612 2598 adorta

61 2629 154 2708 χθιίς,
168 2629 213 2688 καί
224 2633 250 2689 ἓν
258 2629 329 2711 οὶκίσγ
338 2629 447 2701 τοιαύτη
458 2631 576 2711 τραφείς,
586 2630 633 2691 ἅτε
642 2631 842 2711 γυμνασόμενος
895 2641 966 2686 runt.
977 2626 1059 2698 Quod
1073 2640 1163 2687 autem
1175 2627 1238 2688 dico
1251 2629 1291 2689 sic
1310 2627 1535 2709 intelligendum:
1556 2630 1611 2705 Qni

63 2722 112 2779 καὶ
124 2721 285 2799 μελετήσας,
301 2720 397 2803 ῥᾳδίως
420 2722 451 2780 ἂν
465 2722 570 2802 ἐνέγκαι
579 2726 627 2795 τῆς
637 2723 728 2793 πενίας
742 2723 773 2784 τὸ
788 2726 841 2805 βύ·
896 2720 1022 2781 tenuibus
1032 2721 1191 2803 parentibus
1203 2734 1279 2783 onus
1290 2736 1338 2797 πει,
1351 2723 1468 2802 atquein
1480 2723 1612 2805 ejusmodi

62 2836 124 2892 ρος·
141 2819 155 2873 δ
174 2811 201 2874 δὲ
215 2813 350 2882 τοσούτοις
368 2813 571 2895 περιρρεόμτνος
592 2813 715 2895 χρήμασι
729 2816 776 2876 καί
796 2840 841 2877 το·
893 2812 976 2872 domo
986 2810 1125 2891 educatus,
1138 2813 1304 2894 paupertatis
1313 2814 1465 2874 molestiam
1480 2815 1559 2875 facilc
1570 2829 1613 2877 tu·

63 2903 152 2983 σούτῳ
171 2903 277 2985 πλούτῳ
298 2908 398 2982 κομῶν,
415 2896 472 2964 εἶτα
497 2905 592 2988 ἀθρόον
612 2911 649 2975 εἰς
671 2907 703 2967 τὸ
723 2908 839 2970 ἐναντίω
893 2905 967 2978 lesit,
977 2918 1072 2987 utpote
1090 2926 1142 2965 usu
1162 2919 1189 2966 et
1208 2906 1401 2967 cousuetudine
1421 2907 1571 2986 exercitus,
1585 2924 1613 2969 at

64 2994 233 3074 μεταπεσὼν,
241 2999 289 3055 οὐκ
299 2995 330 3054 δν
342 2995 455 3063 εὐκόλως
464 2995 605 3076 ὑπομείναι
614 2996 664 3070 την
674 3000 839 3078 μεταθσλήν·
895 2998 941 3078 qui
955 3011 995 3058 tot
1017 2997 1139 3079 ρεοιιιιίἱσ
1163 2996 1336 3073 circumfluit,
1359 2999 1495 3078 tantisque
1514 2999 1613 3082 opilius

63 3088 111 3146 καί
126 3086 178 3168 γδρ
191 3087 351 3169 ἀγυμνάστῳ
361 3089 417 3148 όντι
428 3088 605 3169 χαλεπωτέρα
615 3090 736 3172 φαίνεται
748 3090 841 3175 ἀθρόον
893 3089 1024 3168 abundat,
1033 3111 1065 3149 ae
1073 3103 1164 3172 postea
1174 3089 1201 3150 in
1212 3091 1377 3150 contrarium
1385 3092 1610 3173 repentelabitur,

63 3184 263 3260 προσπεσοῦσα.
277 3179 364 3238 Παλιν
378 3185 393 3238 δ
406 3181 510 3259 ἄσημος
529 3182 576 3241 καί
591 3181 617 3251 ἐξ
633 3181 745 3261 ἀσήμων
764 3184 847 3265 γινό-’
893 3182 1051 3265 hujusmodi
1059 3182 1235 3243 mutationem
1246 3183 1321 3243 haud
1332 3184 1410 3244 lacile
1422 3184 1533 3245 tulerit:
1548 3206 1609 3246 uam

65 3272 258 3349 protomedia
273 3275 312 3351 τῷ
333 3272 459 3344 διηνεκῶς
473 3278 696 3354 καταφρονεῖσθαι
716 3278 783 3350 ζῶν,
793 3277 841 3336 οὐκ
858 3297 878 3346 a
894 3273 1046 3356 inexperto,
1070 3273 1117 3354 qui
1133 3288 1241 3356 repente
1253 3275 1281 3335 iu
1295 3297 1354 3335 eam
1367 3275 1473 3355 incidit,
1490 3277 1610 3339 acerbior

64 3362 97 3420 ἂν
112 3361 212 3443 σφόδρα
226 3362 422 3445 λοιδορούμενος
438 3365 483 3424 καί
494 3365 662 3444 θὸριζόμενος
676 3369 840 3450 ταραχθείη·
893 3365 1012 3427 videtur.
1031 3370 1072 3426 Ac
1087 3387 1214 3425 τυτοιιιιιι
1238 3366 1285 3447 qui
1307 3366 1434 3446 ignobilis
1447 3381 1497 3440 est,
1513 3368 1611 3428 obscu-

64 3454 122 3514 δδὲ
137 3454 269 3527 τοσαύτης
280 3453 432 3523 ἀπολαύσας
453 3456 544 3531 δόξης,
569 3457 620 3518 καθ
636 3460 711 3538 παρὰ
734 3461 840 3522 πάντων
893 3476 991 3534 rosque
1003 3469 1127 3537 parentes
1139 3455 1247 3530 babuit,
1258 3469 1341 3535 atque
1351 3457 1379 3516 iu
1393 3470 1524 3537 perpetuo
1546 3478 1610 3517 ron·

64 3545 297 3627 δορυφορούμενος,
318 3547 363 3606 καί
378 3551 405 3606 ἐν
425 3558 479 3616 τοῖς
498 3548 622 3609 ἁπάντων
644 3551 773 3628 στόμασιν
793 3553 840 3627 ὢν,
893 3559 977 3606 tantu
990 3546 1072 3623 vivit,
1094 3545 1117 3605 is
1128 3545 1280 3606 maledictis
1291 3560 1318 3605 et
1337 3546 1509 3606 contumeliis
1536 3548 1610 3608 haud

64 3639 111 3697 καί
127 3644 263 3719 πανταχοῦ
288 3640 356 3717 μετὰ
379 3641 480 3710 πολλῆς
503 3642 748 3720 σἰνακηρυττόμενσς
760 3667 840 3726 περς.
892 3637 1244 3697 admodumooamrbatur:
1257 3637 1305 3716 qui
1320 3651 1418 3714 autem,
1429 3659 1492 3698 cum
1509 3650 1610 3699 tautam

65 3731 189 3810 φανείας,
205 3733 241 3798 είς
266 3731 377 3810 ἀτιμίαν
400 3732 445 3791 καί
470 3733 603 3792 εὐτέλειαν
617 3736 796 3815 κατενεχθεὶς,
809 3738 841 3799 τὸ
892 3730 969 3813 prius
982 3730 1097 3810 gloriam
1112 3726 1254 3806 obtineret,
1269 3743 1295 3789 et
1314 3730 1349 3789 ab
1370 3731 1497 3791 omnibus
1524 3731 1609 3813 stipa·

65 3827 132 3883 αὐτο
119 3822 177 3882 δν
192 3823 321 3882 πάθοι
285 3847 323 3881 τω
337 3824 391 3884 θπδ
402 3822 529 3885 πλουσίου
541 3824 634 3907 ἀθροσν
646 3825 779 3908 γενομένω
788 3827 840 3888 πί-
893 3837 977 3899 retur,
1008 3836 1089 3901 atquc
1122 3821 1245 3881 omnium
1270 3843 1392 3882 sermone
1422 3823 1610 3899 celebraretur,

64 3938 135 3986 νητι.
157 3913 210 3974 Καί
231 3920 245 3974 θ
267 3917 365 3981 παῖδας
387 3915 531 3975 deredeldos
549 3917 640 3988 πάλιν,
651 3916 701 3975 κθν
722 3917 841 3988 ἅπαντας
849 3935 1042 4016 magnoque
1053 3935 1114 3973 cum
1124 3912 1477 3995 splendorcpraedrcaretur,
1486 3915 1610 3997 postearn

66 4003 209 4085 σἰποὸἄλῃ,
228 4004 310 4084 μὴίν
324 4005 362 4064 ίνί
376 4007 404 4066 δὲ
419 4010 523 4090 καιρῶ,
533 4007 593 4074 τους
605 4009 775 4088 λειπομένους
784 4009 847 4092 ίχει
857 4029 877 4075 Α
849 3974 1032 4067 ΜΖιὶιιθιιιιιίιιιιι
1046 4018 1245 4068 eteontemtum
1257 4006 1365 4081 cecidit,
1379 4006 1529 4067 littlcidem
1537 4007 1608 4087 quod

65 4121 120 4156 των
134 4097 301 4158 ἀπελθόντων
314 4098 497 4180 παραμυθίαν,
509 4099 608 4159 καί
575 4125 624 4176 της
639 4101 683 4161 ἐπὶ
707 4102 841 4186 προτέρων
891 4098 1242 4180 ei,qurexd1vnepanper
1255 4100 1367 4159 effectus
1384 4113 1435 4175 est,
1449 4100 1554 4160 accidat
1563 4122 1610 4160 ne-

66 4189 189 4260 τελευτης
210 4212 256 4247 του
239 4189 370 4257 ”eddom
392 4189 539 4264 λήξαντος,
560 4193 592 4251 ἂν
615 4198 632 4265 η
656 4217 704 4254 του
686 4194 841 4275 ”δευτίρσυ
892 4213 963 4253 cesse
972 4205 1020 4253 est.
1037 4191 1099 4252 Pari
1112 4190 1193 4251 modo
1206 4212 1254 4270 qut
1246 4191 1337 4252 liliis
1352 4193 1475 4271 orbatur,
1489 4194 1570 4253 οιῐαιιι
1588 4193 1610 4253 si

66 4278 245 4358 προσγένηται
259 4282 328 4359 μετδ
343 4282 447 4363 χρόνον,
457 4291 536 4343 τοῦτο
548 4287 620 4364 αὐτῷ
632 4286 841 4369 προσηνέστερον
891 4305 983 4344 omnes
995 4284 1112 4356 amittat,
1123 4283 1190 4343 dum
1202 4297 1290 4343 tamen
1304 4303 1357 4344 nou
1369 4284 1463 4343 εσᾶσιιι
1479 4298 1611 4365 tempore,

66 4372 169 4450 γίνεται
185 4372 320 4442 τδπύθος·
332 4380 362 4434 οθ
371 4375 423 4457 γὰρ
433 4380 519 4457 νεαρῷ
533 4377 595 4436 ὄντι
601 4376 689 4437 ἔπεισι
701 4381 740 4458 τῷ
753 4376 840 4450 ἐλκιι,
891 4377 1004 4453 luctum,
1014 4397 1097 4456 quem
1107 4374 1144 4436 ex
1155 4377 1188 4436 iis
1204 4376 1252 4456 qui
1265 4389 1377 4436 mortem
1392 4377 1515 4435 obierunt
1528 4377 1618 4458 capit,

67 4461 138 4521 ἀλλὰ
152 4464 305 4541 κοιμηθέντι
315 4466 367 4538 ἤδη
381 4467 428 4526 καί
443 4466 629 4547 ἀφανισθέντι,
642 4467 709 4550 ὅπερ
721 4471 769 4529 σθκ
782 4467 839 4528 δλί-
893 4469 1059 4548 reliquorum
1073 4468 1169 4529 solatio
1183 4469 1276 4529 levat:
1300 4491 1332 4528 uc
1342 4468 1434 4528 sedato
1443 4490 1474 4528 eo
1486 4490 1608 4544 moerore,

67 4577 114 4630 γον
125 4553 300 4632 ὑποτέμνεται
312 4563 359 4630 τῆς
370 4558 471 4630 ὀδύνης
483 4553 568 4629 Οὗτος
578 4559 661 4619 δί
616 4560 661 4620 όλ
662 4563 760 4641 κληρσιι
769 4564 843 4643 αὐτῷ
893 4582 973 4639 quem
996 4560 1118 4642 priomm
1145 4560 1269 4619 interitus
1290 4559 1390 4634 attulit,
1415 4560 1438 4618 si
1469 4561 1610 4641 interjecto

67 4645 114 4702 τὸν
128 4644 208 4756 χορὸν
229 4636 294 4706 εἶδεν
313 4651 341 4707 ἐν
363 4659 413 4729 μνᾶ
427 4651 628 4733 ἀναρπασθέντα
649 4658 741 4734 καιροῦ
760 4657 842 4733 ῥοπῇ,
893 4654 986 4732 aliquo
997 4665 1116 4733 tempore
1130 4651 1245 4710 alterurn
1258 4651 1337 4713 evita
1351 4651 1489 4712 discedere
1506 4653 1610 4713 contin-

68 4735 116 4794 καί
130 4737 220 4849 τρόπῳ
232 4741 385 4821 πικροτάτῳ
405 4744 539 4815 τελευτῆς.
551 4743 606 4804 Καὶ
625 4742 677 4826 γὰρ
696 4744 742 4804 καὶ
759 4743 843 4824 βίαιος
895 4741 1436 4825 gaemitioreihaecealamitasredditnr:
1429 4745 1611 4823 :nequeenim

69 4852 116 4886 και
136 4823 424 4908 remotissimis,
439 4833 484 4892 καί
499 4835 617 4916 θκαιρδς
632 4835 660 4895 δί
672 4835 720 4894 καί
736 4835 796 4896 θτό
765 4859 844 4905 τπσς
896 4850 993 4895 recenti
987 4835 1097 4894 adhuc
1110 4832 1216 4894 vulneri
1226 4833 1390 4914 supcrvenit,
1402 4854 1499 4895 verum
1509 4834 1611 4911 sedato,

68 4944 98 4978 ου
85 4919 212 5001 μικρίιν
227 4919 368 4987 ἐποίει
333 4947 371 5004 τῳ
389 4924 478 4985 πένθει
499 4926 671 5007 προσθήκην·
692 4927 738 4988 καί
751 4927 804 5008 γὰρ
817 4931 844 4987 ἐν
862 4951 881 4997 ιι
896 4949 928 4987 ac
939 4926 975 4986 dc
984 4926 1073 4986 medio
1079 4924 1195 5001 sublato,
1207 4921 1281 5002 quod
1292 4923 1400 5002 quidem
1412 4946 1465 4986 non
1474 4948 1570 5007 parurn
1577 4925 1613 4988 de

70 5011 129 5093 ὥρα
144 5012 406 5127 supramemoratis
422 5018 536 5102 σίκίρτη
551 5044 605 5087 τοις
616 5018 695 5089 ξίνοις
709 5021 845 5100 οἰνεωγμί-
897 5017 1131 5080 dolotcdctrahit.
1147 5019 1183 5077 At
1193 5030 1284 5077 contra
1305 5016 1351 5076 luc
1363 5039 1521 5081 universum
1542 5019 1613 5080 lilio·

69 5127 119 5181 νη,
134 5104 224 5162 καί
190 5127 271 5184 ταρος
284 5108 372 5174 αὐτοῖς
391 5111 405 5166 ὁ
427 5100 497 5176 οἶκος
508 5111 618 5191 ἐγίνετο
629 5113 696 5174 Τι
677 5139 709 5173 αν
723 5137 763 5182 τις
776 5114 844 5183 είπσι
899 5134 959 5172 rum
974 5113 1152 5172 chorumuno
1173 5108 1300 5191 temporis
1320 5124 1430 5190 puncto,
1454 5112 1613 5190 etquidem

109 5287 121 5327 b
140 5287 234 5338 Unus
222 5295 316 5357 pilon
279 5299 379 5357 ναῖγνωμ
383 5297 465 5348 critar-
894 5298 978 5350 Duo
991 5300 1163 5354 τικτιεκιυατθηι
1178 5291 1224 5343 Edi
1228 5303 1246 5343 t.
1260 5316 1303 5346 κατ
1304 5297 1423 5348 ισκιῑόσθν
