3810 6000
254 559 328 644 540
573 581 602 627 s.
630 580 770 627 ioannis
796 578 978 626 cnnrsosr.
1008 578 1163 626 ancrnur.
1192 577 1461 625 consranrrn'or.

250 702 348 762 certius
361 723 393 762 ae
406 701 505 761 clarius
516 702 665 762 doctrinam
676 716 792 762 nostram
807 701 971 783 approbare-
1024 700 1186 773 ποιήσασθαι
1205 699 1254 772 τὴν
1275 699 1417 772 ἀπόδειξιν,
1433 704 1500 778 ὁμοῦ
1523 701 1551 762 dl
1576 701 1624 768 τθς
1642 702 1797 780 θλιῦορίνας

250 815 320 866 mus,
330 793 465 870 simulque
473 792 635 852 afflictorum
646 795 749 852 animas
759 792 969 866 consolaremur,
986 811 1006 856 n
1024 791 1211 871 παρακαλέσαι
1229 791 1332 872 ψνχδις,
1346 792 1380 850 ἵν’
1397 791 1508 860 ἕκαστος
1523 796 1578 851 τῶν
1592 797 1620 853 ἐν
1641 804 1793 874 πειρασμακ

252 898 281 942 nt
294 900 426 964 quotquot
440 885 466 944 in
479 885 607 965 periculis
620 900 761 944 versantur
772 898 798 944 et
810 884 968 944 tentationi·
1024 884 1104 942 ὄντων
1113 882 1158 943 καί
1166 884 1294 951 κινδύνοις
1303 881 1396 953 ἱκανὴν
1406 883 1495 943 λαθὼν
1503 883 1678 965 παραμυθίαν
1686 884 1790 963 άπιλθη,

249 978 318 1054 lius,
345 978 469 1036 idoneam
490 978 561 1036 nacti
582 979 789 1038 consolationem
813 976 969 1051 discedant,
1024 974 1115 1053 μαθὼν
1132 974 1173 1036 δτι
1185 973 1294 1034 Παύλου
1310 974 1432 1042 κοινωνδς
1447 975 1490 1034 διὰ
1503 979 1557 1035 τῶν
1569 977 1736 1053 παθημάτων
1749 974 1788 1055 γί·

250 1070 361 1128 scientes
369 1069 444 1147 qnod
455 1068 607 1129 sociiPauli
618 1091 666 1150 per
680 1071 728 1129 has
736 1068 893 1128 afflictiones
904 1068 968 1126 effi·
1023 1089 1112 1138 νετοι,
1138 1069 1237 1144 μᾶλλον
1252 1064 1285 1151 Ιδί
1306 1073 1352 1125 τοῦ
1371 1069 1424 1125 τῶν
1441 1065 1562 1146 ἀγγέλων
1579 1066 1716 1127 eamden
1726 1068 1788 1147 Χρι-

250 1161 372 1237 ciantur,
389 1160 443 1218 imo
456 1182 521 1219 vero
534 1161 619 1241 ipsius
631 1161 732 1219 Christi
744 1160 901 1239 angelorum
911 1160 966 1218 ])ο·
1023 1165 1101 1217 στοῦ·
1116 1161 1248 1217 κοινωνῶν
1263 1159 1291 1217 δὲ
1308 1159 1388 1217 αὐτοῦ
1404 1161 1457 1217 τῶν
1480 1159 1652 1235 παθημάτων
1667 1160 1786 1231 ἐνταῦθα,

250 1252 317 1311 mini
333 1252 398 1329 :qui
414 1265 502 1310 autem
516 1252 693 1310 afflictionum
707 1253 765 1331 ejus
779 1250 911 1331 particeps
929 1263 968 1309 est
1022 1251 1175 1321 κοινωνήσει
1188 1252 1237 1319 τῆς
1250 1249 1326 1320 δόξης
1339 1253 1407 1309 ἐκεῖ·
1428 1249 1513 1329 Εῐπερ
1534 1248 1605 1329 γὰρ,
1626 1249 1706 1329 φησί,
1723 1273 1780 1325 ουρ·

250 1343 277 1402 in
288 1344 339 1402 hoc
350 1342 458 1414 saeeulo,
470 1343 498 1400 iu
509 1342 557 1400 illo
565 1342 845 1423 particepscritetiam
855 1340 966 1419 gloriae3
1022 1341 1171 1419 πάσχομεν,
1192 1340 1235 1398 ἵνα
1260 1340 1306 1400 καί
1322 1339 1550 1417 συνδοξασθῶμεν·
1577 1340 1624 1399 καλ
1646 1340 1737 1399 πάλιν·
1754 1340 1781 1399 iil

100 1459 167 1504 nom.
176 1458 240 1518 0³7,
252 1435 290 1494 ait
298 1435 370 1493 enim
381 1458 387 1490 ε
398 1434 429 1493 Si
437 1435 553 1514 quidem
561 1437 765 1511 compotimur,
776 1445 808 1490 ut
817 1445 845 1490 et
851 1432 968 1510 conglo·
1022 1431 1195 1510 ὑπομένομεν,
1217 1431 1260 1492 ίνα
1279 1433 1324 1492 καί
1337 1431 1722 1512 σομθασιλειίοωρεν..Ἆνάγκη
1738 1431 1783 1510 γίρ

101 1566 123 1597 2,
139 1551 199 1596 Tim.
218 1563 241 1597 ρ,
253 1527 451 1608 rificemnr;ac
462 1544 570 1582 rursum
585 1524 634 1583 :Si
642 1528 826 1594 sustinemus,
838 1521 970 1580 insimul
1021 1524 1066 1583 τὸν
1082 1524 1174 1583 πιστὸν
1195 1524 1330 1584 attornet
1341 1523 1462 1591 πάντως·
1478 1523 1582 1589 Πάντες
1598 1522 1653 1604 γάρ
1665 1526 1689 1582 ol
1702 1525 1780 1582 θέλοι-

104 1626 139 1658 ¹²·
251 1623 340 1677 etiam
354 1636 512 1697 regnemus.
527 1615 646 1674 Omnino
667 1616 738 1674 enim
760 1626 922 1689 neocsseest,
938 1625 969 1671 ut
1021 1618 1125 1693 τεςξῇν
1144 1614 1299 1682 εὐσεὸῶςέν
1315 1609 1778 1695 Χριστῷ,διωχθήοοντιιι·ιιαλπί-

100 1741 124 1771 2.
143 1727 229 1773 triens
251 1708 374 1767 fidelium
387 1728 471 1788 genus
484 1706 676 1765 afflictionibus
686 1719 824 1787 prematur
839 1730 845 1761 ι
861 1707 968 1764 Omnes
985 1719 1003 1765 e
1022 1707 1077 1765 λιν·
1100 1706 1211 1775 Τέκνον,
1237 1709 1260 1765 εί
1282 1705 1419 1787 προσέρχῃ
1445 1703 1575 1765 δουλεύειν
1597 1703 1698 1784 Κυρίῳ,
1718 1701 1777 1762 tot-

104 1803 139 1832 ¹²·
250 1799 965 1879 enimpuinoluntpieinClrristovivere,perse·
1022 1820 1107 1874 μασον
1129 1796 1177 1869 vla
1197 1797 1285 1877 θαι-χήν
1307 1819 1353 1855 σου
1376 1799 1414 1863 είς
1438 1796 1598 1875 πειρααμδν,
1621 1796 1722 1855 εὔθυνον
1742 1791 1783 1852 καί

99 1902 205 1947 tte-etna.
219 1895 421 1970 intentionem
443 1893 613 1970 patientur;
626 1909 657 1947 ac
668 1909 795 1947 rursum:
811 1887 883 1962 Fili,
897 1887 966 1944 dum
1022 1890 1194 1969 καρτέρησον.
1217 1889 1304 1948 Kelol
1317 1893 1344 1948 αί
1358 1886 1513 1968 ἐπαγγελίαι
1535 1889 1566 1947 ἐκ
1587 1885 1777 1968 προοιμίωνθι

251 1984 366 2043 accedis
393 1983 435 2040 ad
454 1982 636 2040 serviendum
661 1981 805 2053 Domino,
831 1999 966 2058 praepara
1022 1980 1184 2061 πειρασμοθς
1201 1984 1341 2056 ἐμπεσεῖν·
1365 1981 1467 2058 μεγάλη
1487 1976 1625 2060 προτροπὴ
1645 1977 1779 2058 καίπαρί·

251 2078 383 2132 animam
397 2089 477 2131 tunm
491 2074 731 2131 adnotationem
741 2095 754 2140 ,·
767 2083 845 2130 recte
854 2072 967 2149 soc,et
1022 2075 1116 2146 κλησις
1134 2071 1244 2152 ἐναργὴς
1259 2075 1307 2143 ἰἥς
1327 2070 1445 2138 δουλείας
1467 2070 1594 2130 κινδύνων
1616 2070 1707 2136 εὐθέως
1721 2072 1780 2129 ἀπο·

247 2163 707 2244 persevera.Bellaepromissiones,
717 2160 968 2222 statimabetordio
1022 2166 1175 2245 γεύσασθαι.
1188 2164 1309 2242 Μεγίστη
1324 2161 1371 2240 μὲν
1388 2152 1433 2221 οὖν
1443 2162 1489 2221 καὶ
1500 2160 1653 2240 θαυμασία,
1672 2158 1776 2240 κολοιάρ-

250 2255 448 2315 intentationes
461 2253 597 2315 incidere!
612 2254 718 2333 egregia
737 2274 800 2313 vero
814 2250 966 2311 exhortatio
1023 2258 1066 2323 δοι
1084 2256 1182 2336 ἔχουσα
1199 2253 1331 2333 μέγιστον.
1346 2251 1570 2323 Ποῖονδίτοῦτοι
1593 2250 1715 2310 Ἄκουσον
1735 2254 1780 2317 οἶν

251 2361 275 2406 et
302 2346 416 2426 insignis
429 2347 575 2406 consolatio
591 2346 649 2426 ejus
669 2345 828 2421 servitutis,
848 2342 969 2425 pericula
1022 2348 1096 2419 ίξῆς·
1109 2346 1219 2427 Ὥσπερ
1231 2345 1283 2428 γδρ
1292 2347 1320 2403 lv
1333 2344 1397 2424 πυρί
1409 2343 1579 2421 δοκιμάζεται
1591 2341 1700 2422 χρυσὸς,
1709 2339 1777 2408 elue

251 2438 389 2498 confestim
404 2438 546 2517 degustare
558 2437 565 2500 l
578 2437 661 2496 Plane
670 2436 776 2516 egregia
796 2434 910 2494 simulet
919 2433 969 2492 ad·
1024 2442 1156 2520 ἄνθρωποι
1177 2436 1264 2497 δεκτοὶ
1280 2440 1306 2496 ἐν
1327 2435 1432 2516 καμίνῳ
1444 2433 1638 2500 ταπεινώσεως.
1652 2431 1690 2493 Ὃ
1703 2431 1728 2492 ll
1742 2430 1775 2491 li·

252 2529 394 2604 miranda,
407 2542 432 2587 et
446 2529 597 2587 maximum
607 2528 714 2587 lucrum
726 2527 849 2585 afferens.
873 2523 969 2599 Quod·
1024 2557 1064 2612 γιι
1076 2530 1193 2590 τοιοῦτον
1202 2533 1291 2589 ἐστιν·
1305 2527 1396 2609 ὥσπερ
1409 2526 1440 2587 τὸ
1458 2527 1568 2608 χρυσίον
1579 2530 1619 2605 τῷ
1633 2524 1696 2605 πυρί
1707 2528 1778 2603 βασα·

99 2619 419 2687 r.·011,2,5.namillud?
441 2619 749 2698 Audiqnaescquuntur
765 2642 772 2674 :
789 2618 868 2677 Sicut
891 2620 969 2675 enim
1024 2622 1157 2701 νιζόμιοον
1171 2618 1353 2697 καθαρώτερον
1370 2618 1490 2698 γίνεται,
1507 2616 1577 2676 οὕτω
1599 2615 1646 2676 καὶ
1665 2619 1683 2687 ἡ
1699 2612 1776 2696 papi,
1817 2664 1820 2691 2

251 2713 283 2766 in
297 2713 363 2788 igne
375 2711 703 2787 probaturaurum‚sio
717 2708 1141 2806 lrooaiuesoceeptimpttpm„
1169 2717 1298 2793 ιἰμιλοῦαα
1324 2712 1369 2772 χαλ
1400 2710 1541 2782 κινδύνοις,
1566 2706 1721 2790 ραιδροοίρα
1739 2704 1777 2765 ut-
1817 2700 1820 2763 ῗ

183 2803 186 2810 “
252 2805 284 2857 in
293 2803 425 2881 sornooe
448 2803 629 2858 tentationis.
654 2797 735 2873 Quod
750 2810 839 2856 autem
851 2796 920 2855 dicit
932 2796 971 2854 sie
988 2822 1008 2867 ι
1023 2806 1196 2887 λαμπροτέρα
1210 2806 1309 2876 ἄοιιαι,
1331 2803 1377 2862 οιαὶ
1394 2812 1483 2862 πᾶσαν
1497 2799 1697 2880 ἁμαρτημάτων
1709 2798 1773 2875 ἀπορ-

251 2891 365 2971 accipe:
383 2891 452 2948 sient
471 2912 568 2948 aurum
591 2891 654 2968 igne
672 2889 856 2948 examinatum
876 2888 971 2968 purins
1026 2898 1130 2978 ρῐριιαι
1144 2898 1248 2967 κηλῖδα,
1266 2894 1346 2954 Ὅθεν
1360 2893 1406 2952 καί
1424 2893 1489 2972 αρὀι
1509 2892 1554 2950 τὸν
1574 2890 1697 2950 πλούσιον
1715 2887 1774 2962 too

252 2980 391 3057 redditur,
405 2981 465 3062 pari
482 2981 652 3040 modoetiam
665 2981 754 3040 anima
763 3001 841 3058 ,qna
852 2980 921 3038 inter
931 2979 970 3037 al·
1024 2996 1039 3050 ὁ
1053 2989 1174 3070 Ἀθριιθιμ
1182 3035 1191 3063 ,
1208 2989 1249 3049 ὅτι
1265 2987 1385 3064 Λάζαρος
1400 2983 1518 3043 ἀπίλαὸι
1532 2982 1566 3042 τὰ
1580 2982 1669 3055 κακὰ,
1688 2979 1728 3039 καὶ
1740 2979 1773 3035 lr-

253 3072 383 3131 llictioues
397 3085 558 3131 versaturac
569 3072 700 3152 pericula,
711 3071 825 3130 hilarior
836 3092 867 3130 ac
882 3071 971 3151 splen·
1025 3081 1319 3162 ιιιῦθαιιαροιιιαλιῑται.
1337 3076 1391 3136 Καὶ
1401 3078 1507 3140 Παῦλος
1518 3071 1665 3153 Κορινθίοις
1675 3066 1773 3131 tanit-

252 3163 344 3222 ‹lidior
358 3185 405 3243 per
429 3162 475 3221 illa
500 3162 593 3221 eradit
607 3207 615 3236 ‚
628 3183 788 3240 omnemque
802 3176 972 3242 peccatorum
1024 3178 1076 3233 λιι,
1096 3174 1192 3254 ἕρριιρι
1204 3195 1211 3207 ·
1225 3168 1279 3228 Λιλι
1297 3175 1374 3228 αοθοο
1386 3171 1412 3225 ἐν
1426 3171 1489 3243 ὑμῖν
1502 3164 1598 3224 πολλοὶ
1612 3167 1722 3226 ἀσθενεῖς
1737 3156 1780 3216 κοί

253 3255 386 3313 maculam
397 3254 536 3332 abstergit.
552 3254 667 3312 Hincest
677 3253 749 3332 qnod
760 3252 794 3311 ad
808 3252 920 3311 divitem
933 3253 971 3311 il·
1024 3265 1163 3346 ἄῤῥιισιοι,
1183 3265 1216 3322 Εἰ
1230 3260 1282 3341 γὰρ
1296 3257 1403 3323 ἑαυτοὺς
1420 3257 1566 3336 ἐκρίναμεν,
1586 3259 1633 3314 οὐκ
1648 3252 1678 3311 θν
1691 3247 1771 3330 depol

100 3345 310 3404 loenensium
323 3341 430 3403 dicebat
444 3344 580 3403 Abraham
595 3368 601 3400 ι
617 3347 750 3404 Lozorns
768 3349 874 3423 recepit
890 3344 972 3402 malo
1025 3362 1108 3434 μιθα-
1130 3354 1277 3434 ιιριιόμιιοι
1300 3350 1327 3410 δὲ
1347 3350 1398 3409 θιιο
1412 3347 1512 3427 Καρίου
1535 3344 1723 3422 ααιδιυόμαθα,
1740 3338 1777 3396 lec

253 3457 308 3495 sna
334 3459 343 3493 .·
367 3438 414 3494 tte
436 3448 534 3494 autem
549 3436 780 3494 consolationem
804 3437 916 3513 recipit.
933 3439 971 3493 Ac
1025 3447 1063 3525 μὴ
1079 3446 1125 3505 αθιι
1149 3449 1188 3503 eff,
1212 3442 1305 3523 χόομορ
1327 3441 1538 3518 κατακριθῶμεν.
1562 3435 1617 3495 Καὶ
1635 3436 1680 3495 τὸν
1694 3453 1772 3508 omap-

105 3560 124 3589 ι.
138 3545 192 3590 cor.
206 3558 242 3590 ιι.
254 3527 355 3586 Paulus
369 3526 517 3585 Corinthiis
532 3526 651 3585 scribens
670 3525 738 3584 dicit
754 3551 762 3584 ε
781 3529 905 3605 Propter
916 3528 971 3584 ltoc
1023 3534 1134 3594 ιιιοιιόια
1148 3506 1180 3594 δὲ’
1191 3537 1223 3592 δι’
1244 3533 1307 3591 αὐτὸ
1320 3537 1397 3590 τοῦτο
1412 3526 1565 3607 παρέδωκεν
1580 3529 1616 3592 εἰς
1629 3525 1728 3603 ὄλιθρον
1738 3522 1777 3589 tis

100 3606 213 3656 ³⁰··³²·
253 3626 331 3679 inter
340 3640 395 3678 aros
407 3618 492 3677 multi
510 3620 669 3677 imbecilles
678 3631 707 3676 et
716 3619 857 3689 invalidi,
869 3630 896 3676 et
906 3619 971 3674 dor·
1025 3626 1121 3706 οιιριιος
1133 3672 1141 3700 ,
1152 3624 1195 3685 ἵνα
1208 3625 1238 3683 αθ
1251 3628 1357 3700 ποιῦμα
1375 3625 1461 3698 σωθῇ·
1484 3615 1586 3684 δεικνὺς
1605 3614 1648 3676 ὅτι
1663 3610 1779 3692 σωτηρία·

254 3716 349 3770 miunt
369 3711 462 3771 multi.
477 3712 594 3769 Etenim
611 3713 637 3768 si
656 3731 709 3769 nos
729 3714 806 3789 ipsos
826 3710 972 3790 dijudico·
1025 3717 1141 3798 ὁοαρθιι
1161 3715 1298 3796 ἐργάζιοαι
1320 3711 1485 3791 πειρασμὸς,
1499 3708 1545 3768 καί
1568 3711 1594 3768 οἱ
1614 3706 1776 3767 stennon

252 3825 361 3878 remus,
375 3824 435 3860 non
450 3805 555 3882 utique
559 3803 783 3881 judicaremur:
799 3815 830 3860 at
843 3822 910 3860 cnm
919 3805 971 3881 J'n·
989 3811 1007 3858 B
1026 3811 1083 3887 μετ’
1101 3806 1267 3887 εὐχαριστίας
1283 3802 1376 3870 αὐτοὺς
1400 3801 1522 3881 φέρουσι,
1544 3797 1689 3877 καθάρσιον
1707 3793 1782 3874 ψεχθο

252 3899 422 3971 dicamrtr‚o
436 3897 561 3953 Domino
572 3899 755 3975 corripimur,
767 3916 803 3952 ne
812 3915 879 3953 cum
889 3916 973 3954 mun·
1026 3902 1077 3959 εἰσι
1089 3899 1221 3976 μέγιστον.
1236 3895 1300 3955 Ὅτι
1315 3894 1363 3971 μὲν
1382 3883 1426 3952 οθν
1444 3888 1581 3950 ἐθλίίοντο
1592 3892 1617 3946 ot
1632 3885 1730 3953 πιστοί,
1742 3879 1779 3942 ml

253 3989 291 4044 do
319 3988 501 4044 damnemur.
525 3984 600 4058 Quin
632 4000 657 4044 et
683 3986 872 4046 fornicatorem
893 3986 972 4045 illum
1028 3991 1110 4070 μυρία
1132 3989 1248 4068 ἔπασχον
1268 3984 1340 4044 δεινδι
1362 3983 1407 4043 καί
1432 3980 1550 4059 μαθηταί
1574 3978 1620 4038 καὶ
1646 3974 1780 4036 διδάσκαλοι

120 4101 242 4150 ‚coppo
254 4077 305 4136 liae
326 4075 361 4133 de
385 4097 464 4134 rausa
488 4074 600 4132 tradidit
621 4076 648 4133 in
663 4076 799 4135 interitum
821 4077 927 4146 carun,
943 4090 972 4135 ut
1027 4083 1073 4143 καὶ
1088 4081 1146 4140 οὐδὲ
1158 4080 1252 4160 μικρὸν
1272 4075 1406 4148 ἀνέπνεον,
1421 4072 1551 4138 ποικιλοις
1568 4071 1624 4130 τισὶ
1642 4068 1688 4128 καὶ
1699 4085 1779 4126 m·

255 4167 366 4248 spiritus
380 4167 472 4225 salvus
486 4166 559 4224 iteret
574 4210 582 4241 ,
599 4165 738 4225 ostendens
750 4169 873 4246 praesenti
883 4181 972 4226 tenta·
1027 4176 1119 4241 δαποῐι
1129 4173 1255 4231 πάντοθεν
1268 4163 1524 4247 περιεστοιχισμένοι
1542 4161 1684 4239 πολέμοις,
1701 4157 1778 4219 lestis

256 4262 328 4318 tione
340 4257 454 4317 salutem
468 4255 578 4337 perlici,
597 4269 624 4314 et
647 4256 765 4338 pericula
780 4257 832 4335 iis,
850 4258 895 4336 qui
910 4279 972 4318 cum
1027 4271 1041 4325 θ
1058 4264 1135 4344 λόγος
1154 4260 1287 4330 ἀπέδειξε,
1306 4258 1352 4318 καί
1372 4258 1457 4315 πλείω
1475 4256 1503 4313 δέ
1519 4258 1573 4312 τῶν
1586 4251 1779 4331 είρημίνωντθῐί

255 4351 403 4432 gratiarum
414 4349 518 4408 actione
527 4349 642 4407 subeunt
658 4349 716 4419 illa,
728 4351 823 4409 animae
833 4351 973 4431 purgatio·
1028 4355 1176 4437 ριλοπόνοις
1187 4353 1287 4421 ἔξεστιν
1301 4346 1477 4416 ἀναλέξασθαι
1489 4349 1519 4406 ἐκ
1528 4349 1582 4404 τῶν
1591 4343 1669 4426 θείων
1678 4339 1778 4421 Γροθῖθ·

257 4467 318 4504 nem
342 4464 398 4503 esse
419 4441 577 4500 maximam.
603 4443 697 4519 ltaque
719 4442 791 4521 quod
815 4443 973 4500 afflictiones

256 4536 416 4617 pertulerint
426 4532 534 4609 fideles,
545 4546 571 4591 et
581 4533 734 4592 innumeras
743 4533 907 4592 calamitates
918 4547 973 4592 tam

258 4626 385 4709 discipuli
399 4646 480 4705 quam
488 4624 620 4701 doctores,
630 4646 660 4683 ac
670 4646 703 4684 ne
712 4624 854 4683 minimum
862 4623 973 4703 quidem

259 4717 469 4799 respiraverim,
488 4715 573 4774 variis
594 4716 715 4774 omnium
741 4736 869 4795 generum
895 4715 975 4774 bellis

259 4809 378 4887 undique
394 4804 568 4879 circumdati,
585 4805 650 4864 satis
663 4805 708 4864 hic
724 4819 813 4866 noster
826 4827 914 4866 sermo
927 4804 974 4864 de·
1809 4788 1820 4889 l

259 4900 389 4973 claravit,
401 4911 427 4956 et
439 4898 515 4978 plura
530 4895 611 4954 etiam
623 4894 658 4954 de
676 4896 729 4955 hoc
747 4917 761 4955 c
779 4896 862 4955 sacris
878 4894 976 4954 Literis
1818 4898 1820 4907 ¹

260 4990 374 5050 studiosi
386 4988 513 5067 colligere
527 4998 648 5066 possunt.
1810 4946 1820 4987 '⁵

301 5081 329 5139 8.
344 5081 471 5160 Superest
490 5090 520 5135 nt
540 5075 597 5135 hac
617 5075 651 5134 ad
665 5076 833 5157 propositum
855 5089 977 5135 nostrum
1072 5075 1169 5135 Λοιπὸν
1192 5071 1219 5132 δὲ
1239 5070 1282 5131 ἐπί
1301 5071 1332 5130 τὸ
1350 5066 1523 5147 προκείμενον
1540 5065 1587 5124 τὸν
1606 5063 1683 5141 λόγον
1697 5056 1778 5137 altit*

262 5170 436 5228 adducamus.
445 5165 519 5241 Quid
529 5180 620 5226 autem
631 5188 856 5248 proposueramus
866 5165 979 5226 dicere?
1032 5192 1090 5247 μιν.
1111 5168 1147 5226 Τί
1166 5166 1193 5226 δὲ
1215 5165 1245 5224 τδ
1266 5161 1437 5242 προκείμενον
1457 5151 1490 5230 ἦν
1512 5160 1613 5228 είπεῑν;
1626 5150 1780 5256 Τίνοεθΰῆ

264 5260 453 5333 Qnadccausa
462 5257 980 5330 Paulusdixen't‚[labenteseumdem
1032 5251 1104 5318 εἶπεν
1116 5262 1130 5315 ὁ
1143 5259 1266 5329 Παῦλος,
1280 5254 1408 5332 Ἔχοντες
1427 5252 1538 5326 Πνεῦμα
1559 5240 1782 5333 nomenato

252 5354 392 5433 Spiritum
402 5350 483 5430 fidei.
497 5350 554 5409 Cur
566 5350 652 5430 igitur
661 5349 754 5409 dixit?
765 5350 910 5412 anbabat
923 5350 1003 5412 boec
1023 5350 1103 5416 Τίνος
1116 5340 1158 5409 οὖν
1173 5348 1260 5406 ίνεκεν
1277 5336 1362 5418 einen
1376 5340 1514 5421 Ἐθορθθει
1531 5345 1610 5401 τοῦτο
1631 5338 1693 5405 ,νὼς
1711 5335 1782 5413 μῦθθ·
