3764 5992
105 465 150 513 20
430 461 460 510 Β.
487 460 628 510 toauurs
653 456 845 517 CHRYSQST·;
863 456 1023 509 tuumne.
1048 456 1320 513 uousrturtuou.

102 607 236 668 quamue,
258 586 306 647 sed
326 585 400 666 quod
424 585 623 668 improbitatem
647 605 813 645 aversemur.
870 582 960 669 ίατρδς
970 583 1063 665 τέμνει
1072 584 1105 647 rb
1113 582 1206 662 έλκσς,
1215 590 1246 648 οὗ
1257 592 1298 671 τῷ
1309 592 1427 648 nomm
1447 588 1556 666 σώματι
1569 591 1641 649 πολε·

102 678 328 758 Quandoquidem
343 678 463 738 modieus
477 677 558 737 etiam
568 690 639 736 secat
655 676 747 752 ulcus,
762 696 817 735 ιιοιι
871 680 938 755 ρῶν,
962 676 1079 757 άλλθτῇ
1106 677 1175 760 νάσῳ
1198 679 1244 739 καθ
1265 684 1304 757 τῷ
1325 678 1461 760 τρισώματι
1485 679 1641 760 perdurent.

102 770 176 849 quod
187 791 259 850 aegro
270 771 304 831 sit
316 769 491 843 infestus,sed
503 768 577 848 quod
586 769 711 829 morbum
719 781 746 827 et
755 767 819 828 vul·
870 767 944 849 Φέρε
958 766 1007 843 δὴ,
1023 768 1139 851 σήμερον
1154 769 1248 851 μικρθν
1267 772 1382 851 διδῶμεν
1396 772 1498 846 αὐτοῖς,
1509 771 1582 831 ὥστε
1603 777 1644 833 et·

102 883 153 922 nus
165 877 310 944 oppugnet.
328 867 384 942 Age
395 861 539 943 paululum
551 861 649 941 quietis
665 861 748 920 hodie
765 861 817 920 de-
869 859 932 928 τοὺς
942 859 996 920 atet
1015 864 1063 934 τῆς
1075 861 1169 935 ὀδύνης
1190 867 1371 938 ἀναπνεῦσαι,
1395 863 1440 923 καλ
1472 863 1510 942 μὴ
1534 868 1644 944 συνεχῶς

102 975 163 1014 mus
181 954 258 1035 ipsis,
275 969 306 1013 ut
319 955 437 1014 adolere
452 952 553 1033 possint
571 952 718 1033 respirare,
733 973 818 1033 neque
871 951 1069 1029 πληττομίνιως
1082 955 1334 1033 θπσσκιρτῆσαιτῆς
1344 953 1496 1034 θεραπείας.
1508 953 1591 1015 otta
1602 955 1643 1014 καὶ

101 1046 253 1123 frequenter
265 1045 313 1105 icti
329 1043 487 1104 amedicina
505 1043 634 1103 resiliant.
655 1045 696 1102 Ita
716 1043 819 1104 samunt
872 1042 957 1124 ἰατροὶ
969 1049 1090 1104 ποιοῦσι·
1105 1041 1174 1122 μετὰ
1195 1044 1244 1112 τθς
1261 1044 1346 1124 τομδς
1364 1044 1552 1127 ἐμπλάστρως
1567 1049 1643 1106 ἐπιτι-

100 1148 127 1194 οι
139 1135 237 1194 mediei
247 1158 254 1192 ι
265 1137 407 1216 emplastra
419 1148 479 1215 post
487 1134 615 1195 sectiones
629 1133 780 1216 imponunt,
787 1156 820 1195 ac
870 1134 947 1195 θέασι
967 1134 1014 1194 καθ
1026 1134 1170 1217 ράρμακα,
1184 1136 1231 1195 καλ
1245 1136 1466 1215 διαλιμπάνοισιν
1484 1135 1601 1217 ἡμέρας,
1613 1136 1644 1197 ab

101 1225 304 1304 medicamenta,
316 1242 374 1287 tum
385 1226 486 1306 aliquot
496 1226 554 1285 dies
563 1225 633 1285 elabi
642 1226 743 1301 sinunt,
751 1227 818 1286 dum
835 1239 854 1287 c
871 1225 1098 1309 παρομοθοώμτνα
1119 1226 1169 1299 τλν
1182 1226 1276 1300 δδώνην
1290 1228 1463 1296 ἐπινοοῦντες.
1475 1227 1594 1296 Τοώτως
1614 1228 1642 1301 lul

100 1339 131 1376 ea
153 1318 323 1398 excogitant,
339 1341 398 1397 quae
421 1318 542 1377 dolorem
560 1317 664 1398 possint
684 1318 818 1399 mitigare.
871 1317 918 1376 καὶ
931 1323 1008 1398 ἡμεῖς
1028 1316 1184 1398 μιμοώμενοι
1203 1319 1320 1402 σήμερον
1333 1320 1448 1398 ἐνδῶμεν
1464 1320 1566 1394 αθτοῑς,
1579 1318 1644 1380 ώστι

101 1409 157 1469 Ηοε
167 1410 261 1489 utique
277 1431 326 1470 nos
338 1410 419 1469 etiam
429 1407 511 1467 bodie
526 1409 674 1484 imitemur,
685 1430 718 1468 ac
728 1409 819 1468 indul·
872 1407 1066 1488 καρπώσασθαι
1079 1408 1128 1482 τὴν
1140 1410 1194 1469 ἀπὸ
1214 1412 1264 1481 τῆς
1277 1410 1408 1490 ἡμετέρας
1421 1409 1563 1479 διαλέὶεως
1579 1411 1644 1492 ώιρέ·

103 1501 296 1582 geamusipsis‚
319 1514 350 1560 ut
369 1522 404 1559 ex
424 1521 546 1559 sermone
559 1514 650 1560 nostro
670 1500 818 1561 utilitatem
871 1501 955 1573 λειαν,
968 1500 1016 1561 καὶ
1034 1500 1080 1561 τθν
1100 1501 1162 1581 περὶ
1182 1502 1322 1583 δογμάτων
1339 1502 1490 1580 κινήσωμεν
1510 1504 1597 1582 λόγον,
1610 1506 1644 1571 εἰς

102 1593 244 1673 percipere
259 1593 383 1669 valeant,
400 1614 432 1651 ac
450 1590 484 1651 de
503 1590 676 1670 dogmatibus
696 1592 819 1653 instituta
872 1590 907 1651 τθι
921 1590 1108 1672 ἀνεγνωσμένα
1124 1592 1258 1673 τὸνλόγον
1270 1592 1399 1674 δριέντες.
1416 1594 1471 1653 Καὶ
1498 1593 1553 1674 γθιρ
1574 1586 1645 1673 οἶμαι

102 1682 284 1764 disputatione
311 1704 460 1744 sermonem
481 1680 517 1741 atl
536 1703 567 1741 ea
591 1704 651 1761 quae
670 1682 737 1742 loeta
756 1697 819 1743 sunt
872 1680 984 1752 πολλοὺς
998 1685 1142 1766 διαπορεῖν,
1158 1683 1228 1751 τίνος
1250 1682 1337 1744 ἕνεκεν
1350 1688 1434 1743 ταῦτα
1451 1684 1559 1765 είρηται
1576 1685 1646 1766 παρά

102 1780 285 1836 traducamus.
304 1777 373 1834 Nam
392 1789 418 1834 et
437 1774 537 1833 multos
552 1794 672 1851 quaerere
689 1774 818 1850 arbitror,
873 1775 1145 1856 τοῦΧιατῶ·εἰκδς
1160 1776 1248 1836 δὲκαὶ
1271 1775 1417 1856 αἱρετικοθς
1437 1776 1572 1859 παρόντας
1591 1780 1646 1837 άπι-

101 1887 155 1944 qua
168 1865 203 1924 de
216 1887 295 1925 eausa
309 1865 381 1925 dicta
396 1865 454 1924 lraec
468 1864 521 1923 sint
536 1886 552 1922 a
565 1864 691 1924 Christo·
684 1887 734 1924 ·ac
747 1865 817 1926 veri·
872 1867 994 1938 ιιηοησαι
1007 1876 1063 1935 τοῖς
1076 1867 1236 1949 εἰρημένοις,
1250 1868 1296 1929 καλ
1318 1867 1479 1936 πολλοὺς
1442 1892 1496 1928 των
1488 1869 1646 1983 qedqrrbeure‘·

101 1957 190 2017 simile
203 1972 242 2019 est
259 1980 303 2017 eos
316 1980 363 2037 qur
356 1956 478 2016 adsunt
498 1957 639 2017 haereticos
659 1957 717 2018 baec
736 1959 819 2017 rerba
833 1982 927 2050 ¹⁶pent
946 1960 1065 2040 ἀδελφῶν
1076 1962 1192 2020 ἐντεῦθεν
1206 1960 1393 2030 ὑποσκελίζειν.
1408 1952 1505 2019 ‘lo'
1474 1984 1520 2020 ουν
1533 1959 1628 2020 καλ
1600 1984 1646 2032 την

101 2048 228 2130 arripere,
241 2049 394 2129 multosque
413 2070 447 2108 ex
461 2048 590 2108 fratribus
609 2011 845 2130 simplicioribus
839 2067 858 2113 Α
847 2011 980 2111 έκείνων
994 2050 1084 2132 ἔροδαν
1104 2051 1331 2133 ἀποτειχίσωμεν,
1345 2051 1391 2111 καί
1411 2050 1471 2119 τοὺς
1493 2052 1648 2133 διαπορῶν-

102 2141 283 2221 supplautare.
297 2141 365 2201 Ut'
358 2140 441 2221 igitur
457 2153 483 2198 et
503 2139 615 2198 illorum
631 2140 821 2221 propulsemus
873 2166 922 2209 τας
938 2141 1048 2223 θορυθω
1071 2141 1250 2224 καλταραχῆς
1272 2141 1477 2221 ἀπαλλάξωμεν,
1496 2143 1648 2224 μεταχειρί-

102 2230 227 2308 insultus,
240 2247 266 2293 et
278 2254 322 2292 eos
342 2231 388 2311 qui
410 2230 570 2309 quaestiones
593 2246 759 2312 proponunt,
773 2253 822 2291 au·
875 2258 968 2304 σαντες
986 2232 1017 2293 τθ
1042 2231 1191 2314 εἰρημένω,
1213 2235 1257 2293 tre
1259 2258 1302 2293 ιατ
1304 2231 1475 2315 ρίψωμεν
1441 2258 1476 2314 τῃ
1497 2233 1583 2307 λέξει,
1604 2234 1649 2294 καί

101 2324 201 2384 xietate
210 2347 241 2384 ac
252 2323 453 2407 perturbatione
468 2322 623 2396 liberemus,
637 2328 727 2382 locum
741 2323 823 2383 istum
875 2328 940 2409 πρδς
949 2326 981 2387 τθ
994 2325 1074 2406 βάθος
1085 2324 1246 2405 καταθῶμαι
1260 2329 1313 2385 τῶν
1331 2325 1482 2404 νοημάτων.
1506 2324 1579 2387 Οθδδ
1599 2324 1649 2405 γάρ

101 2431 290 2521 pertractantes
310 2417 408 2476 horum
435 2415 581 2475 verborum
603 2415 764 2496 expositioni
783 2416 823 2475 sic
876 2423 951 2501 άρκιῖ
974 2423 992 2491 ἡ
1017 2416 1178 2494 ἀνάγνωσις,
1192 2416 1239 2478 tta
1259 2416 1296 2497 μὴ
1318 2422 1405 2499 προσῇ
1430 2417 1519 2491 καὶὴ
1546 2420 1649 2499 γνῶσις.

100 2509 287 2587 ἰιιιιιιοιοιιιιιι,
301 2507 496 2568 utreeonduos
504 2528 625 2586 quosque
635 2528 727 2568 sensus
740 2508 823 2568 attin·
875 2511 954 2573 Ἔτει
972 2509 1020 2572 καί
1042 2514 1058 2571 ὁ
1081 2510 1202 2592 ιδνωχος
1223 2510 1363 2584 Κανδάκης
1385 2510 1571 2590 ἀνεγίνωσκεν,
1593 2512 1650 2571 ἀλλ’

44 2613 204 2687 durgamus
214 2609 275 2668 Non
294 2606 366 2665 enim
380 2604 482 2665 sufficit
495 2602 625 2680 lectio,
600 2625 652 2663 arsi
645 2601 780 2664 accedat
795 2617 823 2664 et
875 2604 979 2673 έωςθτε
998 2602 1329 2687 παρεγένετοθδιδάσκων
1342 2604 1420 2664 αθτδν
1439 2602 1468 2662 τί
1491 2594 1613 2677 ποτεῆν
1636 2603 1652 2664 δ

41 2700 234 2798 emmunim*
247 2721 309 2759 nam
332 2712 359 2758 et
377 2698 515 2758 Candaees
534 2697 674 2755 eunuchus
698 2697 829 2778 legebat,
875 2696 1062 2777 ἀνεγίνωσκεν,
1076 2695 1311 2778 οθδδνέκαριτοοτο
1324 2695 1404 2776 μέγα.
1420 2694 1474 2757 'lu’
1482 2686 1529 2757 ab
1545 2679 1583 2776 μλ
1607 2696 1652 2757 καί

2 2831 8 2843 ·
41 2754 149 2856 Psed
159 2817 299 2874 quousque
308 2808 405 2876 presto
421 2794 474 2852 suit
489 2814 536 2871 qur
529 2791 656 2852 doceret
666 2814 728 2852 eum
736 2793 823 2873 ‚quid
877 2796 953 2870 ὑμεῖς
968 2790 1000 2851 τθ
1024 2791 1088 2852 αὐτὸ
1107 2788 1230 2865 πάθητε,
1242 2789 1386 2872 προσέχετε
1408 2797 1463 2857 τοῖς
1489 2788 1655 2903 λεγομένοις,

51 2872 172 2945 2⁷'illud
186 2899 252 2945 esset
266 2885 339 2989 quod
355 2885 473 2964 legebat,
487 2905 540 2943 non
555 2905 682 2964 magnam
692 2882 756 2943 inde
767 2885 823 2944 uti·
875 2884 1028 2945 συντείνατε
1041 2880 1090 2957 cla
1101 2881 1229 2957 διάνοιαν,
1244 2881 1427 2970 σγαλάζοιισάν
1442 2904 1489 2961 μοι
1501 2879 1551 2955 τὴν
1563 2879 1653 2997 ψρχὴν

100 2977 204 3037 ίιιιιιειιι
212 2991 339 3059 percepit
351 2976 429 3036 Ne'
403 2976 487 3055 igitur
498 2975 571 3034 idem
583 2976 663 3038 vobis
676 2976 823 3080 contingat,
876 2977 1046 3091 παράσγετε,
1059 2974 1197 3061 ὀξυδερκές
1214 2975 1284 3035 leros
1296 2960 1328 3036 τθ
1338 2974 1428 3054 ὄμμα,
1443 2975 1623 3054 συνισταμένη
1636 2979 1653 3046 ἡ

101 3091 132 3130 ea
145 3091 205 3148 quar
223 3068 354 3129 dicamur
364 3067 516 3130 advertite.
532 3068 662 3128 attendite
681 3069 821 3141 animum,
877 3068 987 3150 γνώμη·
1002 3066 1196 3147 ἀντηλλαγμένη
1221 3067 1403 3149 ρροντίδωνβ
1406 3070 1547 3140 ιωτικῶνὴ
1560 3066 1654 3149 Ml,

101 3175 128 3221 et
145 3161 293 3221 studiosam
313 3160 382 3220 mihi
404 3175 522 3219 mentem
545 3160 684 3241 prebete:
704 3159 761 3219 acri
789 3161 825 3219 sit
840 3179 860 3226 n
877 3160 921 3221 ἵνα
936 3160 975 3240 μὴ
988 3158 1184 3240 καταθάλωμεν
1203 3163 1240 3228 εἰς
1260 3158 1310 3229 τὰς
1333 3159 1461 3233 ἀκάνθας,
1475 3157 1544 3237 μηδέ
1558 3156 1655 3226 εἶςτδς

101 3253 159 3314 acie
170 3252 298 3334 preditus
308 3252 418 3325 oculus,
429 3264 545 3310 attentus
556 3251 723 3328 intellectus,
733 3250 825 3310 anima
878 3252 993 3336 πέτρας,
1010 3252 1079 3333 μηδέ
1091 3251 1166 3334 παρδ
1178 3248 1226 3327 τλι
1239 3252 1298 3312 ὁδὸν
1310 3252 1345 3313 τθι
1363 3253 1506 3333 λεγόμενα·
1522 3248 1592 3311 θλλθ
1607 3253 1656 3330 βα-

9 3345 355 3421 3,5,..curissaeeulaiibus
368 3343 515 3426 expedita,
527 3343 599 3402 nein
615 3343 708 3424 spinas
715 3389 724 3421 ‚
736 3365 785 3403 uec
796 3343 825 3403 in
879 3344 978 3425 θάγειον
998 3344 1044 3403 καὶ
1057 3342 1174 3424 λιπαρδν
1191 3349 1366 3424 γεωργοῦντες
1391 3343 1516 3426 ἄρουραν,
1530 3346 1656 3421 κομῶντα

102 3453 207 3520 petras,
222 3458 307 3516 neque
336 3458 411 3496 secus
438 3436 511 3497 riam
541 3435 623 3496 rerba
649 3456 809 3517 spargamus
815 3458 826 3514 ς
878 3436 924 3511 τδν
947 3436 1064 3518 deeque
1084 3432 1241 3514 άμνίσοιμεν.
1257 3433 1322 3495 'Eds
1339 3435 1392 3515 γάρ
1414 3434 1484 3494 σθτω
1506 3434 1657 3545 προσέχητε

102 3530 462 3612 sedsecundumacpingue
478 3526 616 3607 quoddam
632 3547 729 3587 arrum
738 3528 827 3587 colen·
880 3537 934 3596 τοῖς
946 3525 1110 3607 λεγομένοις,
1124 3526 1170 3586 καί
1183 3530 1250 3605 ἡμῖν
1265 3526 1421 3607 κουρότεροι
1441 3525 1486 3584 τθν
1506 3524 1588 3586 πόνον
1609 3527 1656 3607 θρ-

102 3638 152 3701 tes,
177 3624 285 3683 uberem
307 3636 423 3726 segetem
442 3621 620 3680 demetamus.
631 3619 661 3678 Si
684 3619 757 3678 enim
775 3618 828 3678 boc
880 3620 1008 3700 γάσεσθε,
1027 3618 1072 3679 καὶ
1097 3623 1158 3697 θμῖν
1176 3616 1353 3697 εὖκσλωτέραν
1377 3617 1425 3690 τλν
1453 3617 1554 3699 εθρεσιν
1575 3641 1658 3678 κατα-

103 3730 181 3796 pacto
200 3715 315 3775 sermoni
330 3727 443 3774 attentas
465 3733 543 3772 aures
567 3710 755 3794 praebueritis,
766 3731 829 3770 cum
882 3711 1034 3773 exsudaret.
1048 3698 1135 3771 Tt'
1104 3732 1149 3768 οον
1168 3711 1228 3770 ἔστι
1249 3709 1280 3769 τδ
1304 3707 1520 3821 ἀνεγνωσμένοις
1546 3709 1658 3788 Πάτερ,

103 3807 231 3876 leviorem
240 3805 443 3865 nobrslaborem
452 3802 580 3879 reddetis
589 3817 648 3863 tum
655 3801 787 3879 efficietis,
800 3811 833 3861 ut'
882 3808 906 3865 ri
920 3803 1029 3863 δονατθν
1037 3801 1272 3885 ,τθπαρελθέτω
1295 3824 1420 3883 ιιοτηριον
1431 3805 1508 3861 τοῦτο
1524 3801 1571 3860 ἀπ’
1583 3802 1659 3879 ἐμοι.

104 3898 209 3958 facilius
218 3896 257 3974 id,
268 3897 342 3976 quod
352 3895 493 3975 quaeritur,
501 3896 617 3976 reperire
627 3896 744 3976 possitis
753 3894 830 3966 Quid
883 3900 909 3957 l’
911 3896 920 3956 ί
932 3894 998 3956 ποτέ
1012 3899 1084 3954 ἐστιν
1096 3892 1114 3952 θ
1125 3914 1205 3974 φησι,
1218 3897 1266 3953 Δεῖ
1279 3891 1369 3974 γάρτὸ
1368 3826 1515 3974 ρείρημένον
1529 3892 1660 3973 σαιρέστε-

8 4022 41 4067 p,
56 4018 94 4068 ,6
105 4006 190 4073 igitur
198 3990 297 4048 lectum
305 3990 477 4059 esthater
486 4008 510 4046 ιι
507 3988 719 4066 possrbrleest
732 4000 830 4048 trans·
884 4010 928 4068 ρον
940 3986 1169 4068 ίρμηνεοσαιτας
1192 3986 1277 4052 οὕτως
1291 3988 1434 4063 ἐπαγαγεῖν
1454 3982 1501 4056 τὴν
1519 3983 1608 4044 λύσιν.
1624 3982 1661 4044 Γ
1652 4008 1660 4042 ι

104 4096 153 4143 eat
167 4104 187 4140 a
208 4103 254 4140 me
272 4080 354 4140 culix
376 4083 440 4139 iste.
465 4078 541 4150 Quid
568 4076 677 4138 tandem
699 4077 775 4136 istud
789 4092 829 4137 cst
883 4069 928 4138 οὖν
945 4081 1017 4137 ἐστιν
1032 4076 1047 4135 θ
1059 4100 1137 4157 φησι,
1159 4075 1265 4159 Πάτερ,
1278 4078 1304 4135 εἰ
1317 4075 1437 4149 δυνατὸν,
1453 4075 1595 4159 παράγαγε
1617 4077 1662 4135 τὸν

104 4173 178 4255 quod
186 4172 277 4233 dicit?
294 4173 350 4232 Nos
361 4191 434 4231 enam
449 4183 567 4251 oportet,
582 4169 630 4229 ubi
644 4189 722 4250 prius
734 4169 829 4228 verbo
883 4168 1009 4251 σταυρόν.
1002 4169 1060 4229 ,Τί
1079 4169 1183 4248 λέγεις,
1193 4172 1281 4248 ἀγνοεῖ
1301 4167 1353 4227 alre
1372 4167 1492 4244 δονατθν,
1517 4167 1569 4226 είτι
1597 4167 1661 4228 ἀδώ-

105 4289 166 4328 ιιιιιι
184 4285 292 4325 sensum
311 4262 526 4343 exposuerimus,
543 4260 704 4321 solutionem
728 4259 829 4319 deinde
846 4289 865 4338 c
883 4284 972 4337 νατον,
995 4268 1086 4336 rodem
1106 4261 1161 4322 Καί
1187 4260 1227 4328 τίς
1247 4258 1279 4319 θν
1299 4267 1377 4321 τοῦτο
1399 4261 1483 4336 elnam
1507 4259 1605 4320 Καίτοι
1627 4259 1662 4318 τὰ

105 4360 277 4441 subjungere.
290 4354 367 4430 Quid
382 4353 467 4435 igitur
479 4353 571 4413 dicit?
587 4356 677 4427 Pater,
693 4352 716 4412 si
738 4354 829 4433 possi·
886 4353 994 4435 ῥήματα
1018 4351 1173 4432 ἀγνοοῦντός
1198 4354 1288 4411 ἐστιν·
1307 4355 1325 4425 ἡ
1346 4353 1398 4433 γάρ
1420 4357 1482 4424 τοῦ,
1505 4351 1557 4423 Et,
1573 4374 1662 4434 προο-

105 4451 160 4511 bile
169 4463 219 4525 est,
232 4447 426 4507 transierame
437 4466 554 4506 crucem.
564 4444 640 4517 Quid
649 4443 829 4524 aisiignorat
884 4445 969 4520 θήκη,
999 4443 1211 4525 ἀμφιθάλλοντός
1230 4447 1317 4524 ἐστιν,
1338 4447 1407 4521 ἀλλ’,
1430 4444 1496 4525 ὅπερ
1528 4442 1611 4522 ἔφην,
1633 4447 1662 4504 ολ

106 4543 176 4603 sitne
195 4542 247 4601 hoe
262 4538 403 4621 possibile,
414 4558 448 4597 an
461 4558 515 4596 non
536 4536 765 4619 possibilei’Quis
778 4537 830 4598 hoc
883 4538 922 4597 δεῖ
943 4546 997 4607 τοῖς
1020 4536 1122 4618 ῥήμασι
1146 4536 1299 4618 προσέχειν,
1313 4537 1381 4597 άλλδ
1394 4536 1460 4620 πρὸς
1478 4534 1513 4595 rb
1535 4533 1661 4613 νοήματα

106 4633 269 4695 dicattssrsi
279 4633 361 4694 verba
369 4631 518 4710 ignorantis
527 4629 741 4690 sint·nambaec
749 4630 830 4691 addi·
883 4629 1043 4712 τρέπεσθαι,
1070 4628 1117 4688 καθ
1135 4629 1179 4689 τὸν
1205 4629 1304 4689 σκοπθν
1327 4635 1374 4689 τοῦ
1395 4629 1516 4710 λέγοντος
1543 4627 1660 4700 εἰδέναι,

107 4727 156 4804 tio,
181 4727 222 4799 Si,
246 4724 397 4784 dubitantis
421 4735 476 4798 est;
496 4743 608 4799 verum,
629 4734 658 4780 ut
685 4720 755 4797 dixi,
777 4742 830 4781 non
893 4721 939 4781 καί
968 4720 1018 4795 τὴν
1040 4720 1144 4795 αἰτίαν,
1163 4720 1258 4780 καὶ
1234 4744 1279 4779 τον
1302 4720 1411 4803 καιρθν,
1433 4720 1480 4781 καλ
1500 4721 1662 4781 πάντασυν-

107 4830 210 4897 oportet
219 4817 309 4876 rerbrs
322 4814 473 4889 adherere,
487 4811 535 4872 sed
545 4811 581 4871 ad
595 4833 672 4872 seusa
688 4812 828 4888 converti,
884 4812 1037 4894 αγαγόντα,
1056 4810 1125 4871 σθτω
1148 4816 1232 4893 θηρᾷν
1217 4811 1301 4884 τὴν
1313 4812 1519 4891 έναποκειμέντν
1531 4811 1662 4871 διανοιαν

107 4923 133 4969 et
147 4929 257 4989 scopum
279 4929 355 4968 nosse
375 4905 499 4980 dicentis,
511 4919 537 4965 ct
551 4925 658 4964 causam
669 4917 695 4964 et
709 4903 828 4964 occasio-
882 4896 978 4966 ‘llodv
994 4904 1072 4985 σορία
1085 4909 1103 4975 ἡ
1118 4904 1285 4983 ἀπόρρητος,
1299 4904 1370 4964 θτον
1382 4904 1493 4984 Πατερα
1515 4902 1598 4970 οθτως
1623 4903 1662 4961 εί-

110 5022 170 5060 ιιοιιι
174 5000 373 5079 omnibusque
384 4997 502 5059 collectis
521 5019 629 5058 sensum
643 4997 670 5056 in
685 5019 725 5057 eis
736 4997 825 5057 laten
881 4997 947 5072 δὼς,
959 4996 1129 5077 ωςθΠατθρ
1139 4986 1193 5055 οἶδε
1204 4996 1248 5055 τθι
1263 4996 1337 5071 utto,
1348 5001 1405 5064 πῶς
1418 4995 1450 5054 ἂν
1461 5002 1542 5056 τοοτο
1561 4995 1662 5076 ἠγνόη-

109 5105 162 5151 ιειιι
176 5090 313 5169 indagare.
328 5089 477 5149 lueisabilis
490 5110 555 5170 ergo
572 5089 711 5170 sapientia,
723 5089 769 5149 ille
779 5090 826 5169 qui
885 5114 945 5165 ees,
957 5089 1029 5150 Οὐδὲ
1040 5088 1091 5168 γθρ
1104 5089 1199 5166 μειζών
1211 5090 1278 5159 αθτη
1292 5092 1417 5168 ἡγνῶσις
1436 5092 1454 5161 ἡ
1477 5087 1539 5171 περὶ
1551 5113 1599 5149 του
1613 5088 1664 5150 τά·

109 5186 216 5243 Patrem
238 5181 274 5240 ita
300 5181 386 5254 novit,
403 5195 432 5239 ut
452 5181 553 5241 Filium
567 5181 643 5242 novit
667 5183 755 5257 Pater,
775 5182 823 5260 qui
880 5187 939 5250 θοος
959 5184 1006 5253 τῆς
1027 5180 1147 5261 γνώσεως
1161 5185 1209 5253 τῆς
1224 5180 1346 5261 περὶτῆς
1368 5180 1473 5254 οθσίας,
1493 5181 1526 5253 ἣν
1547 5183 1664 5262 άκριθῶς

109 5274 196 5358 potuit
209 5274 260 5335 hue
276 5273 421 5354 ignorare?
432 5274 525 5352 Neque
545 5274 617 5336 enim
627 5274 712 5355 major
726 5288 765 5335 est
780 5295 824 5335 cu·
881 5274 957 5349 μένος
972 5264 1039 5334 οἶδεν
1057 5273 1145 5341 αὐτός.
1161 5272 1256 5341 Καθὼς
1271 5274 1337 5354 γὰρ,
1353 5273 1434 5354 φησι,
1455 5273 1580 5352 γινώσκει
1597 5298 1629 5352 με
1649 5278 1664 5332 δ

1 2628 62 2781 θ’ῗγειι
