3764 5992
3 407 12 437 ι
263 394 292 442 S.
320 391 460 444 ioannis
486 387 669 439 cantsos'r.
696 384 854 438 tuentur.
882 386 1153 438 consummor.

18 521 25 536 ‘
4 519 185 582 resideant.
202 519 261 580 Hoc
277 540 331 578 una
349 539 412 579 cum
430 517 517 581 stellis
532 514 615 576 etiam
632 533 667 573 ex
720 537 768 575 σου
785 512 886 592 γένεσιν
905 515 970 595 πρὸς
988 513 1038 587 τὴν
1051 516 1104 572 τῶν
1123 508 1299 591 σπιρμάτων
1315 508 1450 589 βλάστην,
1461 512 1497 571 ml

5 612 172 672 cursibus
202 624 295 670 notum
326 609 471 689 diligenter
499 609 666 668 observatur.
720 603 821 677 πολλὴν
833 605 933 665 οἴκοθεν
947 609 983 674 εἰς
994 603 1086 677 τὴν’
1055 605 1253 664 συστασιντῶν
1270 599 1423 681 ἀνθρώπων
1431 627 1498 682 παρα

4 702 268 783 ιιηιιοιιιούιιιοθιιιιι
285 702 325 760 sol
343 699 494 777 diurnas,
487 713 524 758 rta
539 700 604 759 luna
618 717 668 756 no·
720 696 822 775 χομένη
837 696 885 768 clv
901 696 1038 777 ὠφελειον,
1051 718 1096 754 και
1086 693 1183 772 μέση
1199 699 1251 752 τοῦ
1265 697 1353 772 χοροῦ
1367 695 1421 750 τῶν
1435 694 1498 751 ἀστέ-

21 796 157 855 choras
172 793 277 874 dirigit,
290 781 410 872 aliasque
424 792 525 851 multas
539 788 668 850 utilitates
723 813 773 871 ρων
789 790 835 849 καὶ
848 795 896 863 τῆς
910 792 1045 863 ἡλιακῆς*
1038 787 1168 867 ισταμένη
1183 785 1390 895 λαμπηδόνος
1403 789 1447 844 τοῦ
1461 785 1499 863 μὲν

1 886 36 961 it,
51 899 77 946 et
90 900 193 966 gratam
207 883 276 944 aeris
275 884 455 988 temperiem,
470 897 496 942 et
509 882 667 961 rorisgenc-
721 880 774 963 γάρ
788 884 859 941 ἐστιν
877 880 1003 954 ἐλάττων,
1018 885 1071 940 τῶν
1087 878 1116 939 δέ
1136 877 1261 958 ἀμιίνων
1276 901 1326 936 και
1313 876 1486 954 πο“λλιῖιΙ
1450 902 1499 955 μιι-

1 998 93 1053 tonem,
106 992 136 1038 ut
146 978 256 1057 irrigata
266 976 367 1035 semina
378 975 535 1056 germinent,
543 974 669 1034 acmulta
721 976 782 1042 ζων.
794 974 835 1033 Οὐ
851 995 915 1053 μικρ
901 972 933 1053 δι
947 972 975 1034 δὲ
988 971 1033 1031 καθΙ
1046 976 1124 1032 ἐκ
1091 996 1139 1044 της
1154 968 1301 1036 ποικιλίας
1316 967 1420 1038 ταύτης
1432 969 1499 1039 ἡδονά,

6 1024 178 1129 coonimoda
192 1068 227 1128 ad
237 1066 465 1127 corroborandum
479 1087 562 1146 genus
572 1066 668 1124 buma-
720 1072 775 1133 τοῖς
786 1071 891 1131 θεαταῖς
905 1064 951 1124 καί
964 1062 1083 1146 χρεία,
1065 1087 1156 1144 ωσπερ
1170 1061 1235 1122 onst
1229 1067 1381 1179 τυχοῦσα
1393 1063 1412 1131 ἡ
1426 1062 1501 1132 ὄνησις

0 1188 12 1211 ιι
32 1160 196 1242 suppeditat,
207 1159 326 1237 dumque
343 1157 455 1217 media
447 1171 516 1217 rnter
529 1156 668 1217 stellarum
720 1157 806 1229 ἡάπδ
819 1182 871 1217 των
885 1160 1059 1238 καιρῶν,ἡ’
1045 1155 1098 1217 απδ
1115 1160 1169 1216 τῶν
1184 1157 1280 1236 ὡρῶν,
1295 1157 1316 1224 ἡ
1336 1152 1492 1212 derbes?
1463 1178 1501 1229 μι-

1 1272 78 1329 rrum,
99 1265 125 1313 et
148 1250 213 1310 solis
237 1247 408 1330 splendorem
428 1248 565 1328 interjacet
588 1271 595 1306 ε
617 1245 668 1303 boc
721 1272 799 1330 τρου,
818 1254 835 1322 ἡ
857 1249 909 1310 άπδ
930 1255 976 1309 τοῦ
999 1248 1122 1328 μεγέθους
1143 1246 1192 1306 καὶ
1217 1250 1271 1318 τῆς
1298 1243 1499 1326 βροχότητος,ἡ

5 1344 167 1419 ιοιιιιιιῐιιοι,
177 1342 233 1402 illis
242 1362 306 1402 vcro
316 1341 488 1423 praestantior
497 1353 546 1413 est,
555 1360 587 1398 ac
595 1338 667 1397 mul·
685 1352 704 1399 n
722 1339 775 1401 άπδ
786 1347 834 1415 τῆς
848 1343 974 1423 διαφορᾶς
991 1345 1038 1412 τῆς
1052 1339 1152 1420 ἀφάτου
1168 1362 1176 1376 ·
1191 1339 1240 1398 τὸν
1259 1336 1311 1416 μέν
1331 1336 1389 1419 γὰρ
1402 1336 1500 1408 titus,

2 1462 16 1486 ιι
29 1435 90 1514 jor.
104 1436 197 1513 Neque
205 1454 269 1495 vero
283 1431 425 1492 mediocris
440 1431 560 1490 nascitur
572 1450 606 1490 cx
620 1428 667 1488 illa
720 1432 765 1493 τδν
781 1433 809 1495 δὲ
827 1434 908 1514 μείζω
924 1433 970 1493 καὶ
988 1429 1156 1513 φαιδρότερόν
1174 1433 1251 1492 έστιν
1275 1431 1358 1503 ἰδιῖν,
1380 1428 1427 1488 καὶ
1443 1428 1501 1488 ami

5 1523 81 1584 'etate
98 1523 292 1605 spectatoribus
312 1523 438 1604 voluptas
456 1536 482 1583 ct
503 1522 616 1600 utilitaS,
638 1535 669 1581 ut
722 1524 858 1607 διαφόρους
879 1523 985 1605 καιροὺς
1004 1520 1177 1604 φαινομένους
1191 1524 1284 1581 οὔτῶν
1305 1516 1397 1587 sesac}
1410 1518 1444 1580 ‘ll
1458 1519 1502 1602 γδρ

1 1635 38 1674 ιιο
54 1615 175 1695 vulgaris
194 1611 368 1674 commoditas
390 1636 425 1674 ex
445 1613 621 1693 temporibus,
641 1626 668 1672 et
721 1619 860 1697 περιουσία
880 1621 928 1689 τῆς
946 1614 1094 1695 εὐμηχάνου
1118 1612 1213 1694 σοφίας
1238 1611 1352 1683 πολλὴν
1377 1620 1502 1693 πανταχοῦ

8 1718 69 1765 tuor
81 1707 144 1766 anni
157 1705 368 1786 tempestatibus,
382 1726 428 1764 seu
441 1725 605 1782 mensuram,
620 1727 667 1764 seu
721 1709 770 1783 ιὴν
784 1708 916 1772 ποικιλίαν
937 1709 1084 1790 ἐργάζεται,
1105 1710 1172 1784 δμοῦ
1194 1704 1246 1784 μὲν
1261 1709 1315 1777 τῆς
1330 1703 1433 1773 οἰκείας
1449 1710 1502 1763 θον·

0 1795 170 1868 nitudinem
183 1794 392 1874 acbrcvitatem,
404 1795 462 1857 sive
477 1794 610 1855 infinitam
620 1795 666 1855 di·
722 1800 884 1881 μαοοορφίας
897 1800 946 1874 ιὴν
960 1797 1092 1867 ἀπόδειξιν
1106 1797 1334 1876 ἐπιδεικνυμένη,
1346 1801 1417 1874 ὁμοῦ
1430 1794 1503 1854 δὲκαὶ

1 1885 107 1947 citatem
129 1887 281 1950 consideres
301 1913 309 1948 ι
329 1887 413 1946 aliam
429 1885 501 1945 enim
523 1888 665 1967 minorem,
720 1896 833 1964 τῆςτῶν
846 1890 968 1972 ὁρώντων
988 1897 1135 1971 προνοοῦσα
1150 1888 1260 1972 χρείας,
1278 1888 1329 1949 καὶ
1348 1886 1503 1958 πολλὴνκοι

8 1999 34 2037 m
44 1981 172 2060 majorem
190 2001 223 2040 ac
239 1976 449 2060 splendidiorem
462 1991 581 2058 spectare
594 1976 668 2054 licet,
721 1983 820 2065 άφατον
834 1983 882 2057 τὴν
897 1982 1025 2063 ὠφέλειαν
1045 1982 1239 2061 παρεχομένη,
1260 1979 1311 2040 καὶ
1327 1977 1402 2058 μετὰ
1414 1979 1503 2038 τούτων

0 2100 4 2122 ι
31 2070 124 2131 asdam
136 2093 172 2132 ex
184 2071 240 2131 illis
252 2069 368 2132 dirersis
376 2067 543 2150 temporibus
556 2091 668 2150 appare-
721 2076 844 2135 ἁπάντων
858 2075 903 2134 καί
916 2072 965 2147 τὴν
980 2073 1085 2144 ἡδονήν.
1099 2072 1135 2132 Τί
1150 2071 1202 2150 γὰρ
1223 2070 1412 2151 τερπνότερον
1435 2071 1503 2150 ὠρο

2 2165 115 2225 Summa
129 2164 258 2225 nimirum
268 2184 300 2222 ac
312 2161 483 2223 solertissima
497 2162 548 2222 Dei
562 2162 668 2243 sapien·
721 2173 775 2240 νοῦ,
788 2171 833 2226 νῦν
855 2165 902 2246 pls
915 2170 951 2233 ὡς
971 2164 1086 2232 σινδόνος
1099 2168 1217 2244 καθαρᾶς
1228 2164 1281 2224 καί
1296 2166 1427 2242 διαυγοῦς
1444 2162 1503 2243 ὑπὲρ

16 2254 130 2315 multam
146 2257 248 2336 ubique
265 2255 421 2316 varietatem
440 2253 533 2329 efficit,
555 2274 618 2313 cum
637 2267 668 2314 ut
720 2262 837 2339 κεφαλῆς
852 2257 1021 2336 ἡπλωμένοι,
1034 2262 1079 2316 νῦν
1094 2255 1122 2317 δὲ
1133 2259 1170 2323 ὡς
1186 2258 1327 2334 λειμῶνος
1349 2259 1504 2323 πολυειδῶς

0 2346 79 2406 ntiae
98 2369 152 2407 sum
167 2347 359 2407 miraculorum
375 2345 517 2405 effectricis
534 2346 667 2426 specimen
720 2349 998 2430 ποικιλλομένου,καλ
1019 2347 1063 2408 τδν
1084 2351 1163 2409 αὐτοῦ
1192 2348 1340 2428 φαίνοντος
1366 2348 1503 2429 στέφανος

4 2451 27 2510 ι,
43 2451 101 2498 tum
112 2452 142 2499 ιιι
155 2459 244 2499 rerum
259 2460 318 2517 quae
333 2450 478 2497 cernuntur
487 2437 580 2514 oculis,
593 2458 667 2496 com-
685 2455 704 2504 c
721 2444 792 2505 Οὐδλ
804 2442 856 2524 γάρ
867 2440 948 2508 οίτως
965 2439 1016 2514 ἡδὺ
1029 2442 1147 2519 λειμῶνα
1165 2440 1231 2500 ἰδεῖν
1243 2442 1273 2498 ἐν
1285 2440 1395 2522 ἡμέρᾳ,
1407 2444 1444 2508 ὡς
1460 2439 1504 2512 ἡδο

6 2530 78 2589 itati
101 2532 251 2613 provideat,
273 2552 305 2591 ac
326 2530 440 2591 multam
457 2530 669 2609 immensamque
721 2534 767 2596 καί
780 2535 890 2614 τερπνὸν
904 2532 1012 2612 οὐρανὸν
1025 2534 1087 2591 ἰδεῖν
1098 2533 1126 2590 ἐν
1136 2532 1213 2591 νυκτὶ
1224 2531 1339 2613 μυρίοις
1351 2532 1444 2592 ἄνθεσι
1456 2541 1504 2598 τοῖς

2 2621 73 2681 beat
90 2623 242 2698 utilitatem,
260 2636 287 2683 et
305 2642 368 2682 cum
385 2621 429 2681 his
444 2621 571 2683 omnibus
587 2622 668 2682 etiam
721 2630 774 2687 τῶν
788 2626 906 2708 ἀστέρων
917 2623 1084 2705 πανταχόθεν
1102 2622 1336 2702 κατεστεμμένσν,
1347 2623 1455 2683 άνθεσιν
1467 2626 1505 2681 οὔ·

18 2727 128 2795 ptatem.
153 2715 228 2792 Quid
248 2716 321 2776 enim
340 2714 405 2774 caelo
418 2712 575 2795 jucundius,
594 2712 667 2793 quod
722 2715 814 2778 δίποτι
834 2714 1049 2796 μαραινομένοις,
1062 2716 1121 2773 ἀλλ’
1141 2713 1289 2793 ἀκραιφνὲς
1304 2715 1352 2775 ἀεὶ
1367 2715 1400 2774 τὸ
1414 2717 1504 2773 οἰκεῖον

0 2828 26 2866 ιο
44 2821 173 2888 tanquam
192 2808 306 2868 linteum
326 2805 464 2885 quoddam
484 2804 617 2865 mundum
636 2828 667 2866 ac
722 2809 819 2879 κάλλος
837 2805 1068 2883 ἐπιδεικνυμένοις.
1086 2805 1122 2866 Τί
1143 2803 1171 2864 δέ
1192 2807 1275 2866 αὐτοῦ
1288 2805 1504 2887 ἡδύτιρον,δταν

8 2897 120 2960 ucidum
132 2922 213 2983 snper
226 2914 307 2982 caput
320 2912 440 2958 nostium
456 2918 606 2979 expansum
619 2912 667 2974 est,
720 2905 769 2973 τῆς
786 2899 876 2968 νυκτὸς
895 2896 1069 2971 ἀπελθούσης,
1079 2895 1124 2956 καὶ
1139 2897 1254 2974 μηδέπω
1266 2903 1318 2971 τῆς
1333 2902 1443 2965 ἀκτῖνος
1456 2902 1504 2958 ἀνι·

0 3014 25 3053 ιο
40 3006 168 3073 tanquam
183 2992 296 3053 lloribus
312 2991 439 3050 telettum
456 3010 487 3049 ac
499 2989 668 3070 variegatam
722 2989 853 3073 σχοόσης,
873 2988 993 3070 καθάπερ
1012 2992 1146 3070 κροκωτῷ·
1155 3012 1208 3048 τινι
1222 2989 1324 3071 πέπλῳ
1341 2999 1399 3058 τοῖς
1415 3014 1503 3072 προοι-

6 3083 75 3145 dtur
92 3098 212 3166 pratum,
231 3103 362 3161 suamquc
384 3102 509 3141 coronam
530 3081 668 3140 ostentat?
723 3083 792 3164 μίοις
804 3086 853 3155 τῆς
868 3083 997 3153 ἀνατολῆς
1015 3088 1060 3141 τοῦ
1080 3080 1156 3154 ἡλίου
1176 3083 1385 3162 φοινισσόμενος
1402 3084 1504 3142 κολλο-

0 3199 44 3250 ue
57 3177 129 3239 enim
141 3198 216 3257 aeque
220 3173 374 3258 jucundum
383 3187 422 3233 est
431 3172 548 3233 interdiu
559 3186 668 3254 pratum
722 3175 847 3249 πίζηταις
864 3174 891 3233 τί
914 3174 941 3232 δέ
964 3172 1039 3245 ἡλίου
1055 3172 1149 3252 γένοιτ’
1171 3171 1203 3237 δν
1226 3173 1396 3257 ὡραιύτερον
1421 3174 1504 3253 θέαμα

4 3291 109 3347 ere,ac
120 3268 272 3353 jucundum
286 3278 361 3326 estet
375 3263 667 3325 suavecrelumdcno-
722 3269 874 3349 ἀνίσχοντος
888 3265 939 3326 tart
957 3263 1006 3336 clv
1023 3265 1072 3338 ίω,
1086 3265 1131 3323 καί
1147 3275 1230 3346 μικρᾷ
1245 3273 1345 3349 καιροῦ
1368 3272 1439 3348 ῥοπῇ
1453 3277 1504 3325 πᾶ-

4 3375 133 3444 spectare,
147 3359 294 3421 innumeris
308 3357 447 3419 stellarum
461 3356 576 3416 floribus
590 3356 669 3417 undi-
723 3385 772 3423 σαν
795 3359 842 3440 μὲν
863 3363 924 3440 γῆν,
946 3367 1034 3417 πᾶσαν
1054 3357 1082 3417 δὲ
1096 3350 1242 3430 θάλασσαν,
1259 3368 1315 3418 πᾶν
1336 3359 1368 3419 δὲ
1385 3362 1446 3442 όρος
1462 3358 1504 3418 καὶ

20 3467 187 3533 coronatum,
207 3451 321 3513 floribus
339 3448 385 3530 qui
405 3470 553 3528 numquam
569 3470 669 3509 marce-
685 3480 705 3527 η
722 3454 807 3521 νάπας
821 3451 866 3511 καί
879 3448 995 3531 βουνοὺς,
1008 3449 1096 3509 πάντα
1117 3449 1143 3510 δὲ
1158 3450 1267 3529 οὐρανὸν
1281 3459 1344 3519 ταῖς
1357 3456 1413 3512 τῶν
1432 3451 1504 3512 ἀκτί-

1 3560 42 3621 ιιι,
52 3546 100 3608 sed
111 3547 224 3607 illaesam
237 3567 314 3604 suam
326 3540 557 3625 pulchritudinem
566 3563 670 3623 semper
723 3570 773 3605 νων
788 3543 1007 3621 καταλάμποντος
1025 3543 1130 3618 βολαῖς,
1143 3541 1189 3600 καί
1202 3545 1251 3613 τῆς
1265 3544 1363 3611 νυκτδς
1379 3544 1411 3604 τὸ
1432 3568 1504 3623 περι·

1 3651 95 3699 ntant.
111 3636 188 3713 Quid
200 3637 248 3697 illo
264 3657 357 3696 rursus
370 3630 527 3716 jucundius,
544 3654 605 3692 cum
621 3653 669 3692 no-
724 3638 829 3700 ύύλαιον
851 3631 1075 3713 ἀπαμφιεννύντος
1093 3637 1145 3692 τῶν
1164 3632 1323 3713 δρωμένων,
1348 3635 1397 3695 καί
1418 3635 1504 3715 γυμνδ

2 3729 61 3808 jam
72 3728 161 3810 pulsa,
171 3728 287 3788 necdum
298 3741 386 3786 tomen
398 3723 499 3784 oriente
507 3724 574 3801 sole,
584 3723 670 3784 veluti
723 3729 811 3792 πάντα
824 3726 876 3808 πρδ
894 3729 946 3786 τῶν
961 3727 1104 3805 ὀφθαλμῶν
1126 3724 1272 3792 δεικνύντος
1290 3731 1377 3804 ἡμῖν,
1391 3730 1457 3797 Πῶς
1474 3729 1503 3788 ἀν

16 3839 47 3877 eo
57 3819 175 3897 quodam
187 3819 266 3900 peplo
274 3838 377 3876 aurorae
392 3815 550 3895 primordiis
562 3837 669 3897 purpu-
724 3845 764 3890 τις
776 3823 855 3880 αὐτοῦ
873 3815 1017 3896 ἐκπλαγείη
1030 3815 1090 3885 τοθς
1104 3817 1227 3894 δρόμους,
1240 3817 1290 3889 τὴν
1305 3821 1442 3893 εὐταξίαν,
1457 3820 1503 3894 τὴν

15 3929 44 3966 ιιι
65 3909 200 3968 ornatur?
221 3907 368 3980 Quodnam
388 3927 469 3986 porro
488 3907 670 3988 spectaculum
725 3918 752 3976 έν
767 3911 905 3979 τοσαύταις
916 3913 981 3968 ἐτῶν
996 3908 1126 3991 περιόδοις
1137 3908 1347 3988 ἀπαράλλακτον
1363 3913 1411 3972 καί
1422 3917 1504 3991 ιἰνιμ-

6 3999 98 4060 cbrius
110 4000 213 4060 oriente
226 4001 278 4061 sub
288 4020 412 4059 auroram
425 4000 495 4072 sole,
511 4020 573 4059 cum
587 4021 671 4081 parvo
725 4006 848 4068 πόδιστον
870 4001 1020 4073 διακονίαν,
1043 4001 1075 4062 τδ
1098 4001 1194 4068 κάλλος
1216 4004 1297 4061 αὐτοῦ
1321 4003 1355 4063 τδ
1378 4005 1505 4075 διηνεκῶς

0 4092 85 4172 ¹poris
99 4105 233 4153 momento
248 4106 350 4153 terram
366 4103 462 4166 totam,
482 4104 569 4151 totum
586 4113 669 4167 mare,
726 4096 863 4174 ἀκμάζον,
875 4094 923 4168 τὴν
940 4093 1116 4172 λαμπηδόνα,
1129 4092 1177 4166 τὴν
1189 4092 1375 4174 φαιδρότητα,
1389 4095 1439 4170 τὴν
1453 4120 1503 4155 κα-

1 4195 60 4243 ntes
71 4184 271 4259 omnes,saltus,
279 4195 306 4242 et
314 4181 404 4256 colles,
410 4180 506 4240 caelum
515 4182 672 4244 universum
726 4188 869 4269 βαρύτητα,
882 4186 931 4260 τὴν
943 4183 1075 4252 τοσούτοις
1088 4187 1229 4262 ὁμιλοῦσαν
1243 4183 1372 4264 σώμασι,
1384 4187 1433 4248 καὶ
1455 4213 1504 4267 μη·

10 4272 97 4337 ὀιυια
107 4274 291 4360 sparsionibus
305 4273 436 4350 illustrat,
448 4286 475 4332 et
483 4287 565 4334 exuto
581 4295 673 4336 excus·
726 4283 811 4359 δαμοῦ
825 4277 1016 4358 μολυνομίνην;
1029 4277 1101 4358 Πρὸς
1112 4276 1139 4337 δὲ
1152 4281 1265 4348 τούτοις,
1277 4277 1328 4351 ιὴν
1344 4280 1443 4362 χρείαν
1456 4281 1504 4353 τὴν

6 4370 164 4449 nearchus,
177 4391 245 4449 quas
256 4366 498 4442 oculiscernimus,
512 4366 613 4427 amictu
624 4389 672 4429 no·
689 4388 708 4436 Ε
727 4373 838 4454 άφατον,
854 4371 903 4442 τὴν
918 4374 945 4431 έν
958 4367 1110 4450 σπέρμασι,
1123 4368 1172 4442 τὴν
1185 4370 1212 4427 ἐν
1226 4378 1326 4450 φυτοῖς,
1342 4373 1392 4432 καλ
1412 4375 1441 4433 έν
1453 4372 1505 4434 σόν·

0 4484 19 4531 ;,
35 4462 112 4522 nobis
128 4474 189 4522 ante
207 4460 300 4521 oculos
317 4458 408 4520 omnia
428 4458 504 4519 nuda
523 4460 673 4541 proponit?
728 4487 808 4544 μασιν
823 4461 979 4544 ἀνθρώπων,
988 4461 1167 4541 τετραπόδων,
1177 4457 1286 4540 ἰχθύων,
1301 4461 1402 4542 ἀέρων,
1414 4464 1504 4535 λίθων,

1 4547 26 4609 is
37 4553 102 4614 satis
116 4555 230 4616 miretur
240 4576 335 4615 cursus
350 4553 409 4635 ejus
423 4567 526 4613 rectum
536 4552 671 4633 ordinem,
729 4557 862 4636 βοτανῶν,
876 4552 924 4626 τὴν
938 4556 1035 4630 ένγῇ,
1057 4552 1105 4625 τὴν
1126 4556 1153 4613 is
1173 4550 1311 4632 θαλάσση,
1322 4552 1374 4626 τὴν
1388 4559 1416 4616 έν
1436 4556 1504 4637 ἀέρι,
1533 4545 1537 4558 ’

6 4656 82 4704 tot
93 4667 227 4707 annorum
241 4645 373 4706 circuitus
385 4645 554 4706 immutabile
566 4667 598 4706 ae
611 4669 674 4708 nus·
727 4647 776 4721 τὴν
797 4649 824 4707 έν
847 4655 928 4704 πᾶσιν
959 4644 1050 4712 ἁπλῶς
1072 4654 1127 4711 τοῖς
1152 4642 1307 4724 δρωμένοις,
1327 4647 1427 4707 Πάντα
1453 4649 1505 4726 γὰρ

0 4734 234 4838 ἰιιισττιιριιιιιι
249 4737 439 4812 ministerium,
460 4740 703 4820 semperlloren·
727 4744 807 4801 αὐτοῦ
830 4740 914 4798 διιται
934 4736 979 4796 καλ
998 4737 1126 4798 ἀπολαύει
1146 4740 1193 4807 τῆς
1212 4735 1314 4815 χρείας,
1333 4737 1381 4797 καί
1401 4739 1504 4818 ἀμείνω

3 4845 80 4906 epus
89 4828 330 4910 pulchritudinem,
338 4829 520 4911 splendorem,
530 4832 674 4912 fulgorem,
726 4832 827 4911 γίνεται
843 4828 941 4899 ταύτης
956 4828 1110 4911 μετέχοντα,
1121 4830 1151 4890 οὐ
1167 4826 1280 4907 σώματα
1293 4827 1322 4887 δέ
1337 4829 1430 4907 μόνον,
1444 4834 1505 4892 stet

22 4928 102 4978 tatem
103 4942 197 5000 quae,
207 4922 389 4983 boetcumtot
398 4922 601 5004 corporibus
565 4944 675 4985 miscca
726 4920 811 5004 φυτδ,
825 4918 894 4983 ἀλλὰ
911 4918 957 4979 καί
976 4918 1075 4994 ὕδατα,
1091 4920 1137 4981 καί
1154 4919 1261 4997 λίμναι,
1281 4921 1329 4980 καί
1342 4922 1444 5002 πηγαί,
1458 4924 1504 4984 καί

4 5028 159 5088 ,nusquam
168 5026 258 5073 tamen
269 5014 446 5094 inquinatur?
457 5015 507 5075 His
518 5013 589 5074 adde
599 5013 674 5074 utili-
726 5011 856 5093 ποταμοί,
871 5009 916 5071 καλ
936 5010 1003 5084 edi-l
1024 5035 1069 5071 του
1052 5012 1162 5092 ἀέρος
1179 5011 1294 5092 ἡφύσις
1316 5014 1504 5094 λεπτυνομένη

5 5124 24 5148 ἰ
52 5098 208 5163 immensam
218 5104 245 5164 in
254 5103 412 5183 seminibus,
425 5104 453 5164 in
464 5104 575 5186 plantis,
586 5104 613 5164 in
625 5106 672 5166 bo·
724 5102 771 5163 κοί
791 5101 970 5183 καθαιρσμίνη
991 5102 1036 5162 καλ
1052 5101 1212 5184 διιιδιστέριι
1228 5103 1366 5181 γινομένη.
1392 5104 1446 5166 Διδ
1471 5106 1504 5179 δὴ

5 5208 63 5247 ιιιιιι
91 5193 259 5268 consoribus,
293 5193 509 5275 quadrupedum,
539 5195 670 5276 piscium,
724 5194 859 5256 τοῦτοκαὶ
873 5193 1193 5276 δψαλμῳδδςτδκάλλος
1208 5197 1289 5256 «broii
1303 5199 1505 5279 παροδηλῶσαι
