3764 5992
96 388 168 486 476
419 410 449 460 s.
475 407 617 460 ιοιινιιιε
641 403 824 455 cunrsosr.
853 405 1008 454 rucuma.
1037 405 1306 455 cousranrmor.

93 538 231 598 daemonas
250 533 385 616 abigebat,
401 547 521 594 mortuos
533 530 688 593 suscitabat.
703 527 810 587 Circui-
866 535 913 594 θας
936 529 1091 609 ἀνατέμνων
1114 536 1163 603 τῆς
1182 530 1319 598 ἀσεὸείας,
1343 527 1377 588 tir
1393 525 1536 610 σπέρματα
1549 548 1636 586 κατα·

94 629 143 688 bat
152 629 255 688 Paulus
261 629 365 700 orbem,
379 625 525 707 impietatis
531 624 621 705 spinas
631 641 759 696 resecant,
769 640 810 678 so·
864 620 970 680 ὄᾶλλων
984 624 1032 691 τῆς
1056 623 1206 696 εὐσείῖείας,
1222 623 1345 702 καθάπερ
1366 617 1467 699 siper-Ap
1482 620 1590 700 ἄριστος
1603 619 1636 677 τὸ

94 719 169 780 mina
188 720 297 800 pietatis
318 717 445 800 jaciens,
437 740 444 754 ·
469 717 540 776 sicut
562 729 654 774 arator
676 712 807 794 optimus,
830 722 849 770 c
863 711 972 793 ἄροτρον
983 711 1051 792 ἔχων
1067 719 1114 785 τῆς
1126 712 1307 778 διδασκαλίας.
1320 712 1373 772 Καὶ
1387 712 1451 790 πρὸς
1464 709 1539 776 τίνας
1552 700 1640 781 ἦλθε,

1 829 34 917 ⁸¹2
38 809 348 916 ponaratrumdoctrmae
357 821 483 868 tractans
496 806 533 866 Et
541 802 810 884 adquosnamremt?
862 803 934 883 Πρὸς
956 804 1084 887 Θρᾷκας,
1108 805 1174 884 πρὸς
1193 805 1317 877 Σκύθας,
1340 804 1404 915 πρὸς
1427 801 1545 874 Ἰνδοὺς,
1569 803 1638 882 πρὸς

0 945 69 1056 ἴω
25 992 209 1066 ¹¹¹·Gothos,
230 991 265 1051 ad
287 992 356 1052 ieras
379 1005 507 1070 agrestes,
528 1004 555 1050 et
576 988 667 1058 omnia
683 986 809 1047 mutarit.
864 985 942 1066 θηρία
957 987 1051 1068 ἄγρια,
1067 989 1113 1047 καί
1130 988 1369 1067 μετέῦαλεποίντα
1391 987 1476 1045 Πόθεν
1488 986 1575 1059 ,Ἀπὸ
1589 993 1636 1046 τοῦ

94 900 138 960 Ad
153 901 284 978 Thracas,
299 900 426 981 Scythas,
447 896 541 976 Indos,
555 899 677 1001 Mauros,
696 893 807 971 Sardos,
863 893 1001 977 Μαύροις,
1026 897 1092 976 πρὸς
1112 896 1290 979 Σαρδονίους,
1320 894 1385 977 πρὸς
1407 893 1541 967 Γοτθοὺς,
1567 895 1636 975 πρὸς

91 1082 312 1143 UndenamtEx
321 1083 480 1142 arrhabone
489 1081 633 1156 Quomodo
643 1079 677 1140 ad
688 1079 809 1139 haecsus·
863 1076 1031 1156 ἄρραὸῶνος.
1035 1081 1099 1146 Πῶς
1112 1071 1266 1161 διήρκεσεν,
1280 1077 1390 1138 Atro
1353 1102 1402 1147 της
1413 1101 1458 1136 του
1475 1032 1635 1188 Πνειίματος

88 1173 169 1244 ficere
180 1174 289 1255 potuit?
304 1176 356 1233 Per
366 1173 481 1254 gratiam
492 1173 621 1254 Spiritus.
637 1170 739 1248 Idiota,
752 1190 807 1228 nu·
862 1169 981 1250 χοίριτος.
996 1171 1134 1244 Ἰδιώτης,
1154 1172 1266 1251 γυμνὸς,
1291 1170 1463 1238 ἀνυπόδετος·
1478 1175 1492 1229 θ
1512 1193 1559 1227 και
1548 1168 1636 1236 δοὺς

88 1263 152 1343 dus,
164 1265 364 1325 discaloeatusz
380 1265 428 1345 qui
438 1263 520 1324 dabat
531 1264 710 1327 arrhabonem
722 1261 808 1342 spiri·
860 1263 905 1321 τὸν
918 1261 1061 1341 ἀῤῥαθῶνα
1074 1269 1119 1322 τοῦ
1135 1262 1300 1340 Πνεῦματος.
1310 1262 1370 1321 Art
1383 1267 1460 1321 τοῦτο
1475 1260 1563 1339 λέγει·
1578 1260 1636 1320 Καὶ

0 1379 28 1411 r.
41 1379 65 1412 a.
89 1367 142 1418 tus.
154 1355 218 1418 Ideo
229 1357 313 1417 dicit:
328 1359 370 1417 Et
387 1359 430 1417 ad
441 1359 504 1418 Itoeo
517 1362 583 1439 quis
596 1359 739 1424 idoneut?
750 1357 809 1417 Sed
862 1351 927 1434 πρὸς
940 1360 1025 1413 ταῦτα
1038 1353 1079 1421 τίς
1090 1355 1193 1428 ἱκανῶς
1205 1354 1303 1426 Ἀλλ’ἡ
1318 1354 1442 1423 ἱκανότης
1454 1356 1533 1430 ἡμῶν
1546 1356 1576 1410 ἐκ
1587 1359 1635 1412 τοῦ

0 1487 63 1534 ,3.
91 1451 275 1531 sufficientia
285 1463 434 1509 nostraex
448 1451 513 1509 Deo
524 1463 575 1526 est,
586 1455 677 1530 quiet
687 1453 808 1515 idoneos
863 1448 942 1520 Θεοῦ,
955 1447 982 1513 ὃς
992 1446 1038 1505 καὶ
1053 1446 1261 1523 ἱαᾶνωσενὴμᾶς
1272 1444 1408 1511 διακόνους
1422 1449 1515 1515 καινῆς
1526 1442 1633 1514 Διαθέ-

91 1560 145 1600 nos
151 1542 225 1621 serit
236 1544 386 1600 ministros
396 1543 474 1601 Novi
495 1543 684 1616 Testamenti,
700 1563 759 1602 non
772 1546 808 1604 tt-
862 1560 929 1608 κηε,
954 1539 983 1596 οὔ
1004 1536 1180 1617 γράμματος,
1202 1537 1271 1596 ana
1295 1535 1460 1685 Πνεύμαότοι·
1476 1535 1533 1594 Ἴδε
1555 1535 1583 1593 τί
1600 1536 1633 1594 τὸ

91 1643 168 1705 term,
186 1633 239 1692 sed
252 1634 386 1713 Spiritus.
397 1632 550 1712 Videquid
564 1632 658 1692 fecerit
670 1634 806 1715 Spiritus
862 1628 975 1705 Πνεῦμα
986 1621 1168 1701 ἕπθῑησῑθ
1139 1653 1198 1709 ευρῑ
1212 1628 1323 1706 titum
1339 1626 1471 1706 δαιμόνων
1482 1627 1632 1705 γεμυυοαν

87 1736 193 1781 invenlt
203 1736 302 1782 terram
311 1722 480 1783 daemonrbus
491 1723 610 1804 plenam
625 1737 651 1782 et
661 1745 806 1804 ipsamcae-
861 1718 906 1777 καί
928 1720 1050 1792 ίποίησεν
1077 1720 1200 1792 αὐτὴν’
1175 1719 1293 1799 ουρανόν.
1308 1720 1406 1791 Μὴ
1379 1743 1430 1799 γαρ
1451 1718 1487 1778 ab
1509 1717 1632 1798 παρόντα

86 1811 145 1872 lum
156 1814 227 1873 t'ecrt
239 1817 280 1875 Ne
293 1829 436 1897 praesenua
448 1828 587 1895 cogitetis
602 1815 708 1876 sedilia
725 1820 804 1899 engi-
824 1813 980 1882 θέννοῆτε·
996 1810 1065 1871 tut
1079 1811 1226 1871 αναλαόετε
1236 1836 1275 1869 τω
1256 1814 1451 1891 λογισμω
1423 1809 1498 1869 αυτοί.
1513 1803 1615 1868 Ἰότ
1572 1835 1630 1882 εην

85 1904 185 1964 tatione
199 1906 319 1986 repetite.
338 1908 418 1966 Tunc
430 1906 519 1965 luctus
537 1920 605 1984 erat,
626 1920 691 1968 tuno
702 1909 804 1990 ubique
859 1906 970 1982 θρῆνοι,
988 1904 1048 1963 τότε
1068 1911 1206 1984 πανταχοῦ
1229 1903 1333 1982 βωμοί,
1359 1907 1498 1981 πανταχοῦ
1512 1903 1630 1975 καπνὸς,

84 1995 190 2072 altaria,
204 1995 306 2076 ubique
326 1997 427 2073 fumus,
448 1997 549 2077 ubique
567 1998 687 2073 nidores,
702 2001 804 2081 ubique
858 2017 995 2076 πανταχου
1021 2005 1130 2068 κνῖσαι,
1161 2020 1299 2075 πανταχου
1326 2003 1462 2073 πορνεῖαι,
1490 2002 1632 2073 πανταχοῦ

83 2086 283 2163 fornicationes,
294 2089 397 2168 ubique
405 2088 578 2166 initiationes,
588 2091 690 2169 ubique
699 2095 803 2156 sacrifi-
857 2089 982 2162 τελεταὶ,
996 2093 1133 2168 πανταχοῦ
1148 2087 1237 2147 θυσίαι
1250 2132 1258 2160 ,
1272 2092 1410 2166 πανταχοῦ
1425 2086 1548 2163 δαίμονες
1562 2090 1630 2165 βακ-

85 2177 137 2256 cia,
154 2180 255 2259 ubique
268 2180 403 2241 daemoues
414 2180 619 2256 debacchantes,
636 2184 739 2263 ubique
750 2208 802 2248 arx
856 2178 994 2260 χεύαντες,
1008 2185 1146 2259 πανταχοῦ
1159 2178 1301 2259 ἀκρόπολις
1313 2184 1358 2236 τοῦ
1372 2176 1504 2250 διαθολου,
1519 2200 1627 2236 παντα-

82 2268 196 2347 diaboli,
207 2271 309 2351 ubique
317 2271 458 2331 fornicatio
470 2273 665 2332 coronabatur:
677 2296 801 2357 unusque
855 2277 905 2350 χοῦ
915 2270 1024 2351 πορνεία
1038 2270 1248 2352 στεφανουμένη·
1259 2271 1304 2329 καί
1318 2261 1354 2336 εἷς
1366 2260 1399 2340 ἦν
1411 2273 1425 2328 θ
1435 2271 1551 2334 Παῦλος.
1564 2271 1629 2334 Πῶς

82 2358 184 2420 Paulus
193 2375 259 2422 erat
271 2361 416 2438 Quomodo
427 2383 480 2423 non
492 2363 647 2424 submersus
656 2367 716 2426 est?
729 2391 799 2447 quo.
855 2363 885 2421 οθ
898 2361 1093 2435 κατεποντίσθη
1105 2387 1113 2435 ;
1123 2366 1180 2429 πῶς
1201 2363 1230 2420 οὐ
1245 2360 1412 2431 διεσπάσθη,
1429 2364 1486 2426 πῶς
1498 2359 1585 2432 ἤνοιξε
1596 2359 1628 2439 τὸ

80 2450 162 2511 modo
185 2473 238 2512 non
265 2451 434 2534 disoerptus?
452 2453 587 2533 quomodo
610 2476 640 2515 os
669 2459 799 2537 aperuit?
856 2451 962 2530 ατᾶμαῐ
989 2454 1118 2524 Εἶαῆλθεν
1143 2455 1181 2519 tit
1200 2449 1346 2525 Θηὸαἷδα,
1367 2450 1412 2510 καί
1439 2450 1628 2530 firmabimus

80 2546 221 2625 Ingressus
239 2560 278 2628 est
299 2546 328 2605 in
344 2546 526 2625 Thebaidem,
547 2562 574 2607 et
587 2547 710 2630 captivos
724 2551 798 2613 iecit.
853 2543 958 2604 ἔλαθεν·
974 2544 1105 2616 Εἶαῆλθεν
1119 2547 1157 2611 εἰς
1178 2545 1226 2611 τὰς
1241 2542 1381 2622 βασιλικὰς
1396 2542 1498 2616 αὐλὰς,
1520 2542 1566 2600 καὶ
1581 2542 1627 2600 τὸν

80 2635 221 2716 Ingressus
230 2650 270 2697 est
280 2637 309 2697 in
322 2639 414 2697 aulam
424 2638 537 2718 regiam,
549 2651 576 2698 et
585 2658 675 2719 regem
684 2639 746 2701 iecit
756 2642 801 2703 di·
857 2634 968 2716 βασιλέα
979 2633 1101 2714 μαθητὴν
1118 2634 1251 2707 ἐποίησεν·
1267 2637 1396 2706 Εἷσῆλθίν
1407 2637 1443 2700 εἷς
1456 2634 1487 2693 τὸ
1501 2633 1630 2704 δικαστή-

81 2728 228 2809 scipulum.
249 2729 390 2807 Ingressus
401 2742 443 2790 est
461 2728 497 2788 ad
508 2729 639 2807 tribunal,
655 2745 682 2790 et
697 2731 766 2793 dicit
776 2735 801 2795 ei
857 2750 922 2808 ριον,
944 2726 990 2787 καί
1013 2726 1086 2804 λέγει
1108 2730 1179 2806 αὐτῷ
1199 2732 1213 2785 θ
1233 2724 1375 2797 δικαστής·
1399 2727 1470 2804 Παρ’
1489 2725 1579 2804 ὀλίγον
1595 2749 1628 2802 με

2 2833 69 2881 ono.
77 2818 165 2899 judex
183 2842 189 2874 :
204 2821 318 2878 Parum
339 2822 422 2879 abest
441 2823 515 2900 quin
534 2821 661 2882 suadeas
682 2826 756 2883 miltt'
769 2838 800 2885 ut
856 2816 1492 2898 πείθειςΧριστιανδνγενέσθαι·καλοδικοιστὴς
1505 2815 1628 2894 μαθητὴς

9 3047 31 3087 ti.

80 2910 155 2988 fiam
166 2912 354 2970 Christianus
364 2908 521 2991 :judexque
532 2911 619 2972 fartus
631 2926 670 2972 est
680 2912 801 2996 discipu·
855 2910 966 2990 ἐγένετο.
987 2911 1119 2981 Εἰσῆλθεν
1143 2913 1180 2977 εἰς
1203 2908 1234 2967 τὸ
1258 2907 1448 2986 δεσμωτήριον,
1462 2907 1508 2966 καί
1522 2909 1568 2968 τὸν
1583 2910 1627 2967 δε-

82 3001 286 3080 Ιιιε.,Ιιιγ;τεεειιε
295 3014 335 3060 est
343 3022 489 3076 carcerem,
501 3015 527 3061 et
538 3003 652 3063 carceris
662 3006 802 3067 custodem
822 3019 840 3065 tt
857 3000 1017 3081 σμοριίλακα
1038 2999 1141 3060 έλαθεν.
1156 3000 1286 3073 Ἀπῆλθεν
1313 3003 1350 3066 είς
1375 2999 1518 3081 βαρὸἄρων
1535 3005 1628 3074 νῆσον,

1 3105 39 3152 ’8.
81 3093 161 3173 oepit.
174 3093 351 3172 Ingressusin
361 3093 802 3178 barbaroruminsulam,riperam
858 3091 904 3151 καλ
922 3092 971 3166 τλν
985 3091 1042 3172 ἔχιν
1067 3093 1225 3152 διδάσκαλον
1240 3091 1372 3164 ἐποίησεν.
1386 3091 1514 3161 Ἀπῆλθεν
1532 3095 1568 3158 εἰς
1582 3093 1628 3151 τὸν

80 3182 144 3242 iecit
155 3183 304 3242 doctorem.
316 3183 391 3242 Abiit
401 3183 437 3242 ad
451 3185 605 3263 Romanum
618 3187 762 3267 populum,
776 3203 803 3249 et
855 3185 938 3263 δῆμον
953 3187 1005 3243 τῶν
1016 3183 1170 3262 Ῥωμαίων,
1185 3182 1231 3243 καλ
1241 3184 1290 3256 τὴν
1300 3183 1446 3262 σύγκλητον
1458 3182 1626 3242 ἀπέσπασεν.

80 3287 202 3334 senatum
213 3273 251 3333 ad
261 3295 290 3334 se
298 3273 440 3357 pertraxit.
450 3274 524 3333 Abiit
533 3273 569 3333 ad
578 3275 702 3353 flumina,
712 3278 747 3338 ad
755 3279 802 3339 de-
854 3275 983 3349 Ἀπῆλθεν
1003 3279 1039 3341 εἰς
1054 3273 1205 3353 ποταμοὺς,
1219 3277 1337 3346 ἀπῆλθεν
1351 3276 1386 3339 εἷς
1400 3274 1514 3353 ἐρήμους
1529 3273 1629 3340 τόπους

60 3407 64 3416 ι
81 3380 151 3426 serta
164 3366 221 3426 loca
234 3387 406 3447 quocumque
415 3387 464 3447 per
473 3365 577 3426 orbem.
588 3367 648 3426 Non
659 3383 738 3443 terra,
749 3392 801 3432 non
854 3373 992 3447 πανταχοῦ
1005 3373 1052 3440 τῆς
1064 3367 1227 3445 οἰκουμένης.
1242 3368 1282 3425 Οὐ
1297 3369 1351 3444 γῆ,
1366 3368 1395 3424 οὐ
1412 3365 1534 3424 θάλασσα
1547 3363 1628 3441 ἄμοι-

80 3480 154 3518 mare
173 3459 230 3539 ejus
244 3459 437 3539 praeclarorum
450 3458 602 3518 officiorum
617 3482 717 3542 expers
729 3464 799 3523 suit:
855 3485 898 3542 ρος
913 3464 991 3520 αὐτοῦ
1010 3463 1067 3521 ἔστι
1087 3464 1140 3520 τῶν
1161 3459 1394 3541 κατορθωμάτων·
1409 3458 1490 3516 ἔδωκε
1513 3455 1566 3537 pipp
1580 3458 1627 3517 τὸν

79 3549 155 3610 dedit
174 3552 246 3610 enim
259 3551 440 3611 arrhabonem
452 3550 557 3626 annuli,
572 3551 689 3632 datoque
701 3556 799 3615 arrha·
854 3553 997 3634 ἂῤῥαὸῶνα
1017 3559 1063 3613 τοῦ
1089 3552 1248 3624 δακτυλίου,
1266 3551 1312 3610 καὶ
1326 3550 1384 3616 δοὺς
1398 3551 1443 3609 τὸν
1456 3550 1602 3629 ἀρραίῶνα
1617 3594 1625 3618 ,

79 3641 149 3701 bone
171 3643 225 3702 ait:
249 3641 315 3701 Hac
336 3641 386 3700 tihi
398 3642 457 3723 jam
472 3640 520 3720 do,
543 3653 639 3703 caetera
658 3645 796 3724 polliceor.
853 3644 939 3724 λέγει·
953 3643 989 3703 τὰ
1004 3643 1052 3722 μὲν
1068 3643 1121 3716 ἤδη
1136 3642 1232 3721 δίδωμί
1244 3665 1302 3712 σοι,
1321 3638 1355 3699 τί
1371 3640 1398 3699 δὲ
1413 3641 1626 3718 ἐπαγγέλλομαι.

14 3762 43 3818 γε,
49 3733 265 3806 Quamobrem
278 3733 345 3793 dicit
358 3732 382 3792 ei
391 3733 542 3814 propbeta:
558 3733 686 3796 Adstitit
697 3743 800 3818 regina
810 3769 847 3808 ,ω
854 3735 906 3795 Διὰ
917 3740 997 3795 τοῦτο
1011 3735 1082 3813 λέγει
1097 3738 1163 3813 αὐτῇ
1179 3731 1358 3815 θπρορήτης·
1377 3734 1423 3790 Πα
1426 3733 1503 3813 ρέστη
1516 3736 1533 3802 ἡ
1548 3731 1628 3809 βασί-

81 3823 223 3881 adextris
237 3825 338 3881 tuisin
349 3827 459 3882 vestitu
474 3823 627 3883 deaurato.
641 3826 799 3887 Nouvesti-
819 3824 933 3888 Αλισσα
956 3829 987 3886 έιι
1011 3824 1104 3895 δεξιῶν
1121 3849 1167 3885 σου
1188 3827 1214 3884 έν
1242 3827 1381 3902 ίματισμῶ
1397 3822 1540 3902 διαχρύσῳ.
1563 3825 1626 3901 Οὐχ

82 3926 203 3972 mentum
212 3911 291 3989 dicu
302 3912 351 3972 sed
360 3915 499 3973 virtutem
504 3910 573 3973 ideo
582 3915 723 3996 Scriptura
732 3919 799 3979 ahbr
853 3919 958 3997 ἱμάτιον
984 3917 1070 3997 λέγει,
1097 3917 1157 3976 ἀλλ’
1177 3916 1282 3997 ἀρετ-ἡν.
1305 3914 1357 3972 Διὰ
1385 3920 1461 3973 τοῦτο
1485 3918 1501 3985 ἡ
1527 3915 1624 3992 Γραρὴ

1 4034 68 4078 M„
81 4003 132 4063 ait.
144 4003 359 4082 Quomodobuc
374 4007 678 4065 intrastinonbabens
687 4022 799 4069 vestem
852 3975 971 4089 ἀλλαχοῦ
987 4008 1077 4086 λέγει·
1090 4009 1154 4073 Πῶς
1179 4008 1268 4077 εἰσῆλθ
1270 4028 1297 4071 ες
1255 3996 1371 4064 θωδε
1389 4002 1425 4081 μὴ
1439 4003 1508 4082 ἔχων
1522 4004 1625 4080 ἔνδυμα

82 4093 264 4198 nuptialem?
277 4095 370 4172 ltaque
384 4106 549 4152 nonvostem
562 4094 641 4173 dicit,
656 4097 798 4160 tedforni-
852 4099 955 4180 γοίμοιις
963 4098 1049 4172 Ὥστε
1064 4100 1112 4157 οὒκ
1126 4098 1226 4175 ἔνδυμα
1238 4096 1326 4173 λεγει
1343 4094 1413 4154 ἀλλὰ
1426 4093 1474 4165 τὴν
1486 4116 1538 4173 πο
1540 4059 1625 4169 νείαν,

80 4186 223 4259 cntionem,
243 4199 270 4246 et
296 4184 484 4246 obscoenum
476 4191 795 4266 impurumquefacinns.
852 4193 897 4252 καί
910 4191 959 4264 τλν
974 4189 1094 4272 ῥυπαρὰν
1109 4189 1204 4268 πρᾶξιν
1225 4188 1271 4248 καί
1287 4186 1374 4246 satta
1341 4193 1444 4267 θα.ρτον
1455 4177 1609 4264 Ὥσπερῗ
1577 4210 1622 4245 ουν

78 4277 319 4383 Quemadmodum
343 4260 454 4338 sordida
477 4275 636 4337 vestimenta
657 4299 798 4360 peccatum
851 4283 886 4343 τδι
908 4279 1013 4394 ῥρπαρίι
1035 4281 1101 4359 ίμοίτ
1104 4305 1147 4350 ια,
1173 4277 1309 4356 ἁμαρτία·
1330 4275 1399 4335 οὕτω
1418 4273 1451 4334 tir
1467 4273 1623 4352 διάχρυσα,

80 4384 160 4431 sunt:
173 4370 214 4430 sic
232 4384 259 4430 et
270 4391 361 4448 aurea,
371 4382 467 4430 virtus
479 4367 533 4428 sed
547 4383 737 4433 resumentum
746 4376 798 4437 boc
852 4372 942 4488 ἀρετή.
956 4370 1070 4432 Aut
1045 4393 1076 4430 το
1085 4370 1190 4448 ἱματιον
1202 4392 1280 4428 τουτο
1290 4391 1335 4428 τον
1319 4365 1502 4445 βασιλεως
1485 4356 1532 4422 έν
1526 4365 1623 4432 Ιαὐτὸς

79 4482 150 4541 regis
159 4475 236 4524 erat
230 4482 309 4542 ipse
319 4473 447 4521 vestitum
457 4458 499 4518 rllr
508 4459 603 4520 dedu
596 4463 688 4524 ·nuda
697 4467 797 4550 quippe
851 4467 918 4538 αὐτη
900 4463 978 4524 *xri
992 4463 1098 4543 ἱμάτιον
1112 4462 1224 4521 ἔδωκεν·
1239 4457 1327 4538 γυμνὴ
1349 4457 1399 4537 γὰρ
1412 4447 1455 4528 ἦν,
1471 4454 1558 4533 γυμνὴ
1575 4455 1624 4513 καὶ

78 4565 144 4628 orat,
154 4551 226 4611 nuda
235 4567 261 4611 et
269 4565 385 4633 turpiter
393 4550 551 4610 deformata
561 4552 797 4638 Adstititregina
850 4558 1050 4636 ἀσχημονοῦσα.
1043 4553 1189 4632 .Παρε’στη
1212 4556 1229 4622 ἡ
1250 4552 1393 4630 βασίλισσα
1417 4550 1448 4606 ἐκ
1466 4545 1557 4613 δεξιῶν
1573 4571 1621 4606 σου

78 4647 339 4704 adextristut'sin
350 4648 459 4704 vestitu
475 4644 796 4710 denuntiationum
852 4641 1367 4729 ένίματισμῳδιαγρυσῳΟυχίματια
1386 4640 1472 4717 έλγει,
1486 4640 1577 4696 ἀλλ’
1561 4661 1623 4719 αρε-

75 4753 167 4798 menta
179 4737 255 4814 dicit,
275 4736 321 4797 sod
342 4739 490 4796 virtutem:
506 4757 559 4796 non
573 4737 656 4815 dixit,
670 4740 701 4800 ln
714 4763 793 4802 auro.
848 4741 911 4812 τήν·
924 4742 971 4800 ουκ
983 4730 1066 4810 εἶπεν,
1079 4740 1105 4796 ἐν
1119 4740 1220 4817 χρυσῷ.
1235 4732 1373 4815 Πρόσεχε
1367 4729 1622 4801 καλαύτλὴλέξις

78 4829 195 4889 Attende
208 4854 214 4886 :
228 4850 281 4890 vox
293 4828 350 4887 baeo
366 4847 492 4907 magnam
508 4827 589 4888 babet
604 4831 795 4893 sententiarum
848 4830 950 4905 πολλὴν
962 4831 1019 4911 ίχει
1028 4828 1159 4909 εὐγένειαν
1167 4826 1317 4905 νοημάτων.
1328 4827 1387 4884 Οὐκ
1399 4813 1470 4892 εἶπε,
1480 4824 1507 4879 έν
1514 4826 1621 4904 χρυσῶ

78 4920 257 4997 nobilitatem.
268 4919 620 4998 Nondixit,lnauro,scd,
631 4924 793 4988 Deaurato.
812 4923 933 4997 seut,
953 4921 1055 5002 Διαχ’
1027 4945 1105 5004 ρ.υσιρ
1117 4919 1209 4981 Ἀκουε
1222 4920 1346 4985 συνετῶς
1361 4916 1401 4975 Τὸ
1414 4918 1527 4995 χρυσοῦν
1551 4913 1619 4990 ίμοί

69 5012 277 5072 Solerteraudi.
282 5011 794 5089 Aureumvestimentom,totumestau·
847 5040 902 5077 τιον
916 5015 976 5076 δλον
988 5014 1097 5127 ἰστλχρ
1098 5017 1224 5074 υσοῦν·τ
1209 5010 1240 5070 ab
1263 5009 1292 5070 δέ
1315 5008 1455 5088 διάχρυσον
1480 5004 1549 5084 μέρη
1568 5005 1619 5081 μὲν

76 5126 165 5182 roum3
157 5104 336 5163 deauratum
345 5102 544 5183 vernqnasdam
550 5126 654 5184 aureas,
663 5108 792 5188 quasdam
847 5108 923 5189 ἔχει·
917 5114 1022 5187 χρυσᾶ,
1037 5105 1105 5187 μέρη
1120 5103 1148 5163 δέ
1160 5100 1268 5183 σηρικοί.
1284 5100 1337 5160 Δια
1349 5091 1419 5158 τί
1389 5122 1433 5157 ουν
1449 5096 1487 5175 μὴ
1501 5104 1619 5177 χρυσοῦν

70 5195 373 5277 οσιὶοεερεηοιίιεθοε.
386 5195 791 5284 Οιιιετγγοιιοιιᾶίιῑῐεροιιεειιιι
847 5199 979 5277 ίμιίτιονι
968 5188 1025 5256 εἷπε
1040 5205 1128 5278 ρορεῖν
1151 5195 1200 5266 τὴν
1225 5193 1339 5272 νύμρην,
1362 5189 1431 5250 ἀλλὰ
1452 5191 1531 5267 διάγρ
1532 5210 1618 5261 οσον,
