3810 6000
619 510 622 517 =
701 494 734 544 tu
763 495 1013 565 ascensiones,
1036 499 1113 549 ure.
1606 480 1656 580 95
1663 510 1674 553 r

128 635 197 685 τας,
216 613 323 674 καὶτὸν
342 615 903 698 Σολομῶντασορόσας.Ἇνέόηὁθεθςέν
958 624 1103 684 Ascendit
1115 624 1197 684 Deus
1211 627 1244 683 in
1249 623 1358 707 jubilet,
1371 622 1420 702 qui
1453 622 1580 706 replictae
1592 626 1678 710 inspi-
1784 691 1798 712 a

128 695 293 790 ἀλαλαγμῷ,
313 699 326 754 ὁ
346 694 406 762 τοὺς
427 720 449 755 π
499 696 563 768 ήτας
587 697 754 774 ἰμπνιύαας,
778 700 824 758 καὶ
850 710 919 771 ταῖςΙ
956 702 1037 777 ravit,
1050 716 1076 762 et
1093 703 1222 782 apostolis
1237 703 1407 767 curationum
1426 644 1496 763 dona
1507 704 1621 786 largitus
1629 721 1676 769 est

128 775 288 840 ἀποστόλοις
307 773 355 840 τὰς
369 777 422 833 τῶν
461 775 570 853 αμότων
593 776 692 858 δωρεὰς
714 779 902 859 χαρισάμενος.
957 782 1102 841 Ascendit
1112 783 1195 842 Deus
1208 787 1240 841 in
1245 784 1354 864 jubilo,
1367 782 1416 861 qui
1426 782 1455 841 in
1469 784 1541 844 caelis
1555 784 1611 845 sine
1621 807 1678 845 ma·

128 849 223 923 Ἀνέόη
236 856 249 911 ὁ
260 852 328 920 Θεὸς
338 857 365 912 ἐν
376 855 556 934 ἀλαλαγμῷ,ό
570 854 623 914 ἄνω
637 855 763 939 ἀμήτωρ,
776 859 822 917 καὶ
830 864 903 919 κάτω
956 874 1006 933 tre,
1017 860 1045 918 in
1061 874 1131 920 terra
1146 863 1203 921 sine
1217 877 1293 942 patre
1315 875 1364 922 est.
1386 863 1532 922 Ascendit
1552 866 1633 942 Deus
1645 868 1678 924 in

129 930 251 1011 ἀπάτωρ.
262 931 353 1004 Ἄνέόη
366 933 457 999 ὁΘεὸς
469 938 495 998 ἐν
508 936 671 1017 ἀλαλαγμῷ,
686 936 717 995 τό
735 943 781 996 τοῦ
797 938 903 1019 Πατρός
950 941 1058 1021 jubilo,
1074 939 1162 999 Patris
1173 954 1235 999 ante
1247 942 1343 1001 saecula
1355 941 1456 1022 proles,
1466 943 1559 1002 matris
1568 965 1677 1024 germen

127 1010 286 1091 πρααιώνων
311 1010 442 1090 γέννημα,
458 1013 504 1071 καὶ
531 1019 578 1086 τῆς
604 1014 733 1094 παρθένου
758 1018 902 1097 μητρὸςτὸ
956 1021 1273 1079 nonsatumAscendr't
1288 1022 1520 1102 Densinjubilo,
1537 1021 1675 1083 vitaelar-

128 1088 273 1168 ἀφότευτον
289 1089 441 1169 βλάστημα.
456 1090 549 1164 Ἀνὲόη
568 1094 661 1160 όΘεὸς
684 1097 710 1154 ἐν
734 1097 883 1176 ἀλαλαγμῷ
892 1143 902 1170 ,
955 1097 1026 1177 gitor
1035 1111 1061 1157 et
1070 1097 1238 1157 mirabilium
1247 1098 1426 1181 dispensator.
1436 1099 1582 1160 Ascendit
1593 1105 1676 1163 Deus
1773 1122 1777 1140 t

127 1171 202 1238 ὁτῆς
218 1172 287 1238 ζωῆς
299 1170 428 1250 χορηγός,
450 1170 496 1230 καλ
517 1175 569 1231 τῶν
584 1170 740 1253 παραδόξων
757 1155 901 1252 increpuit.
954 1180 987 1236 in
996 1178 1105 1257 jubila),
1121 1179 1168 1268 qui
1189 1193 1303 1238 mortem
1316 1191 1403 1238 morte
1414 1179 1531 1252 necavit,
1545 1194 1571 1239 et
1582 1182 1674 1260 generi

126 1245 222 1317 Ἀνόόη
237 1249 329 1316 ceso<
342 1251 483 1329 ἔνάλαλαγ
505 1254 615 1332 ῷ,θτῷ
632 1251 735 1333 θανάτῳ
749 1254 903 1323 θανατώσας
954 1254 1095 1315 hominum
1106 1271 1192 1316 urtam
1203 1256 1318 1337 largitus
1331 1272 1379 1317 est.
1390 1259 1536 1318 Ascendit
1545 1263 1612 1319 Deu
1639 1265 1673 1320 in

124 1326 173 1385 τὸν
188 1326 309 1400 θάνατον,
334 1327 379 1386 καλ
393 1332 432 1408 τῷ
455 1354 525 1409 γ,νει
539 1335 593 1390 τῶν
608 1329 753 1410 ἀνθρώπων
768 1332 901 1414 ζωὴνχα-
947 1336 1222 1415 jubiloeDominus
1236 1341 1269 1396 t'rt
1280 1358 1353 1397 voce
1375 1341 1461 1399 tube.
1474 1337 1531 1419 Ipsi
1545 1340 1631 1420 gloria
1645 1340 1673 1399 ln

127 1405 381 1485 praeponendis
401 1412 415 1466 ὁ
436 1411 504 1476 Θεὸς
527 1413 554 1468 ἐν
579 1412 744 1490 ἀλαλαγμῷ,
760 1413 854 1494 Κύριος
873 1415 900 1472 ἕν
952 1414 1048 1473 saecula
1064 1416 1340 1477 seculorumhmen.

124 1488 202 1564 φωνῇ
217 1486 298 1544 onim
333 1509 368 1552 ος.
395 1488 473 1569 Αὐτῷ
490 1492 508 1559 ἡ
527 1487 589 1558 δόξα
612 1493 649 1557 εἰς
663 1491 722 1558 τοὺς
737 1494 833 1561 αἰῶνας
847 1496 900 1552 τῶν

122 1561 245 1623 αἰώνων.
255 1511 337 1641 'apii
353 1570 373 1624 ⁸.

158 1766 170 1790 ·
186 1753 229 1804 Sic
238 1755 264 1804 in
273 1750 343 1804 mie
356 1754 434 1810 savit.
447 1755 573 1807 clauditur
584 1758 636 1809 hec
648 1758 793 1811 brevissima
803 1757 888 1810 horni-
914 1766 952 1820 τὸς
965 1765 977 1814 θ
996 1768 1059 1820 orte·
1073 1768 1175 1834 αθααιραν
1193 1776 1291 1836 σήμερον
1307 1771 1408 1825 ἅπαντας
1420 1790 1425 1819 :
1439 1782 1514 1833 quam
1527 1765 1602 1832 paulo
1612 1778 1672 1820 autc

119 1826 156 1878 lia
171 1830 310 1896 aquodam
330 1833 445 1885 Graeculo
466 1837 599 1887 adornata.
611 1839 672 1888 Post
682 1855 738 1888 cam
758 1855 807 1890 una
824 1840 887 1889 serie
911 1833 1039 1904 dedimus,
1048 1857 1152 1907 queque
1162 1838 1257 1891 nullum
1267 1839 1345 1891 hahet
1354 1860 1412 1892 cum
1422 1840 1469 1894 hac
1478 1841 1636 1894 affinitatem.

116 1907 236 1974 sequitur
248 1907 342 1960 ibidem
353 1911 431 1962 altera
439 1912 552 1980 homilia,
561 1932 616 1980 quae
625 1913 661 1964 sic
669 1917 758 1982 incipit
769 1935 774 1964 :
789 1922 887 1983 Εὐλογη-

688 2295 1100 2426 MONITUM

506 2584 571 2657 AD
596 2582 817 2657 HOMlLlAS
843 2582 893 2656 ΙΝ
917 2583 1280 2658 PENTECOSTEN.

159 2811 359 2895 Septemdecim
376 2812 567 2881 Homiliasseu
580 2811 672 2892 λόγως
684 2810 912 2895 Chrysostomiin
927 2813 1099 2870 Pentecosten
1119 2823 1311 2871 commemorat
1323 2810 1437 2870 Photius
1452 2810 1479 2870 in
1493 2807 1663 2872 Bibliotheca

119 2927 172 2966 sna
181 2928 231 2987 cap
250 2906 322 2981 ase
344 2926 459 2983 quarum
472 2905 584 2964 fortasse
596 2925 709 2963 numero
719 2917 795 2962 erant
809 2903 851 2962 hae
866 2917 921 2963 tres
946 2924 1014 2982 quas
1032 2902 1060 2961 in
1073 2902 1228 2983 spuriarum
1242 2925 1354 2963 numero
1370 2903 1503 2985 ponimus.
1517 2904 1583 2964 Illas
1594 2904 1664 2964 inter

114 2997 338 3078 dppriello'psve
351 3017 398 3056 seu
407 2996 492 3056 dubia
500 2996 600 3056 locavit
609 2994 744 3071 Savilius3
756 2995 856 3054 Fronto
867 2996 989 3055 Dnoaeus
999 2994 1119 3076 priorem
1126 3007 1232 3055 tantum
1240 2995 1338 3070 edidit,
1353 3009 1381 3055 at
1395 2996 1664 3076 spuriamexistima-

112 3089 158 3153 rit
170 3114 177 3148 :
190 3089 236 3149 cni
245 3104 270 3149 et
283 3110 333 3170 ego
346 3088 505 3171 adstipulor.
518 3087 728 3170 Adsti'pulantur
741 3086 867 3147 similiter
878 3086 1002 3169 plerique
1012 3099 1104 3145 omnes
1114 3084 1168 3147 viri
1179 3086 1251 3146 docti
1256 3110 1266 3164 3
1281 3087 1370 3167 stylus
1381 3087 1453 3156 enim
1467 3087 1568 3147 mirum
1578 3110 1663 3166 quan·

111 3182 336 3243 tumabhorreta
346 3179 648 3263 Chrysostomidicendi
656 3178 880 3259 generePutavit
894 3178 1030 3260 quispiam
1043 3200 1099 3240 csse
1108 3178 1245 3241 severiani
1261 3179 1430 3240 Gabalorum
1440 3179 1560 3261 episcopi
1574 3201 1642 3260 opus
1650 3202 1662 3261 3

112 3274 144 3336 id
158 3296 194 3334 ex
210 3275 361 3356 conjectura
376 3273 481 3333 dictum
492 3286 546 3348 est3
565 3270 655 3353 potuit
673 3292 688 3330 a
712 3271 860 3333 Severiano
873 3271 1055 3352 pronuntiari,
1068 3272 1158 3353 potuit
1168 3272 1203 3331 ab
1214 3271 1268 3330 alio
1282 3272 1470 3353 chrysostomi
1480 3273 1588 3333 nominc
1600 3295 1664 3335 con·

112 3365 182 3445 fingi
189 3389 199 3442 3
209 3365 239 3425 id
251 3366 326 3444 quod
335 3365 464 3425 libentius
477 3364 625 3425 crederem.
647 3364 786 3422 Postrema
797 3362 920 3423 homilias
933 3363 1015 3425 verba
1037 3364 1183 3424 observatu
1192 3361 1354 3443 dignissima
1366 3379 1447 3423 sunt:
1460 3364 1661 3445 diciturlmpe·

111 3471 231 3518 ratorem
254 3470 319 3517 tunc
341 3456 649 3537 regnantem'immatura
672 3476 728 3514 esse
743 3468 829 3531 aetate,
844 3468 869 3514 et
885 3453 975 3513 lilium
989 3454 1139 3515 Theodosii
1152 3468 1309 3535 patremque
1319 3454 1480 3514 Theodosii.
1498 3455 1565 3514 Erat
1578 3456 1663 3536 igitur

111 3549 258 3626 Arcadius,
271 3550 317 3629 qui
327 3563 414 3608 tamen
424 3547 560 3629 quomodo
571 3547 716 3606 immatura
727 3559 814 3620 atate,
822 3546 845 3606 si
856 3547 915 3626 jam
930 3557 1007 3626 pater
1017 3545 1092 3603 erat?
1106 3542 1180 3602 Illud
1193 3564 1255 3603 vero
1267 3544 1356 3604 dicere
1369 3566 1421 3604 non
1434 3545 1527 3625 potuit
1538 3545 1660 3628 Chryso-

111 3654 219 3703 stemus
234 3666 241 3698 ε
257 3662 320 3701 nam
342 3664 404 3701 cnm
417 3640 479 3701 isin
491 3639 649 3721 episcopum
671 3635 1005 3717 constantinopolitanum
1028 3647 1167 3716 cooptatus
1193 3648 1242 3709 est,
1265 3648 1322 3694 erat
1335 3634 1470 3696 Arcadius
1484 3658 1568 3696 annos
1582 3650 1662 3698 natus

109 3737 166 3810 21,
181 3746 211 3792 ut
221 3733 323 3814 optime
337 3735 465 3793 observat
475 3728 731 3807 Tillemontius,qui
742 3728 892 3787 arbitratur
904 3728 963 3807 haec
976 3726 1059 3787 verba
1074 3747 1109 3785 ex
1122 3726 1244 3805 margine
1252 3726 1280 3786 in
1290 3740 1395 3787 textum
1406 3727 1554 3808 irrepsisse.
1568 3733 1661 3790 Atre-

110 3839 160 3887 tus
173 3826 308 3907 interpres
318 3826 376 3885 haec
388 3826 415 3886 in
425 3825 484 3907 ipso
495 3838 571 3884 textu
585 3824 699 3903 legerat:
713 3821 752 3880 sic
763 3820 845 3879 etiam
858 3819 1002 3881 hahetllls.
1014 3820 1162 3892 Caesareus,
1178 3840 1213 3878 ex
1226 3840 1279 3897 quo
1293 3820 1351 3878 haec
1361 3818 1476 3878 homilia
1491 3819 1589 3880 educta
1598 3822 1659 3901 luit.

110 3917 258 3980 Crederem
269 3918 360 3999 potius
374 3938 436 3976 eum
446 3916 494 3995 qui
508 3913 694 3996 chrysostomi
708 3911 816 3971 nomine
831 3911 903 3971 hanc
911 3910 1053 3972 homiliam
1062 3910 1183 3992 primum
1192 3909 1292 3990 edidit,
1308 3911 1367 3970 haec
1378 3911 1514 3973 ἀαόστατα
1528 3914 1659 3993 posuisse.
1701 3996 1705 4003 Δ

108 4012 202 4074 vetus
212 4024 302 4070 autem
313 4011 448 4090 interpres
456 4007 680 4088 longediversum
691 4005 720 4064 in
733 4002 826 4063 multis
839 4018 948 4064 textum
959 4003 1067 4078 habuit,
1074 4017 1167 4063 et'non
1177 4023 1264 4083 pauca
1276 4001 1355 4063 effert
1365 4024 1425 4081 que
1436 4002 1464 4062 in
1474 4016 1551 4064 textu
1562 4007 1659 4067 Graeco

108 4101 243 4163 hodierno
258 4122 311 4161 non
322 4114 439 4179 exstant,
457 4100 525 4159 utin
539 4101 608 4158 notis
621 4097 656 4157 ad
667 4097 751 4157 imam
761 4095 890 4178 paginam
906 4096 1001 4179 positis
1015 4095 1118 4156 rideas.

151 4193 277 4256 Secunda
284 4193 396 4253 homilia
406 4191 523 4254 Graeeuli
535 4203 717 4251 commentum
728 4211 784 4250 esse
792 4189 916 4270 ridetur,
926 4188 974 4269 qui
986 4189 1014 4248 in
1025 4187 1185 4248 brevissima
1194 4186 1315 4249 oratione
1327 4187 1362 4248 ab
1372 4189 1427 4248 alic
1437 4188 1473 4248 ad
1483 4187 1561 4250 aliud
1574 4189 1659 4270 argu-

107 4300 234 4349 mentum
243 4285 349 4360 transit,
359 4286 438 4365 quasi
452 4284 574 4366 priorum
583 4283 685 4343 oblitus
692 4305 703 4361 3
717 4282 764 4341 hic
775 4281 856 4341 etiam
867 4301 923 4341 non
935 4301 1022 4362 pauca
1035 4279 1151 4362 puerilia
1160 4277 1355 4358 deprehendas.

150 4379 246 4440 Tertia
258 4379 369 4460 indigna
382 4378 478 4459 quovis
497 4377 585 4458 sagaci
607 4376 679 4454 viro,
690 4397 723 4435 ne
739 4375 829 4435 dicam
844 4374 1051 4455 chrysostomo,
1065 4369 1222 4432 soloecismis
1232 4383 1326 4448 scatet,
1336 4384 1362 4430 et
1378 4370 1542 4450 quibusdam
1555 4372 1583 4432 in
1591 4371 1659 4448 locis

107 4472 150 4534 ita
166 4465 280 4531 obscura
293 4486 342 4550 est,
353 4485 382 4532 ut
396 4470 502 4531 nonnisi
516 4468 665 4530 divinando
676 4490 784 4528 sensum
794 4465 955 4545 assequaris.
970 4465 1057 4525 Hasce
1080 4484 1162 4545 porro
1181 4461 1251 4524 duas
1264 4476 1414 4544 postremas
1427 4462 1554 4524 homilias
1567 4465 1660 4547 puhli-

108 4585 174 4626 care
186 4584 220 4623 ne
233 4563 424 4644 cogitassemus
436 4561 557 4642 quidem,
574 4561 626 4621 nisi
637 4559 842 4641 Savilinsprior
852 4557 992 4619 edidisset.

150 4657 252 4718 Trium
266 4656 447 4718 Homiliarum
461 4655 707 4736 interpretationem
721 4652 846 4712 Latinam
861 4650 1065 4711 adornavimus.
