3764 5992
274 424 311 472 ru
339 420 450 488 innuo,
478 419 714 471 uruicnnrrnos
740 420 833 469 uuou
860 422 969 471 ouum
1000 425 1097 474 coar.
1130 429 1163 475 nr
1191 428 1319 477 nouusr.
1501 413 1565 484 183

140 568 172 607 αν
186 546 236 606 καὶ
247 550 386 627 πανταχοῦ
403 544 566 617 καταδήλους
584 543 677 613 αύτούς
692 543 736 603 διδ
750 548 795 604 τοῦ

140 648 240 698 ἀυτεῖν
256 637 428 717 βουλομένην,
449 635 516 714 μετὰ
535 639 635 707 πολλῆς
656 641 704 708 τῆς
725 635 794 703 ἐξου-

140 731 231 812 γνρκαλ
245 731 427 810 θπιτάγματι,
443 730 565 811 καθάπερ
578 729 639 790 τινὰ
652 728 794 808 μαστιγίαν

140 845 166 898 ς,
178 822 360 903 ἠλευθέρωσεν
381 821 483 892 ἰκείνην
505 829 551 880 τοῦ
574 829 688 902 πονηροῦ
702 822 793 900 δαίμο-

140 912 220 981 acvb<
235 914 286 986 την
303 913 381 974 πόλιν
394 913 496 985 ἐκείνην
508 918 658 987 οἰκοῦντας,
669 917 705 982 ὡς
719 917 793 995 εὐερ-

140 1005 198 1065 ικδν
210 1006 257 1065 καί
273 1008 397 1085 σωτῆρας
410 1006 518 1084 βλέπειν
536 1004 597 1073 τοὺς
619 1004 793 1078 ἀποστολους,

140 1098 153 1157 l
164 1097 310 1180 θεραπείας
321 1096 413 1182 τρύπα)
431 1098 492 1180 πτρλ
508 1096 599 1164 αὐτούς
612 1097 795 1179 χρησαμένους

140 1193 239 1261 tereti<
249 1187 382 1262 τοσαύτης
395 1188 544 1271 εὐεργεσίας
554 1233 562 1262 ,
574 1193 598 1250 οἱ
611 1189 638 1250 δὲ
652 1198 707 1256 τοῖς
718 1191 794 1248 ἐναν-
811 1209 829 1255 Β

140 1280 262 1342 ricoarae.
275 1280 331 1343 Kal
346 1282 426 1341 ἄκουε
443 1280 512 1340 τίσιν
528 1283 616 1349 αὐτοῖς
630 1281 793 1359 ἆμείὸονται.

140 1375 246 1455 ,φησῖη
259 1379 286 1436 el
294 1374 383 1458 κύριοι
396 1378 492 1448 αὐτῆς,
511 1375 552 1434 δτι
570 1375 676 1448 ἐξῆλθεν
688 1380 704 1446 ἡ
720 1375 794 1442 ἐλπὶς

140 1466 210 1534 rete<
235 1469 334 1541 αὐτῶν,
355 1467 543 1545 ἐπιλαθόμενοι
560 1467 606 1526 τὸν
622 1469 731 1526 Παῦλον
748 1468 794 1526 καί

140 1582 169 1633 α,
183 1558 312 1618 εἵλκυσαν
327 1561 364 1627 τίς
382 1558 432 1630 τὴν
446 1557 543 1641 ἀγορὰν
562 1559 606 1618 ἐπὶ
626 1557 685 1626 τοὺς
698 1558 794 1641 ἄρχον-

140 1650 339 1730 ίπροσήγαγον
361 1647 455 1717 αὐτούς
475 1658 530 1718 τοῖς
552 1659 727 1730 στρατηγοῖς,
749 1651 794 1709 καὶ

140 1741 264 1811 τιθέντες
285 1741 393 1809 ἐκείνοις
410 1742 528 1823 πληγὰς,
545 1743 640 1802 {teter
656 1744 692 1810 είς
708 1745 794 1823 φυλα-

140 1832 321 1915 νογγείλανττς
339 1837 378 1914 τῷ
405 1833 584 1914 δεσμοφύλακι
601 1836 725 1913 ἀσφαλῶς
741 1857 793 1905 τη-

140 1924 197 1995 uic.
227 1925 323 1986 Είδετε
347 1924 475 2004 πονηρίας
495 1924 646 2006 θπερὸολὴν
665 1929 717 1984 τῶν
744 1923 794 1996 τὴν

140 2014 230 2091 κείνην
262 2015 419 2088 οἰκούντων,
442 2015 524 2075 εἴδετε
553 2020 606 2075 τῶν
638 2014 793 2075 ἀποστολων

140 2134 147 2167 r
169 2108 221 2168 καί
246 2108 404 2191 καρτερίαν,
425 2106 529 2187 Μικρδν
550 2107 723 2186 ἀναμείνατε,
747 2106 793 2166 καλ

140 2198 235 2261 καὶτοῦ
247 2203 320 2262 Θεοῦ
340 2199 389 2273 τλν
408 2199 614 2281 φιλανθρωπίαν.
637 2199 723 2280 {epte
741 2199 793 2281 γὰρ
809 2232 827 2279 (3

140 2292 305 2375 ιῦμήχανος,
325 2294 374 2353 οῦκ
394 2295 420 2351 ἐν
440 2296 510 2372 ἀρχῇ
532 2291 577 2351 καλ
597 2294 624 2350 ἐν
645 2291 793 2372 προοιμίοις

140 2384 218 2457 τινὰ,
234 2387 296 2443 ἀλλ’
309 2382 375 2444 ὅταν
392 2381 492 2462 αὐξηθῇ
506 2382 594 2443 πάντα
607 2381 641 2440 ad
653 2381 727 2462 παρδι
738 2384 791 2441 τῶν

140 2522 145 2549 ,
162 2475 212 2536 καὶ
230 2478 325 2557 δειχθῇ
341 2475 385 2535 διδ
398 2479 451 2534 τῶν
462 2474 626 2556 πραγμάτοιν
641 2477 694 2532 τῶν
712 2475 791 2532 αὐτοῦ

143 2565 317 2646 albaripa-ed,
329 2565 389 2626 τύτε
403 2565 448 2625 καί
459 2565 508 2638 τὴν
522 2565 621 2624 οἰκείαν
635 2564 717 2648 ῥοπὴν
734 2568 791 2625 ἒπε-

140 2682 154 2719 .·
175 2659 221 2719 θνα
239 2660 333 2738 μηδεὶς
346 2658 396 2739 lm
410 2657 505 2738 λέγειν,
524 2655 565 2716 dat
580 2650 623 2716 διδ
637 2663 715 2716 τοῦτο
732 2660 790 2717 ἔπι·

140 2758 184 2818 υῖς
194 2750 338 2822 κινδύνοις,
353 2750 437 2809 διὰτὸ
449 2753 553 2831 θαρρεῖν
564 2747 604 2808 du
620 2748 693 2808 οὐδὲν
712 2749 791 2820 ἀηδὲς

140 2867 156 2902 ι.
172 2842 228 2902 aut
242 2866 284 2902 τοι
299 2841 378 2902 τοῦτο’
390 2865 464 2908 τινας
477 2841 525 2919 μὲν
539 2841 585 2899 καί
599 2839 722 2922 ἐναρίησι
735 2848 789 2908 τοῖς

140 2932 281 3015 Ιπορρήτιμ
294 2934 347 2992 τινί
358 2932 437 3016 σορίορ
451 2931 603 3014 χρώμενος,
617 2933 689 3001 τινὰς
702 2931 729 2992 δὲ
744 2934 789 2992 καὶ

140 3050 166 3101 ι,
186 3025 233 3085 ἵνα
254 3025 298 3086 διδ
313 3024 419 3085 πάντων
438 3027 525 3104 μάθῃς
543 3029 621 3085 αι’ποῦ
635 3025 684 3096 την
706 3029 789 3107 ὑπερ-

140 3144 159 3179 ν
173 3116 385 3200 φιλανθρωπίαν,
405 3117 452 3176 καὶ
462 3117 504 3178 ὅτι
520 3117 622 3195 μείζους
640 3119 727 3184 αὐτοῖς
742 3116 789 3184 τδς

140 3208 351 3289 ταμιευόμενος,
365 3217 498 3290 συγχωρεῖ
515 3209 645 3276 πολλάκις
657 3207 788 3268 ἐπιτείνε-

140 3302 219 3361 θεινοί.
239 3300 334 3368 Ούτως
350 3290 394 3360 σύν
412 3300 457 3359 καὶ
475 3303 585 3359 ἐνταῦθα
608 3309 687 3359 ποιεῖ.
711 3300 789 3359 Μετὰ
806 3317 825 3363 1)

140 3392 263 3465 τοσαύτην
276 3391 487 3470 θαυματουργίαν
501 3391 547 3450 καλ
563 3389 611 3462 τὴν
626 3390 789 3471 εὐεργεσίαν,

140 3482 226 3555 staura
244 3484 425 3550 ἀπελάσαντες
438 3484 482 3542 τδν
497 3481 670 3562 ἀναίσχυντον
690 3487 787 3542 ἐκεῖνον

153 3575 329 3657 συνεχώρησε
349 3574 394 3654 καὶ
414 3579 593 3654 μαστιχθῆναι
618 3574 663 3633 καλ
686 3577 722 3641 εἰς
748 3577 789 3634 δε·

140 3692 162 3728 rr
175 3667 354 3747 θμύληθῆναι.
372 3667 509 3727 Ἐντεῦθεν
530 3666 581 3748 γὰρ
598 3666 715 3745 μάλιστα
737 3669 789 3727 διε·

140 3758 185 3820 καί
196 3765 216 3832 ἡ
228 3766 275 3819 τοῦ
296 3760 367 3820 Θεοῦ
380 3759 500 3836 δύναμις.
515 3760 564 3819 Διὸ
575 3759 644 3818 καλὸ
660 3758 788 3838 μακάριος

140 3873 201 3933 γον·
213 3849 335 3910 Ἥδιστα
347 3841 391 3910 σύν
407 3851 578 3931 καυχήσομαι
593 3854 618 3910 ἐν
637 3860 695 3918 ταῖς
712 3854 788 3912 ἀσθε-

140 3968 181 4016 tu,
194 3943 242 4002 lua
261 3941 432 4024 ἐπισκηνώσῃ
453 3945 493 4003 ἐπ’
508 3944 566 4022 ἐμοί
580 3948 597 4014 ἡ
610 3944 719 4022 δύναμις
742 3950 788 4004 τοῦ

154 4035 213 4097 Kal
234 4036 331 4095 πάλιν·
351 4033 439 4095 Ὅταν
460 4039 579 4109 ἀσθενῶ,
603 4035 662 4095 τότε
682 4037 789 4105 δυνατός

140 4128 237 4189 meree
251 4125 311 4195 τοῦς
321 4125 483 4208 πειρασμοῦς
495 4128 581 4206 λέγων
600 4128 659 4195 τοὺς
669 4128 789 4200 ἐπαλλή-

847 565 931 623 guum
945 545 1064 608 babebat
1080 549 1218 630 spiritum,
1240 573 1326 632 neque
1339 565 1425 615 tacere
1442 569 1564 637 poterat,

846 635 892 694 scd
913 636 1065 713 circuibat,
1086 654 1112 699 et
1131 642 1232 721 ubique
1254 645 1315 703 illos
1336 644 1466 706 daemonis
1485 669 1567 729 opera

846 728 994 808 patefacere
1006 730 1123 810 volebat,
1141 734 1227 793 multa
1246 756 1308 793 curn
1320 737 1490 813 auctoritate,
1509 740 1567 799 solo

847 821 931 879 rerba
944 843 975 880 ac
985 822 1063 902 jussu
1076 837 1213 903 tamquam
1229 828 1405 887 verberonem
1423 829 1567 908 quemdam

847 912 966 991 abigens,
980 913 1085 975 illama
1104 939 1188 998 prauo
1202 918 1324 978 damone
1336 920 1474 980 liberasset
1488 945 1494 978 ε
1506 943 1567 981 cum
1612 931 1727 1001 timeto-¹

847 1003 921 1064 illius
944 1006 1020 1066 urbis
1033 1009 1133 1068 incolas
1154 1011 1314 1091 oportuisset
1328 1026 1465 1092 tamquam
1487 1014 1567 1073 bene·
1578 1011 1617 1101 ξιξ*
1629 998 1720 1101 ,ἰᾟζῖἰ

847 1097 960 1156 factores
980 1119 1042 1158 suos
1058 1121 1090 1158 ac
1106 1101 1201 1160 salutis
1223 1123 1277 1161 suae
1299 1102 1420 1164 vindices
1441 1103 1568 1185 deinceps
1578 1120 1619 1164 tos.
1642 1074 1656 1116 P

847 1188 981 1269 apostolos
993 1190 1102 1267 intueri,
1117 1206 1197 1271 atque
1210 1195 1283 1252 omni
1296 1215 1340 1253 eos
1350 1195 1503 1255 officiorum
1518 1216 1568 1275 ge-

847 1301 910 1338 nere
919 1296 1117 1361 prosequentes,
1131 1296 1235 1343 tantum
1245 1285 1407 1346 beneficium
1416 1308 1569 1347 remunera·

848 1375 883 1450 ri,
896 1372 937 1432 illi
944 1374 1023 1454 plane
1032 1376 1165 1434 contraria
1176 1377 1335 1457 rependunt.
1347 1381 1435 1456 Atque
1443 1378 1568 1458 audiquo

848 1478 926 1543 pacto
937 1465 999 1524 illos
1012 1481 1224 1526 remunerentur.
1238 1471 1385 1544 Videntes,
1399 1469 1499 1549 inquit,
1514 1474 1568 1530 elo·
1580 1474 1718 1535 lembo·

848 1559 922 1614 rainl
930 1559 1001 1637 ejus,
1013 1562 1251 1639 quiaexr'vr'tspes
1260 1575 1505 1642 quorumquam,
1517 1585 1569 1643 ap·
1579 1539 1650 1584 '²³'

845 1648 1057 1725 prehendentes
1074 1652 1204 1709 Paulum
1218 1665 1245 1710 et
1260 1653 1354 1712 Silam
1368 1654 1570 1731 perduxerant

847 1742 879 1796 in
882 1741 988 1819 sorum
1004 1743 1047 1799 acl
1057 1746 1214 1824 principes,
1230 1757 1258 1803 ct
1269 1745 1430 1827 epserentes
1444 1766 1492 1804 eos
1506 1767 1569 1804 ma-

845 1833 1028 1909 gistratibus,
1042 1852 1108 1890 cam
1123 1836 1234 1894 multas
1247 1839 1288 1894 eis
1298 1836 1405 1916 plagas
1416 1840 1568 1916 imposuis-

845 1933 920 1991 sent,
937 1925 1080 1982 miserant
1091 1945 1139 1983 eas
1151 1929 1183 1983 r'n
1195 1946 1353 2000 carcerem,
1368 1932 1568 2007 precipientes

846 2014 971 2084 custodi,
992 2027 1024 2072 at
1039 2016 1195 2096 diligenter
1208 2038 1256 2076 eos
1274 2020 1444 2077 custodiret.
1461 2018 1568 2079 Videtis

846 2124 979 2162 summam
992 2104 1067 2165 illius
1079 2107 1156 2165 urbis
1172 2108 1323 2167 incolarum
1340 2108 1567 2189 improbitatem?

846 2193 945 2254 videtis
958 2198 1142 2277 apostolorum
1160 2200 1315 2280 patientiam
1330 2222 1361 2259 ac
1374 2201 1566 2261 tolerantiam?

847 2287 1009 2369 Exspectate
1022 2289 1169 2370 paulisper,
1190 2304 1215 2350 et
1230 2292 1281 2351 Dei
1295 2292 1425 2351 videbitis
1438 2293 1566 2373 benigni-

844 2390 934 2437 tatem.
957 2381 1028 2439 Cum
1040 2382 1113 2440 euim
1132 2383 1237 2464 sapiens
1258 2384 1338 2444 sitae
1351 2384 1443 2460 solers,
1464 2406 1517 2444 nou
1537 2386 1566 2445 iu

846 2468 981 2548 principio
998 2471 1087 2530 necin
1107 2472 1228 2531 exordiis
1241 2473 1312 2531 mala
1334 2473 1414 2548 tollit,
1436 2473 1484 2532 sed
1504 2495 1567 2534 eum

846 2560 1044 2620 incrementum·
1060 2563 1210 2643 acceperint
1239 2563 1455 2623 adversariorum
1482 2566 1566 2624 moli-

844 2653 927 2728 mina,
941 2666 967 2713 et
978 2653 1059 2713 rebus
1068 2655 1133 2735 ipsis
1143 2656 1305 2716 athletarum
1317 2656 1428 2736 probata
1438 2656 1567 2738 patientia

844 2745 935 2819 fuerit,
969 2758 995 2804 et
1020 2746 1179 2824 innotuerit,
1210 2762 1270 2807 tum
1297 2747 1451 2808 subsidium
1485 2771 1564 2809 suum

845 2837 948 2919 prabet
967 2861 975 2898 a
995 2859 1028 2897 ue
1049 2837 1139 2898 dicere
1160 2840 1244 2921 possit
1269 2840 1352 2917 ullus,
1371 2831 1440 2900 illos
1463 2840 1565 2900 idcirco

845 2944 938 3010 sponte
949 2931 1077 3012 periculis
1088 2953 1116 2991 se
1128 2932 1253 3014 objicere,
1267 2932 1341 3012 quod
1352 2954 1379 2993 se
1393 2933 1462 2993 nibil
1475 2934 1565 2993 mole-

845 3035 915 3081 stum
930 3045 1055 3104 passuros
1067 3045 1123 3083 esse
1136 3025 1282 3087 confidant.
1295 3025 1372 3085 Hauc
1386 3026 1516 3085 uimimm
1529 3027 1565 3086 ob

844 3134 951 3172 causam
958 3113 1090 3192 quosdam
1101 3116 1181 3176 etiam
1189 3118 1447 3197 ineffabiliquadam
1457 3119 1563 3201 sapien·

844 3209 881 3264 tia
895 3206 923 3265 iu
937 3206 1016 3266 malis
1031 3207 1206 3287 derelinquit,
1226 3209 1357 3289 quosdam
1373 3210 1465 3292 eripit,
1487 3224 1517 3270 ut
1530 3231 1565 3272 cx

843 3300 970 3359 omnibus
992 3299 1081 3360 discas
1106 3323 1240 3362 summam
1264 3305 1321 3385 ejus
1347 3303 1562 3382 benignitatem,

843 3392 988 3473 ipsumque
1010 3396 1113 3476 majora
1135 3396 1190 3456 illis
1213 3397 1325 3478 praemia
1348 3410 1560 3478 properantem,

843 3486 915 3544 mala
929 3486 1080 3564 frequenter
1090 3488 1182 3567 augeri
1193 3490 1357 3569 permittere.
1372 3491 1413 3547 lta
1423 3488 1474 3547 boc
1483 3489 1563 3548 ctiam

843 3577 901 3636 loco
912 3578 983 3637 lecit.
995 3579 1059 3637 Post
1070 3593 1172 3638 tantum
1179 3579 1341 3639 miraculum
1352 3601 1383 3638 ac
1391 3579 1563 3655 beneficium,

842 3669 916 3747 quod
928 3669 1083 3749 impudente
1096 3670 1144 3729 illa
1155 3670 1276 3730 daemoue
1287 3673 1371 3752 ejecto
1382 3671 1561 3749 contulerant,

841 3761 927 3839 virgis
942 3760 1004 3819 illos
1018 3760 1085 3819 caedi
1098 3761 1230 3841 permisit,
1244 3776 1269 3821 et
1283 3763 1311 3821 in
1326 3784 1458 3822 carcerem
1474 3763 1557 3824 mitti.

843 3853 913 3911 llinc
929 3852 1001 3911 euim
1020 3854 1138 3913 maxime
1157 3854 1208 3914 Dei
1227 3856 1315 3916 virtus
1335 3856 1415 3916 etiam
1429 3857 1559 3917 elucebat.

845 3943 1017 4025 Quapropter
1026 3959 1052 4004 et
1062 3946 1156 4005 beatus
1169 3945 1214 4005 bic
1226 3945 1349 4006 dicebat:
1362 3949 1564 4009 Libentissime
1575 3989 1597 4020 2,
1609 3975 1664 4021 cor,
1680 3989 1715 4021 12,

841 4037 992 4116 gloriabor
1007 4040 1039 4095 r‘n
1058 4038 1281 4119 infirmitatibus
1298 4043 1380 4116 meis,
1393 4053 1425 4099 at
1444 4043 1563 4100 intrati-
1574 4053 1597 4099 9·
1613 4049 1648 4082 ¹⁰·

844 4141 883 4188 tet
900 4133 932 4187 in
943 4149 989 4188 me
1007 4134 1103 4188 virtus
1122 4130 1251 4202 christu
1263 4145 1289 4190 et
1308 4152 1417 4208 rursus,
1429 4133 1501 4192 Cum
1519 4136 1565 4191 ln·

140 4224 168 4281 λ’
190 4219 257 4288 leuc
272 4220 305 4279 ἄν
318 4244 359 4287 τις
375 4220 562 4299 διαπορήσειεν
576 4224 706 4294 ἐνταῦθα,
721 4222 790 4288 τίνος
834 4221 954 4301 firmor,
971 4234 1040 4280 tanc
1056 4234 1159 4300 potens
1179 4243 1253 4295 sam,
1274 4222 1460 4282 infirmitatem
1477 4223 1565 4283 conti-

140 4312 255 4385 τῆλασαν
273 4312 318 4371 τδν
337 4311 449 4389 δαίμονα
472 4312 546 4373 οὐδὲν
567 4313 682 4372 ἐναντίον
702 4318 789 4380 αὐτοῖς
818 4311 820 4316 ’

148 4403 222 4469 md
233 4406 334 4482 μᾶλλον
346 4404 391 4463 καί
405 4406 570 4476 καταδήλους
584 4402 678 4471 αὐτούς
690 4412 791 4464 ποιοῦν-
807 4420 826 4466 Ε

140 4498 233 4564 mma
250 4496 302 4575 γὰρ
319 4496 422 4576 ἡμέρας
433 4497 497 4556 ἐθόα
507 4497 604 4578 λέγων,
619 4497 659 4556 ὅτι
672 4487 754 4557 Οὗτοι
766 4501 789 4557 οἱ

140 4590 247 4650 ιδόὲλοι
262 4594 308 4648 τσῦ
325 4592 396 4649 Θεοῦ
413 4597 458 4648 τοῦ
475 4589 585 4670 ὑψίστου
609 4589 683 4661 εἰσίν,
697 4589 789 4658 οἵτινες

140 4682 237 4743 bare
252 4686 320 4758 ἡμῖν
342 4680 401 4739 tlte
422 4681 565 4760 σωτηρίας.
587 4681 634 4755 Μὴ
658 4679 789 4763 ξενισθῇς,

140 4772 212 4833 ’καὶ
230 4780 307 4832 ταῦτα
320 4771 372 4853 γὰρ
389 4776 436 4843 τῆς
452 4773 581 4841 συνέσεως
602 4765 635 4845 ἦν
657 4777 705 4843 τῆς
723 4777 789 4833 ἀπο-

140 4863 217 4937 ,ut
236 4866 286 4934 τῆς
301 4870 348 4924 τοῦ
369 4864 524 4942 Πνεύματος
538 4863 655 4944 χάριτος.
679 4867 713 4924 El
736 4865 788 4947 γὰρ

140 4976 159 5019 ,ν
179 4958 273 5022 αὐτοῖς
285 4954 401 5016 ἐναντίον
421 4954 524 5035 ἔλεγεν,
546 4959 604 5015 ἀλλ’
628 4956 672 5014 ἵνα
694 4958 731 5035 μὴ
747 4961 788 5017 ἐν·

140 5047 274 5119 titum
292 5046 462 5126 γενόμενυςδ
484 5047 594 5124 δαίμων,
618 5048 664 5107 καὶ
685 5053 712 5108 ἐν
734 5057 788 5116 τοῖς

140 5139 270 5221 ποσύρειν
294 5137 404 5210 δύνηται
429 5140 488 5207 τοὺς
516 5141 721 5222 ἀφελεστέρους,
744 5141 788 5201 διὰ

140 5232 285 5311 ιστομίσας
302 5232 381 5291 αὐτὸν
402 5233 547 5305 ἀπήλασεν,
569 5237 598 5293 οὐ
614 5235 787 5314 συγρωρήσας

844 4333 911 4371 uuas
931 4313 1088 4372 tentationes
1108 4314 1255 4394 appellans.
1275 4313 1328 4373 Sed
1348 4327 1449 4392 quaeret
1470 4315 1564 4374 sonas·
1605 4334 1652 4378 eur
1669 4332 1719 4394 eje-

844 4425 872 4463 sc
892 4405 1027 4484 quispiam
1049 4404 1099 4463 hoc
1116 4405 1184 4481 loco,
1198 4406 1275 4484 cujus
1297 4405 1335 4463 rei
1355 4405 1442 4484 gratia
1464 4398 1717 4501 daemo-{ssssji‘llmffl

844 4517 905 4556 nem
927 4496 1080 4578 expulerint
1098 4496 1168 4555 nihil
1183 4496 1249 4577 ipsis
1263 4496 1497 4574 contradicentem,
1517 4498 1565 4559 scd
1646 4490 1651 4501 ¹

843 4589 934 4668 potius
950 4588 1011 4647 illos
1031 4587 1232 4668 patefacientem
1247 4614 1252 4646 :
1267 4588 1353 4670 spatio
1367 4589 1469 4670 quippe
1487 4590 1564 4648 mul-

844 4695 932 4739 torum
954 4679 1060 4738 dierum
1078 4679 1211 4738 clamabat
1228 4678 1320 4739 dicens
1334 4704 1340 4737 :
1355 4682 1411 4739 Isti
1433 4683 1715 4771 lamiaesA01,15‚1,‚

843 4777 919 4831 serrr'
933 4775 991 4831 Dei
1004 4772 1113 4833 excelsi
1123 4785 1202 4845 suat,
1223 4777 1275 4852 (μετ’
1284 4778 1466 4833 annuntiant
1482 4778 1564 4834 nobis

842 4868 925 4923 olam
938 4865 1052 4924 salutis.
1060 4864 1101 4922 Ne
1112 4863 1227 4939 mireris,
1238 4863 1374 4924 carissime
1385 4889 1391 4921 :
1403 4886 1464 4924 narn
1477 4879 1502 4924 et
1511 4865 1564 4925 boc

843 4955 991 5038 pmdeutiae
1012 4956 1064 5014 suit
1079 4954 1232 5036 apostolicae
1247 4976 1279 5015 ae
1300 4956 1423 5016 beneficii
1445 4956 1563 5039 Spiritus

842 5049 938 5108 sancti.
955 5047 1029 5108 Licet
1038 5049 1109 5108 euim
1122 5049 1286 5107 contrarium
1299 5049 1354 5108 illis
1368 5049 1468 5111 diceret
1480 5050 1561 5129 nibil,

843 5155 977 5200 notamen
996 5139 1059 5199 iude
1073 5140 1154 5199 fidem
1167 5140 1221 5199 sibi
1238 5139 1344 5201 damon
1364 5142 1485 5222 aliquam
1500 5168 1563 5206 con·

843 5234 955 5305 ciliaret,
979 5247 1004 5293 et
1023 5234 1049 5293 iu
1065 5233 1125 5293 aliis
1141 5233 1316 5314 simpliciores
1339 5234 1453 5297 subdole
1473 5253 1564 5320 posset
