3764 5992
798 544 800 546 ,
841 498 1021 575 norsroun.
1191 550 1200 562 ,
1636 483 1707 556 825

164 622 241 682 πόλει
256 623 401 703 διατρίόειν
414 626 560 703 ἡγώμεθα,
572 626 624 684 ὑπὸ
637 629 684 695 τῆς
698 624 827 696 τοσαύτης
842 626 935 705 εὐφρο-
990 622 1090 681 tiorum
1105 622 1190 682 instar
1210 622 1349 700 babentes,
1368 624 1405 684 ito
1423 625 1570 702 allicimur,
1585 639 1616 687 ut
1630 628 1710 689 nobis

165 715 245 785 σύνης
260 714 442 794 στερούμενοι,
459 716 504 775 καί
519 716 646 794 μεγίστην
661 716 831 795 παράκλησιν
845 717 938 773 tureo—
990 710 1043 791 ipsi
1056 711 1085 770 in
1104 711 1238 771 tutissima
1253 713 1321 773 urbe
1337 713 1611 797 versari-videamur,
1634 729 1709 777 mun

164 811 207 865 θεν
216 807 403 888 καρπούμενοι.
419 807 467 866 e'lo'
479 797 524 865 odo
534 807 579 866 καί
588 806 667 888 ἑτέρα
674 807 816 887 προσθήκη
827 807 937 886 γίνηται
990 799 1117 860 Videlicet
1128 802 1222 861 laetitia
1237 803 1545 884 aestimationisque
1557 806 1622 867 ltinc
1634 807 1708 868 soln-

164 903 230 977 ἡμῐν
250 900 360 973 ἡδονῆς,
379 902 541 981 παρακαλῶ,
557 899 603 957 καί
616 899 765 981 γράμματα
777 905 843 978 ἡμῖν
855 897 937 979 χαρί·
991 892 1060 951 tium
1082 892 1224 973 capientes.
1249 894 1311 969 Quo
1325 894 1409 974 igitur
1423 896 1489 956 alter
1507 897 1617 979 insuper
1629 898 1708 958 nobis

165 992 209 1057 ζου
221 1036 229 1063 ,
240 989 275 1050 τά
290 990 351 1068 περί
365 995 412 1061 τῆς
429 988 527 1069 ὑγιείας
545 991 676 1061 δηλοῦντα
689 992 738 1060 τῆς
753 994 810 1062 σῆς.
837 992 872 1050 El
885 988 938 1070 γάρ
991 983 1138 1065 voluptatis
1150 986 1275 1044 cumulus
1286 968 1405 1062 accedat,
1414 986 1591 1048 velimliteris
1600 1008 1708 1068 qnoque

164 1083 211 1141 καί
225 1083 336 1162 ἐργῶδες
349 1089 434 1156 τοῦτο,
446 1082 490 1142 διά
500 1082 531 1141 τὸ
541 1087 590 1154 τῆς
601 1083 661 1142 teuc
672 1087 766 1156 μῆκος,
776 1080 822 1141 καὶ
833 1081 863 1140 τδ
874 1079 937 1161 σφό
956 1087 975 1134 D
991 1095 1040 1134 nos
1053 1095 1162 1150 recrees,
1176 1075 1276 1153 quibus
1291 1075 1327 1135 de
1339 1090 1385 1135 tua
1406 1077 1562 1138 valetudine
1583 1078 1709 1140 certiores

166 1175 216 1253 δρα
235 1172 384 1253 ἀπῳκίσθαι
403 1178 452 1245 τῆς
472 1173 601 1251 δημοσίας
622 1174 695 1234 τουτὶ
708 1173 739 1234 sd
755 1171 853 1255 χωρίον
863 1172 935 1244 ὁδοῦ,
989 1167 1151 1230 efficiamur.
1174 1169 1245 1227 Nam
1256 1168 1307 1228 etsi
1321 1169 1436 1229 difficile
1449 1169 1522 1229 istud
1535 1183 1585 1243 est,
1601 1171 1708 1231 tumult

164 1264 235 1324 ἀλλὰ
252 1269 291 1345 τῷ
314 1263 395 1330 odeo<
408 1268 536 1344 φιλοῦντι,
550 1269 586 1332 ὡς
600 1265 677 1333 αι’πδς
690 1255 767 1324 οίσθα
780 1267 874 1347 φιλεῖν,
892 1263 938 1322 καὶ
991 1259 1042 1320 viae
1052 1260 1287 1339 longinquitatem,
1299 1274 1359 1320 tum
1366 1260 1441 1339 quod
1450 1261 1495 1320 hic
1505 1259 1581 1321 locus
1591 1283 1608 1320 a
1617 1261 1710 1342 publi·

165 1355 200 1413 τά
212 1355 325 1415 δύσκολα
337 1355 432 1415 εὔκολα
445 1355 573 1434 γίνονται.
589 1355 734 1428 Ἐννοήσας
743 1358 828 1416 τοίνυν
841 1353 937 1427 ἡλίκην
992 1372 1022 1410 ca
1034 1352 1078 1412 via
1091 1350 1171 1411 valde
1179 1364 1296 1412 semotus
1305 1352 1352 1429 sit,
1363 1351 1562 1412 tomenhomini
1573 1353 1709 1413 iteomon-

165 1453 231 1524 ἡμῖν
244 1451 326 1527 χαριῇ
345 1448 424 1527 χάριν
440 1452 473 1527 τῇ
487 1447 632 1521 πυκνότητι
645 1450 697 1507 τῶν
711 1445 834 1507 τοιούτων
848 1469 937 1525 γραμ·
991 1443 1024 1514 ti,
1044 1443 1144 1524 utipse
1168 1444 1351 1518 omarenosti,
1372 1443 1453 1503 etiam
1467 1465 1527 1522 quae
1548 1443 1710 1506 mousom

167 1539 269 1614 μάτων,
292 1538 396 1619 πάρεχε
417 1539 463 1599 καὶ
487 1539 587 1612 ταύτην
604 1544 669 1617 ἡμῖν
692 1539 740 1612 τὴν
759 1536 938 1620 εὐφροσύνην·
991 1533 1081 1594 facilia
1102 1533 1264 1595 redduntur.
1294 1535 1364 1594 Cum
1383 1534 1467 1615 igitur
1498 1534 1707 1616 animadvertas,

166 1628 213 1688 καί
226 1631 276 1709 γὰρ
292 1630 392 1709 σφόδρα
406 1633 549 1709 ἀλγοῦμεν,
564 1630 605 1691 ότι
617 1629 736 1711 δεύτερον
747 1627 938 1697 ἐπεσταλκότος
991 1638 1120 1704 quantem
1133 1623 1711 1707 hujusmodilitererumlreqnentiegratiam

164 1720 228 1793 ἤδη,
246 1721 305 1782 οὐδὲ
326 1720 395 1790 ἅπαξ
410 1722 553 1799 ἐδεξάμεθα
568 1722 716 1802 γράμματα
727 1726 775 1794 τῆς
787 1725 835 1794 σῆς
846 1722 934 1799 ἐμμε-
991 1737 1006 1774 a
1023 1715 1101 1776 nobis
1115 1715 1233 1775 initurus
1249 1717 1295 1791 sis,
1309 1716 1380 1775 hanc
1389 1716 1625 1795 quoquelaetitiom
1631 1717 1711 1777 nobis

165 1810 245 1877 λείας.
682 1859 693 1889 ,
990 1809 1098 1890 prebe:
1112 1807 1247 1888 siquidem
1270 1809 1342 1869 illud
1369 1809 1620 1883 moleste'lcrimus,
1636 1807 1712 1889 quod

991 1921 1053 1960 eum
1068 1899 1166 1960 iterum
1179 1901 1237 1981 jam
1263 1899 1298 1959 ad
1321 1913 1348 1959 te
1366 1899 1561 1981 scripserimus,
1575 1913 1664 1961 temen
1677 1920 1711 1960 ne

992 1988 1075 2047 semel
1084 1987 1196 2066 quidem
1205 1987 1296 2048 literas
1309 2010 1325 2047 a
1336 2001 1362 2048 te
1371 1988 1530 2070 accepimus.

357 2192 424 2278 ρμά.
440 2197 565 2276 Νικολάῳ
579 2194 759 2277 πρεοθυτὲρῳ.
1124 2184 1238 2243 CXLV.
1256 2184 1383 2244 Νἰοοίιιο
1391 2186 1574 2263 presbytero.
1592 2265 1593 2268 ρ

207 2382 374 2463 Ἐθουλόμην
386 2384 431 2443 καί
442 2383 529 2457 αὐτὸς,
540 2382 585 2441 καί
597 2379 697 2462 σφόδρα
711 2380 857 2460 ἐπεθύμουν
871 2383 938 2442 ἷδείν
1031 2381 1165 2465 Cuperem
1188 2379 1298 2464 quidem
1316 2384 1375 2465 ipse
1402 2365 1525 2466 quoque,
1550 2399 1577 2446 et
1600 2383 1713 2467 quidem
1744 2403 1866 2448 Διιιείι·

164 2496 215 2533 σου
230 2473 279 2546 τὴν
300 2475 454 2553 ἐμμέλειαν,
480 2474 526 2533 καί
545 2473 772 2554 περιπτύξασθαι·
794 2473 841 2533 καί
861 2477 939 2533 τοῦτο
956 2488 976 2538 E
991 2475 1164 2535 vehementer
1179 2495 1304 2557 cuperem
1317 2489 1344 2536 tc
1355 2475 1448 2538 videre
1463 2488 1544 2556 atque
1554 2477 1712 2560 complecti:
1723 2468 1779 2572 ‘²¹1⁸'
1785 2466 1847 2574 ἑέὅ·

165 2556 242 2625 α’ίσθα
256 2567 301 2625 καί
311 2567 365 2647 πφδ
379 2571 430 2626 τῶν
440 2565 578 2647 ἡμετέρων
591 2564 768 2647 γραμμάτων.
779 2566 874 2626 Φιλεῐν
886 2563 939 2646 γὰρ
990 2563 1072 2643 idque
1091 2564 1148 2646 ipse
1176 2563 1259 2626 etiam
1284 2581 1346 2628 ante
1371 2581 1475 2629 nostras
1504 2583 1625 2651 acceptas
1651 2523 1785 2631 lim-”l
1819 2559 1825 2572 ⁰

164 2655 242 2723 εἰδὼς
256 2656 370 2734 γνησίοις
383 2657 428 2716 καί
447 2655 506 2725 τοὺς
528 2656 643 2736 γνησίως
659 2660 798 2738 φιλοῦντας
815 2657 938 2737 διαγινώ-
991 2677 1035 2715 ras
1056 2656 1170 2718 minime
1196 2658 1313 2739 ignoras.
1333 2663 1405 2721 Nam
1419 2681 1483 2720 cum
1496 2661 1600 2724 sincero
1621 2663 1714 2725 animo

164 2771 240 2807 σκειν
253 2747 405 2808 ἐπίστασαι.
421 2747 492 2808 Ἀλλ’
508 2747 600 2820 ἐπειδὴ
610 2753 688 2809 τοῦτο
702 2752 749 2808 οὐκ
762 2747 810 2824 ἔνι,
824 2748 889 2830 ὅπερ
900 2748 938 2808 ἔνι
990 2768 1081 2808 amare
1093 2749 1503 2831 noris,eosquoquequisincem
1513 2751 1711 2832 enimcumont,

163 2841 271 2912 ‘rotd,
306 2839 370 2907 τάως
405 2839 518 2920 γράφω,
554 2840 762 2922 προσαγορεύω,
790 2841 938 2921 γράμματα
990 2859 1134 2919 agnoscere
1145 2841 1226 2902 n‘osti.
1247 2845 1351 2904 Verum
1364 2843 1428 2924 quin
1442 2842 1472 2902 id
1484 2842 1625 2923 nonlicet,
1642 2844 1711 2906 inte·

166 2935 294 3001 ἀπαιτῶ,
311 2929 346 2990 τό
365 2931 426 3010 περί
444 2935 492 3004 τῆς
505 2931 595 3010 θγείας
608 2935 656 3004 τῆς
675 2935 723 3004 σῆς
735 2935 797 3010 ὑμῖν
812 2933 938 2993 πυκνότε-
990 2931 1053 3004 rim,
1079 2931 1242 3012 quodlicet,
1264 2935 1335 2995 tario
1350 2958 1358 2992 z
1372 2935 1472 3012 scribo,
1494 2935 1594 3012 soluto,
1609 2936 1712 3014 literas,

167 3024 212 3101 ρον
227 3023 364 3095 δηλοῦντα.
379 3022 494 3103 Χαρίζου
507 3021 539 3096 δὴ
552 3022 649 3096 ταύτην
661 3028 726 3102 ἡμῖν
738 3023 787 3097 τὴν
800 3024 890 3106 χάριν.
903 3027 938 3087 El
990 3043 1051 3102 qoae
1061 3025 1140 3085 nobis
1152 3024 1316 3087 valemdinis
1329 3039 1381 3087 tuae
1402 3041 1502 3087 statum
1516 3027 1611 3089 crebro
1626 3050 1711 3112 expo·

166 3113 219 3192 γίιρ
237 3114 282 3172 καί
304 3111 342 3190 μὴ
358 3113 397 3172 δεῖ
411 3137 452 3175 σοι
464 3111 658 3194 παρακλήσεως
670 3118 708 3182 είς
720 3121 807 3191 τοῦτο,
824 3117 854 3175 οὗ
866 3139 937 3176 παυ-
947 3129 1067 3212 ⁶⁸⁶nant,
1090 3116 1208 3198 postulo.
1224 3117 1409 3189 Quamobrem
1421 3118 1492 3179 benc
1502 3118 1581 3181 nohis
1594 3122 1712 3202 gretiam

168 3205 269 3284 σόμεθά
284 3229 314 3264 σε
334 3205 578 3284 ἀναμιμνήσκοντες
600 3205 668 3288 ὑπὲρ
689 3206 792 3268 τούτου.
821 3209 863 3268 Οὐ
885 3211 937 3292 γάρ
955 3230 975 3276 ς
991 3207 1113 3268 concede
1127 3210 1198 3268 Nam
1211 3229 1377 3289 quamquam
1388 3209 1424 3270 ad
1435 3231 1494 3270 mm
1503 3232 1562 3272 rem
1574 3211 1713 3274 hortatore

165 3296 250 3375 μικρὰ
263 3297 431 3378 παράκλησις
444 3304 509 3377 ἡμῖν
520 3298 566 3358 καί
578 3298 734 3382 παραμυθία
747 3299 793 3359 καί
807 3302 855 3371 τῆς
870 3302 936 3382 ίρη-
950 3367 957 3391 Ι
989 3298 1060 3361 nihil
1083 3298 1199 3379 indigeo,
1220 3313 1309 3360 nmen
1334 3300 1369 3361 de
1382 3300 1433 3361 hec
1456 3316 1525 3362 rete
1547 3303 1711 3364 submonere

166 3389 228 3462 μίας
249 3389 294 3448 καί
310 3393 362 3449 τῶν
380 3389 468 3470 φόὸων
481 3395 534 3451 τῶν
547 3395 743 3472 καθημερινῶν,
760 3395 814 3450 τῶν
826 3394 937 3465 deror-iic
988 3390 1100 3450 minime
1110 3390 1279 3452 desistemus.
1292 3394 1387 3472 Neque
1396 3394 1468 3452 enim
1485 3393 1612 3474 exiguom
1623 3395 1709 3455 enimi

164 3479 255 3560 ἐφόδου
266 3479 411 3560 γινομένων
425 3486 473 3552 τῆς
487 3483 652 3564 λῃστρικῆς,
670 3480 716 3542 καί
730 3486 778 3556 ιῆς
788 3489 834 3543 τοῦ
845 3481 935 3564 σάιμα·
987 3481 1161 3560 levationem,
1173 3496 1255 3562 atque
1262 3495 1320 3541 tum
1331 3483 1497 3562 solitudinis,
1507 3484 1707 3563 tumquotidia·

162 3594 207 3637 τος
223 3571 382 3653 ἀρρωστίας,
396 3570 442 3630 καί
453 3577 506 3631 τῶν
518 3572 607 3632 άλλων
619 3574 809 3655 περιστάσεων,
822 3575 853 3635 τὸ
867 3599 936 3654 μαν-
987 3594 1085 3632 norum
1098 3586 1244 3646 terrorum,
1261 3573 1310 3651 qui
1323 3594 1358 3632 ex
1374 3573 1537 3654 predonum
1550 3575 1706 3638 incursione

163 3663 249 3721 θάνειν
264 3661 391 3742 περὶτῶν
407 3662 571 3741 ἀγαπώντων
585 3669 658 3742 ἡμᾶς
676 3670 759 3745 ὑμῶν,
778 3667 835 3727 ’ότι
849 3692 877 3727 τι
893 3667 935 3748 ἔρ·
987 3664 1066 3724 nobis
1072 3665 1209 3739 oriuntur,
1215 3663 1365 3723 tummorbi
1373 3663 1705 3745 corporis,edrersarum·

164 3759 266 3836 ρωσθε,
288 3752 334 3812 καὶ
351 3753 498 3833 ὕγιαίνετε,
519 3755 566 3815 καί
584 3755 655 3816 κατά
673 3760 733 3838 ῥοῦν
751 3762 814 3841 ὑμῖν
829 3759 935 3819 ἅπαντα
987 3775 1041 3833 quo
1055 3754 1172 3813 allorum
1193 3774 1285 3813 rorum
1312 3755 1522 3817 consolationem
1541 3757 1612 3818 illud
1625 3759 1704 3820 nobis

154 3847 281 3927 φέρεται,
295 3845 345 3905 κᾶν
359 3845 466 3926 μυρίους
477 3851 542 3927 ἡμῖν
555 3847 635 3930 λίγῃς
650 3856 794 3931 χειμῶνας.
814 3854 878 3922 Πῶς
888 3853 935 3912 καί
986 3846 1134 3906 allaturum
1150 3858 1200 3923 est,
1214 3845 1237 3905 sl
1248 3865 1282 3904 ex
1294 3845 1384 3921 vobis,
1398 3845 1499 3925 qulbus
1522 3848 1578 3908 cari
1596 3870 1702 3928 suimus,

161 3938 213 3997 τίνι
227 3938 330 4019 τρόπῳ,
352 3936 416 3998 Ὅτι
436 3939 474 3998 ἔνι
491 3939 536 3999 τδν
555 3950 683 4021 γενναῖον,
696 3943 743 4002 καὶ
757 3944 933 4025 ἐγρηγορότα,
987 3938 1039 3997 hoc
1064 3935 1259 4015 intelligamus,
1276 3957 1327 3998 vos
1352 3937 1431 3997 firme
1458 3939 1615 4001 valetudine
1636 3963 1703 4020 esse,

162 4030 208 4087 ool
218 4029 331 4108 νήφοντα
345 4028 390 4087 καί
405 4032 432 4089 ἐν
445 4032 634 4114 ταραττομένῳ
645 4034 810 4114 πραγμάτων
822 4035 933 4114 πελάγει
987 4028 1253 4107 omniaquevobisex
1258 4028 1342 4088 animi
1349 4031 1478 4091 sententia
1485 4033 1602 4113 evenire,
1609 4034 1702 4096 etiam-

163 4116 277 4197 ἕξουρίας
290 4120 377 4192 πλεῖν,
392 4119 483 4203 ὥσπερ
494 4121 540 4181 καί
550 4122 595 4182 τόν
609 4129 707 4204 χαῦνον
718 4125 763 4184 καὶ
775 4129 934 4186 ἀναπεπτωι
987 4121 1011 4181 si
1020 4120 1122 4199 alioqui
1133 4133 1272 4183 sexcentas
1277 4121 1355 4181 nohis
1360 4136 1529 4205 tempestates
1537 4146 1700 4189 commemo·

163 4210 228 4269 κόσα
246 4209 290 4269 καί
313 4208 432 4285 κείμενον
454 4211 555 4290 ὕπτιον,
571 4214 617 4275 καὶ
632 4217 658 4274 ίν
670 4216 774 4297 γαλήνη
789 4217 932 4300 διαταράτ-
987 4234 1038 4272 res.
1050 4211 1106 4285 Qui
1116 4211 1227 4272 taudem
1237 4210 1477 4288 istud?Quoniam
1486 4214 1556 4274 nihil
1574 4217 1700 4298 impedit,

164 4305 254 4359 τεσθαι
266 4300 311 4361 καί
325 4303 499 4381 θορυάεῐοθαι
988 4327 1042 4384 qno
1056 4305 1157 4383 minus,
1175 4303 1222 4383 qui
1231 4305 1351 4384 generosi
1367 4319 1392 4364 et
1405 4307 1554 4387 experrecti
1570 4321 1650 4387 atque
1661 4323 1702 4370 et·

987 4397 1053 4457 tenti
1062 4396 1147 4456 animi
1164 4408 1213 4471 est,
1227 4395 1308 4455 etiam
1322 4395 1350 4453 in
1363 4397 1520 4476 perturbato
1533 4398 1702 4478 negotiorum

987 4488 1056 4548 meri
1075 4487 1188 4547 feliciter
1207 4485 1316 4565 naviget
1332 4509 1339 4542 ι
1355 4472 1584 4564 quemadmodum
1596 4504 1700 4570 contro,

988 4580 1037 4659 qui
1050 4579 1144 4660 ignavi
1163 4598 1195 4637 ac
1206 4577 1367 4637 consternati
1380 4577 1525 4659 supinique
1544 4580 1630 4641 enimi
1650 4596 1700 4659 est,

987 4671 1134 4750 tranquillo
1157 4689 1266 4747 quoque
1288 4669 1356 4729 mari
1374 4670 1546 4751 perturbetur
1574 4685 1659 4753 etque·
1674 4674 1703 4734 in

988 4763 1107 4823 tumultu
1117 4773 1249 4821 versetur.

841 4955 842 4959 ’
980 4945 1070 4996 *Tres
1081 4944 1140 4995 lise.
1154 4950 1188 4998 δτι
1201 4948 1228 5008 δὴ
1240 4952 1277 4998 καί
1289 4951 1396 5017 ἔρρωσθε.
1466 4984 1468 4988 ⁴
