3810 6000
435 487 470 534 m
496 485 608 555 imon,
635 487 786 538 enorme
811 486 1078 540 rouurcamouns
1104 491 1259 544 uxoreis.
1297 498 1322 546 ι.
1572 480 1636 550 231

128 605 186 684 ρόννα
200 599 254 682 βίον
267 604 326 680 prl’
342 602 440 676 ἡδονῆς
459 605 577 686 διάγειν,
594 607 640 667 καλ
654 611 708 666 τῶν
723 605 872 686 μελλόντων
923 607 976 683 sti,
1000 628 1048 689 per
1060 629 1141 688 quem
1154 621 1180 668 et
1193 630 1256 669 eum
1271 632 1325 691 quo
1338 609 1413 669 Patri
1427 608 1509 670 simul
1530 624 1557 670 et
1570 611 1637 692 spi-

127 700 235 774 ιππχιίν
249 696 372 772 ἀγαθῶν,
385 696 478 778 χάριτι
490 697 536 757 καὶ
550 697 734 782 ριλανθρωπίαρ
747 704 792 759 ταῦ
813 702 872 759 Ko-
925 696 990 758 ritui
1009 714 1100 761 sancto
1123 701 1158 761 sit
1179 701 1275 781 gloria,
1297 702 1325 762 in
1345 702 1444 763 secuda
1471 702 1641 763 saeculorum.

128 787 248 868 ρλαὴμῶν
269 785 358 858 Ἰησοῦ
380 788 515 870 Χριστοῦ,
532 782 610 850 stol
633 792 679 850 καλ
702 795 759 870 μεθ’
781 782 810 850 ob
835 795 873 872 τῷ
926 793 1021 850 Amen.

126 877 192 956 tlepl
201 876 271 950 δὸξα,
286 876 343 954 ἅμα
358 884 398 958 τῷ
409 879 478 962 ἇγλιρ
491 879 644 960 Πνιύματι,
656 885 692 951 εἰς
703 881 762 950 τοὺς
776 886 873 950 αἰῶνας

126 972 161 1027 sis
174 967 283 1027 αἰώνων.
300 968 393 1046 Ἀμήν.

491 1369 556 1444 AD
583 1372 705 1444 TRES
730 1367 956 1444 HOMlLlAS
981 1367 1261 1466 SEQUENTES

667 1615 1102 1754 uomruu.
1211 1558 1213 1562 ’

143 1917 221 1978 llasoe
234 1932 289 1978 tres
307 1917 449 1995 homilias,
459 1939 574 1997 quarum
593 1918 670 2002 prior
682 1917 710 1978 in
724 1917 805 1993 illud,
819 1899 945 2000 Piopter
961 1921 1187 1999 fornicationes,
1210 1934 1272 1994 eto,
1291 1921 1375 1982 altera
1389 1921 1423 1982 de
1438 1922 1544 1984 Libello
1557 1946 1643 2007 repu-

114 2009 152 2086 dii,
161 2012 249 2087 tertia,
262 2012 376 2090 Quales
384 2013 526 2071 ducende
536 2016 596 2072 sint
610 2032 724 2087 uxores,
738 2011 833 2072 eodem
846 2025 969 2092 tempore
979 2026 1171 2091 consequenter
1186 2011 1292 2072 habitas
1303 2013 1387 2073 fuisse
1406 2015 1580 2096 conspicuum
1596 2030 1643 2078 est.

112 2100 248 2163 &undam
262 2103 337 2163 enim
349 2103 445 2184 paucis
453 2117 514 2184 post
524 2104 642 2185 primam
653 2103 751 2163 diebus
764 2105 966 2187 pronuntiatam
974 2103 1056 2162 fuisse
1068 2103 1138 2163 clarc
1148 2103 1249 2162 dicitur
1259 2103 1337 2164 initio
1349 2129 1355 2162 ι
1371 2106 1432 2185 περὶ
1442 2107 1529 2188 γάμου
1540 2107 1644 2192 πρῴην,

112 2193 141 2253 de
149 2199 254 2275 nuptiis
265 2215 370 2275 nuper,
379 2194 468 2272 idest,
477 2195 570 2275 paucis
583 2209 644 2255 ante
650 2196 747 2257 diebus
753 2219 763 2276 3
774 2195 821 2255 ubi
829 2195 919 2255 locum
926 2195 1014 2277 ipsum
1025 2195 1115 2270 Pauli,
1125 2199 1250 2276 Propter
1250 2198 1483 2279 fornicationes,
1491 2212 1554 2275 etc,
1563 2221 1644 2280 quem

111 2284 225 2368 'aptiori
232 2285 439 2370 explanandum
451 2302 613 2370 susceperat,
622 2289 659 2349 ad
670 2289 782 2350 verbum
796 2287 900 2369 repetit.
914 2286 1035 2346 Tertiam
1048 2286 1107 2368 pari
1122 2287 1202 2347 modo
1212 2288 1306 2369 paucis
1317 2301 1378 2370 post
1391 2290 1536 2350 secundam
1547 2289 1644 2351 diebus

110 2393 234 2459 aquatam
244 2401 304 2439 asse
313 2379 418 2440 indicat
431 2378 651 2461 chrysostomus,
662 2403 724 2441 cum
734 2379 786 2440 sub
796 2379 906 2439 initium
915 2379 992 2456 dicit,
1004 2401 1032 2439 se
1048 2402 1144 2462 nuper,
1154 2381 1259 2462 πρῴην,
1272 2379 1307 2439 de
1320 2381 1415 2441 libello
1428 2381 1535 2462 repudii
1547 2383 1645 2462 loquu-

108 2482 157 2531 tm
169 2492 235 2531 esse.
251 2473 287 2532 ln
304 2471 396 2553 prima
414 2472 505 2551 agitur
526 2473 662 2554 precipue
674 2473 709 2534 de
722 2471 835 2555 nuptiis,
851 2492 905 2550 quo
928 2485 1007 2553 pacto
1017 2469 1316 2531 seilicetcontrabendae
1331 2472 1385 2532 sint
1400 2497 1406 2529 ι
1420 2472 1508 2552 doque
1521 2473 1643 2535 vitandis

109 2563 296 2643 dationibus,
313 2563 452 2647 tripudiis,
464 2564 595 2625 obsooenis
606 2567 731 2625 cantibus
744 2565 830 2624 solitis
845 2565 1062 2645 bymcnaeorum,
1076 2562 1235 2642 quaomnia
1250 2583 1355 2643 sponsae
1366 2563 1481 2622 castitati
1492 2564 1573 2624 noxia
1587 2586 1645 2626 esse

109 2671 215 2738 pomum.
225 2655 371 2717 lnrebitur
381 2669 473 2737 postea
492 2656 705 2738 Chrysostomus
723 2657 751 2716 in
767 2678 821 2730 eos,
829 2655 877 2736 qni
893 2655 975 2714 etiam
986 2668 1046 2736 post
1057 2654 1155 2713 initum
1168 2652 1372 2712 matrimonium
1391 2667 1477 2714 scorta
1496 2653 1572 2716 adire
1590 2677 1643 2718 nou

111 2763 198 2808 oasam
216 2773 224 2807 ι
245 2769 280 2808 ae
291 2747 487 2809 nonnullomm
499 2748 653 2830 opinionem
678 2749 770 2810 evellit
784 2748 831 2827 qui
850 2745 982 2829 putabant
1002 2745 1159 2806 adulterum
1175 2766 1228 2805 non
1246 2766 1302 2806 esse
1318 2747 1503 2827 oonjugatum,
1520 2748 1644 2827 quicum

111 2838 361 2905 ffitrasoortaretur.
373 2840 407 2899 ln
417 2840 534 2900 mcunda
546 2840 582 2902 de
592 2840 686 2900 libello
695 2838 803 2921 repudii
817 2852 956 2918 tractatur,
968 2852 994 2898 et
1008 2852 1100 2897 eontra
1109 2836 1304 2897 hodiernorum
1315 2839 1472 2898 Graecorum
1482 2839 1642 2899 sententiam

111 2944 213 2994 elusum
223 2932 367 3010 statuitur,
384 2952 437 2994 non
448 2932 528 2992 licere
544 2934 685 2993 moliorem
695 2932 806 3009 ducere,
817 2932 897 2992 etiam
909 2952 958 3012 pro
973 2952 1053 2990 causa
1060 2930 1186 2990 adulterii
1198 2928 1377 3011 repudiatam.
1390 2931 1490 2991 Tertiae
1501 2952 1644 3012 argumen-

111 3025 253 3108 tmptodit
265 3025 325 3107 ipse
332 3024 440 3100 titulus,
453 3026 561 3104 Quales
567 3027 708 3086 demendae
722 3030 782 3085 sint
790 3045 894 3084 uxores
906 3046 917 3080 .·
927 3044 991 3107 nam
1002 3045 1050 3103 per
1065 3035 1149 3082 totam
1169 3022 1324 3082 concionem
1333 3022 1424 3104 agitur
1436 3024 1472 3083 de
1486 3046 1590 3107 sponsae
1599 3027 1643 3086 fu·

112 3127 165 3177 bre
173 3117 298 3178 moribus
311 3115 520 3199 explorandiset
529 3117 710 3193 addiscendis,
724 3131 867 3196 antequam
877 3115 1034 3197 conjugium
1042 3114 1157 3175 ineatur.

137 3209 166 3269 ln
174 3210 258 3270 tertiae
272 3208 355 3269 titulo
366 3207 501 3269 Editionis
514 3209 682 3269 Morellianae
693 3208 794 3288 legitur
804 3209 899 3269 Graeco
908 3223 989 3288 atque
999 3206 1103 3283 Latine,
1111 3208 1191 3267 bans
1202 3195 1341 3279 Maximi,
1357 3220 1386 3266 et
1402 3207 1506 3288 quales
1524 3210 1632 3269 dacem

113 3298 211 3362 desint
222 3321 343 3362 utores.
358 3301 404 3360 sie
414 3322 479 3361 vero
487 3301 552 3382 legit
574 3302 655 3361 etiam
669 3299 861 3381 sigismundus
875 3301 1004 3362 Gelenius
1026 3300 1167 3379 interpres.
1183 3299 1215 3358 ln
1230 3297 1357 3359 Editione
1368 3320 1432 3358 vero
1449 3300 1556 3376 Savilii,
1564 3315 1591 3361 et
1613 3301 1642 3361 in

112 3388 197 3454 tutus
209 3393 316 3475 quibus
329 3392 372 3452 usi
383 3395 553 3454 sumuslllss.
566 3393 645 3471 illud,
662 3394 794 3475 ἐγκώμιον
806 3397 842 3462 εἰς
855 3392 988 3472 Μάξιμον,
999 3391 1178 3451 desideratur.
1198 3392 1253 3450 Nee
1266 3404 1355 3449 tamen
1369 3390 1495 3450 existimo
1509 3391 1579 3452 illud
1588 3392 1642 3453 ad-

112 3481 340 3547 dtamentumesse
351 3483 548 3566 spernendum:
564 3507 618 3545 non
631 3486 703 3546 enim
713 3483 862 3546 divinando
876 3485 922 3544 bic
931 3482 1173 3565 titulnsappositus
1183 3479 1264 3540 fnisse
1274 3480 1398 3557 videtur3
1412 3479 1458 3539 sod
1472 3480 1518 3559 qui
1530 3480 1642 3543 titulum

111 3579 227 3662 posuit,
241 3577 284 3638 rei
298 3597 401 3657 gnarus
410 3577 447 3636 ita
459 3577 607 3659 scripserit,
614 3579 657 3639 vel
664 3579 778 3638 sortasse
786 3579 995 3660 chrysostomus
1006 3577 1063 3657 ipse
1072 3574 1196 3635 sicinitio
1209 3573 1320 3632 titulum
1336 3571 1547 3631 concinnaverit.
1559 3574 1641 3633 Putat

110 3666 268 3734 lemnus
279 3670 356 3731 bunc
368 3692 425 3730 esse
435 3671 589 3730 Maximum
598 3672 678 3731 illum
687 3672 844 3754 episcopum
855 3669 982 3731 Seleucia
995 3669 1023 3728 in
1032 3667 1145 3742 Isauria,
1159 3664 1206 3745 qui
1220 3664 1249 3722 iu
1264 3661 1425 3745 precedenti
1441 3677 1574 3723 conventu
1582 3665 1642 3725 loeo

108 3760 282 3849 linysostoffl
294 3763 451 3824 concionem
460 3763 593 3823 babuerat
605 3788 611 3820 ι
626 3763 656 3823 id
668 3779 759 3824 autem
774 3786 827 3824 non
847 3761 970 3822 absimile
981 3783 1043 3820 vero
1053 3773 1101 3819 est.
1111 3759 1156 3817 Ea
1171 3757 1209 3816 eis
1218 3766 1368 3838 porroque
1380 3755 1430 3813 sub
1441 3754 1550 3814 initium
1562 3755 1641 3831 dicit,

107 3858 172 3940 λρλρ
182 3861 241 3940 μα’
257 3860 326 3938 ipos*
337 3858 414 3936 ζυγὸν
425 3856 519 3932 neos,
530 3858 613 3917 Meus
625 3861 704 3916 enim
717 3862 750 3917 in
765 3858 909 3918 trahendo
915 3859 988 3936 jugo
1002 3873 1132 3933 compar,
1159 3870 1251 3929 nuper
1269 3851 1414 3928 proscisso
1433 3849 1526 3921 sulco,
1555 3851 1649 3908 ubere.

106 3946 207 4032 bagua,
216 3953 358 4032 inspersit
367 3952 457 4008 etiam
465 3953 589 4021 semina,
602 3970 637 4008 ex
650 3949 695 4027 iis,
707 3949 826 4029 inquam,
840 3947 919 4028 argui
933 3945 1042 4007 videtur
1057 3960 1121 4004 utne.
1138 3942 1365 4024 Chrysostomum
1388 3940 1471 4000 fuisse
1480 3941 1639 4024 episcopum

107 4042 431 4126 minopolitauum.
451 4042 522 4101 Nam
538 4041 586 4102 illo
608 4042 839 4123 Constantinopoli
857 4040 974 4118 sedente,
986 4039 1033 4098 alii
1051 4037 1223 4097 diversarum
1244 4033 1387 4095 civitatum
1402 4033 1523 4116 episcopi
1535 4034 1563 4093 in
1588 4035 1641 4093 bac

108 4135 171 4214 ogia
181 4135 249 4195 urbe
259 4131 407 4195 identidem
417 4133 476 4214 ipso
487 4148 619 4194 annuente
628 4133 865 4209 concionabantur,
875 4132 949 4213 quod
962 4153 1015 4192 non
1029 4129 1112 4191 semel
1127 4128 1190 4189 iecit
1201 4126 1283 4187 etiam
1296 4126 1458 4188 Severianus
1470 4125 1639 4186 Gabalomm

113 4226 248 4309 spiscopus,
263 4239 294 4286 ut
308 4227 337 4287 in
353 4226 420 4288 Vita
434 4225 621 4308 Chrysostomi
633 4225 759 4308 pluribus
768 4225 932 4285 narrabitur.

138 4318 227 4380 Prima
248 4321 368 4382 homiliae
380 4320 566 4402 interpretatio
580 4319 676 4380 Latina
692 4334 731 4380 est
744 4317 888 4379 Frontonis
899 4317 1006 4394 Dueei3
1025 4314 1148 4378 mcunda
1171 4313 1268 4375 incerti
1283 4311 1435 4394 cujusdam,
1457 4309 1543 4370 tertie
1553 4308 1640 4389 sigis-

122 4411 196 4473 mundi
204 4413 313 4476 Golenii.
324 4416 402 4476 Duas
410 4419 561 4495 postremas
575 4412 669 4474 multis
680 4413 782 4473 inlocis
793 4410 1008 4474 emendavimus.
1230 4410 1237 4424 '
