3764 5992
512 407 556 455 ott
581 405 696 457 DECEM
722 405 866 455 ttttuuu
891 404 1038 453 TALEN'I'·
1067 404 1232 454 nuutuoutt
1257 408 1409 457 uoutttt.
1712 417 1735 485 7

189 534 308 615 ὅμωίθη
322 535 340 604 ή
353 531 483 613 βασιλεία
499 534 553 591 τῶν
575 535 704 614 οὐρανῶν.
723 531 803 599 Τίνος
818 520 864 590 ode
877 529 965 590 ἕνεκεν
1014 527 1097 606 dixit,
1114 531 1301 593 assimilatum
1326 548 1366 594 est
1385 555 1499 615 regnum
1515 535 1653 612 celorum,
1672 535 1732 614 sed,

158 611 161 615 ’
191 625 483 704 ήσίτίαπράσκιιταις
499 623 569 704 Περί
584 622 751 692 αἰνιξικακίας
766 631 821 693 τοῖς
835 627 967 702 μαθηταῖς
1016 621 1087 682 Ideo
1109 625 1306 685 assimilatum
1323 641 1367 687 est
1380 648 1501 708 regnum
1513 628 1662 688 celorum.
1677 628 1735 687 Cur

181 704 329 797 -διελάγττο,
345 717 395 776 καλ
415 725 527 798 κρατεῖν
549 718 630 794 ὀργῆς
652 715 746 783 αὐτοὺς
768 714 906 786 ἐπαίδευε,
921 712 968 772 καλ
1016 733 1080 793 ergo
1094 735 1174 774 causa
1186 716 1315 797 adjuncta
1328 718 1386 779 est?
1403 721 1445 779 De
1454 719 1595 780 tolerantia
1606 718 1732 800 discipu-

166 814 237 884 Ιτῶν
256 797 323 887 παρ’
348 808 451 889 ἑτάρων
472 810 510 876 εἰς
531 811 604 884 ἡμᾶς
625 806 769 888 γινομένων
791 804 967 884 ἀδικημάτων
1017 803 1052 863 lis
1074 826 1222 867 sermonem
1249 809 1381 885 faciebat,
1403 810 1513 888 doeens,
1533 809 1667 890 quomodo
1692 810 1733 869 ira

191 901 223 979 μή
235 887 318 961 πολὺν
330 906 470 961 ποιεῖσθαι
489 898 578 978 λόγον,
593 897 662 959 οὕτω
675 899 773 980 λέγων·
789 897 855 959 'Et-a
877 895 965 977 ἁμάρ·
1018 898 1176 959 refrenanda
1192 916 1259 962 esset
1272 905 1522 985 contemnendaeque
1535 904 1641 985 injuriae
1654 903 1733 963 nobis

167 1019 219 1074 „q
237 994 275 1060 τίς
298 991 356 1053 eit
373 990 489 1072 ἀδελφάς
510 1014 574 1065 σου,
596 989 682 1072 ὕπαγε
700 990 748 1051 καλ
767 989 871 1071 ἔλεγξον
891 989 969 1049 αὑτὸν
1018 988 1110 1065 illatae,
1121 990 1201 1071 idque
1213 994 1257 1054 his
1276 997 1368 1057 verbis
1387 998 1443 1058 :Si
1461 1000 1626 1077 peccaverit
1648 999 1681 1054 ιἰι
1704 1009 1733 1056 te
1745 1011 1832 1056 atarto.
1847 1012 1878 1062 te

145 1084 149 1091 '
191 1082 281 1162 μιταξῖν
297 1089 346 1143 σου·
357 1083 407 1143 καλ
420 1086 504 1143 αὐτοῦ
519 1081 616 1160 μάνου·
631 1083 677 1142 ieie
691 1105 737 1143 σου
756 1080 875 1162 οἰκούσῃ,
889 1078 967 1160 irip-
1010 1082 1115 1161 frater
1128 1096 1204 1161 tuus,
1219 1089 1310 1160 vade,
1332 1101 1360 1147 et
1378 1090 1555 1168 reprehende
1575 1109 1642 1147 eum
1657 1073 1785 1149 inter¹⁵·

152 1228 154 1232 .
191 1166 264 1248 θησσς
283 1174 332 1251 τὸν
353 1173 473 1255 ἀδελφόν
494 1198 552 1235 σοι.
572 1176 669 1235 Ταῦτα
688 1174 717 1236 δὲ
737 1175 783 1234 καλ
803 1172 838 1233 τὰ
859 1177 969 1232 τοιαῦτα
984 1192 1003 1240 s:
1019 1184 1080 1231 teet
1092 1177 1185 1253 ipsum
1197 1178 1734 1255 sotanstauseuteaveritttbt,tuere

191 1273 229 1327 πθ
249 1267 375 1346 Χριστοῦ
396 1265 586 1347 διαλεγομίνω
605 1275 660 1334 τοῖς
680 1271 811 1344 μαθηταῖς
832 1264 878 1325 καὶ
896 1267 969 1345 φιλο-
1020 1267 1434 1346 tusesfratremtuum.Haecet
1447 1271 1501 1332 alia
1513 1270 1734 1352 ejusmodiChri·

192 1369 270 1440 σοφὰν
283 1359 478 1435 διδάσκοντος,
492 1356 611 1441 Πίτρος,
631 1364 707 1421 two
727 1364 808 1441 χοροῦ
829 1362 882 1419 τῶν
903 1361 969 1418 ἀπο-
1020 1366 1062 1414 sto
1077 1354 1201 1435 loquente
1213 1358 1249 1418 ad
1262 1359 1409 1442 discipulos
1422 1384 1494 1435 suos,
1505 1363 1637 1441 istamque
1647 1361 1733 1443 philo·

169 1444 287 1510 ατολαιν
298 1451 512 1533 κορυφαῖος,τδ
526 1451 612 1530 στόμα
630 1453 683 1510 τῶν
696 1455 833 1530 μαθητῶν,
848 1455 864 1511 ὁ
878 1453 970 1517 οτθλος
1020 1447 1143 1527 sophiam
1153 1448 1372 1527 docente,Petrus
1381 1452 1457 1512 chori
1469 1454 1652 1534 apostolorum
1659 1453 1735 1533 prin·
1778 1463 1858 1509 ‘reu

192 1548 232 1614 τῆς
249 1541 438 1627 Ἐκκλησία,
457 1543 489 1602 τδ
508 1543 649 1625 στιρίωμα
664 1546 713 1614 τῆς
734 1541 868 1616 πίστιος,
889 1545 971 1613 ὁτῆς
1021 1560 1097 1620 oeps,
1129 1562 1159 1600 os
1191 1540 1404 1624 discipulorum,
1435 1546 1560 1604 columna
1587 1545 1733 1621 Ecclesiae,
1745 1525 1874 1647 ,affixo

193 1635 328 1714 θμολογίας
349 1634 490 1712 θεμέλιος,
510 1637 526 1693 ὁ
549 1638 597 1706 τῆς
616 1634 771 1712 οἰκουμένης
794 1632 898 1708 ἁλιεῖς,
914 1632 971 1694 θτδ
1019 1629 1221 1692 firmamentum
1235 1634 1311 1713 fidei,
1329 1637 1499 1696 consessionis
1520 1636 1805 1710 fundamentum,eep·.
1851 1671 1856 1679 ·

193 1727 258 1807 γάνος
280 1730 364 1803 ἡμῶν
392 1725 449 1785 ast
475 1733 521 1786 τοῦ
551 1729 630 1805 βυθοῦ
654 1732 702 1799 τῆς
738 1725 840 1799 πλάνης
864 1728 901 1793 εἰς
925 1722 970 1784 τὸν
1020 1722 1093 1782 orbis
1106 1737 1240 1784 terrarum
1255 1727 1381 1808 piscator,
1399 1729 1445 1807 qui
1465 1749 1549 1809 genus
1568 1741 1690 1788 nostrum
1701 1748 1736 1787 ex

149 1810 167 1838 ”
186 1821 297 1898 ,siparis
319 1816 506 1897 άναγαγὼν,θ
526 1825 666 1899 πανταχοῦ
684 1819 779 1898 θερμὸς
800 1817 846 1877 καλ
863 1819 971 1898 παρρη-
1020 1815 1164 1895 proiundis
1177 1839 1298 1878 errorum
1313 1818 1341 1878 in
1356 1819 1453 1879 caelum
1465 1819 1592 1898 adduxit,
1605 1819 1653 1898 qui
1673 1817 1736 1878 ubi·

194 1910 245 1979 σίας
262 1909 369 1988 γάμων,
389 1911 493 1987 μᾶλλον
512 1909 541 1970 di
555 1909 677 1990 ἀγάπης,
697 1909 715 1982 ἢ
735 1908 902 1991 παρρησίας,
928 1932 971 1969 σι·
990 1949 1003 1990 ,
1022 1928 1075 1985 que
1097 1909 1220 1970 feruidus
1244 1924 1270 1970 et
1291 1910 1416 1972 libertate
1436 1913 1544 1993 plenus,
1568 1911 1623 1973 imo
1646 1910 1737 1992 potius

162 2070 165 2076 ¹
194 2000 295 2080 γιίντατι
315 2000 447 2060 ἁπάντων
462 1999 615 2080 προσελθὼν
636 2005 675 2083 τῷ
697 2003 866 2082 διδασκάλῳ,
890 1999 969 2082 φησί·
986 2005 1006 2052 Α
1021 1999 1131 2060 caritate
1164 2024 1248 2081 quam
1266 2002 1398 2080 libertate,
1426 2003 1578 2063 tacentibus
1602 2002 1736 2078 omnibus,

159 2120 162 2125 >
193 2090 309 2157 ΙΙοσάκις
339 2090 494 2170 ἁμαρτήσει
518 2092 555 2157 εἰς
583 2089 631 2168 ἐμὲ
653 2094 667 2149 θ
690 2090 800 2172 ἀδελφός
830 2114 895 2170 μου,
925 2091 971 2151 καὶ
1022 2094 1149 2155 acoedens
1160 2096 1194 2155 ad
1214 2097 1373 2176 magistrum
1384 2097 1475 2157 dixit:
1494 2099 1611 2177 Quoties
1629 2118 1735 2177 pecea-
1747 2113 1833 2159 natu.
1851 2114 1877 2156 :r

195 2182 283 2262 α’φήοαι
302 2184 397 2262 αὖτῷς
412 2181 462 2249 to<
472 2182 598 2257 ίπτάκιςς
610 2186 677 2260 ὁμοῦ
690 2182 737 2242 καλ
748 2186 835 2264 ἐρωτᾷ
846 2183 893 2243 καί
907 2186 968 2243 θπι·
1022 2188 1111 2244 bitin
1124 2209 1170 2247 me
1180 2191 1286 2271 frater
1298 2212 1395 2264 meus,
1406 2204 1434 2249 et
1447 2194 1593 2249 remittam
1604 2191 1671 2249 iili?
1683 2211 1734 2250 us·
1748 2188 1787 2221 ²¹·

195 2284 329 2354 τγνεῖται,
352 2272 401 2332 καί
424 2273 487 2353 πρὶν
514 2272 605 2354 μάθῃ,
625 2277 812 2354 φιλοτιμεῖται.
839 2275 898 2351 Τήν
919 2275 971 2355 γὰρ
1022 2284 1211 2359 quesepties?
1225 2281 1308 2340 simul
1317 2295 1342 2342 et
1352 2282 1497 2362 interrogat
1512 2294 1538 2340 et
1551 2281 1703 2361 pollicetur,
1711 2294 1738 2340 et

194 2365 369 2445 γνιίμην-τοῦ
396 2364 558 2426 διδασκάλω
588 2370 679 2446 σαφῶς
707 2365 800 2440 εἰδὼς,
831 2365 872 2426 ὅτι
907 2366 972 2449 πρδς
1024 2369 1184 2450 priusquam
1196 2371 1292 2450 diseat,
1306 2393 1436 2454 magnum
1454 2374 1505 2433 hac
1531 2373 1738 2435 inrestudium

194 2456 392 2541 φιλανθρωπίαν
427 2457 521 2538 pinet,
544 2457 591 2518 καλ
620 2449 705 2519 πλίον
726 2463 824 2528 ἐκεῖνος
853 2459 972 2538 μάλιστα
1022 2465 1199 2541 praesefert.
1222 2465 1376 2525 cumcuim
1389 2481 1506 2527 mentem
1519 2461 1640 2546 magistri
1655 2465 1739 2548 probe

171 2562 179 2576 ²
194 2550 296 2610 πάντων
309 2543 537 2632 αίντῷχαρίζιται
549 2555 564 2612 θ
578 2550 696 2628 μάλιστα
714 2552 821 2613 πάντων
835 2552 869 2613 τά
880 2553 972 2633 ἁμαρ·
1022 2553 1158 2633 cognitam
1177 2555 1298 2634 haberet,
1320 2579 1403 2636 quarn
1422 2558 1469 2618 illa
1488 2558 1525 2619 ad
1543 2557 1738 2617 humanitatem

195 2641 296 2720 σήματα
319 2645 376 2701 τῶν
400 2642 514 2714 πλησίον
537 2643 713 2724 παρατρὲγων
733 2645 780 2704 καὶ
809 2643 847 2723 μή
868 2649 971 2725 πικρῶς
1023 2667 1106 2727 prona
1119 2661 1198 2722 esset,
1217 2649 1326 2727 etquod
1339 2649 1387 2709 ilie
1400 2650 1533 2731 praecipue
1545 2649 1660 2730 gratiam
1675 2671 1739 2709 cum

194 2732 327 2804 ίξετάζοιν,
349 2732 512 2812 βουλόμενος
535 2733 630 2815 ιἰρίσαι
651 2739 691 2815 τῷ
715 2736 863 2816 νομοθέτῃ,
883 2735 973 2816 φησίν,
1023 2737 1082 2820 ipso
1096 2739 1186 2814 iniret,
1196 2741 1244 2821 qui
1256 2741 1284 2801 in
1295 2742 1479 2803 oondonandis
1487 2744 1595 2804 offensis
1608 2744 1739 2826 promtior

146 2881 148 2886 ,
195 2825 266 2894 'Eae
276 2827 406 2900 ίπτάκιςς
421 2817 491 2887 Eine
504 2827 549 2887 ίνα
563 2827 704 2908 μάθης,τί
716 2829 764 2908 μὲν
779 2830 933 2911 ἄνθρωπος,
947 2828 974 2889 τί
1023 2845 1099 2910 esset,
1119 2833 1243 2912 nequein
1258 2833 1412 2897 istiusmodi
1428 2838 1509 2897 rebus
1530 2838 1657 2897 acerbum
1673 2851 1739 2898 seet

195 2921 324 2991 δλθιδς,
351 2919 400 2980 καί
428 2924 486 2987 πῶς
510 2925 529 2994 ή
556 2919 647 2980 τούτου
677 2921 832 3002 φιλοτιμία,
856 2921 974 3002 ὅπουπερ
1023 2943 1112 2985 aemm
1120 2925 1269 2999 exhiberet,
1279 2928 1372 2988 volens
1384 2929 1489 3009 placere
1499 2930 1645 3009 legislatori
1657 2929 1739 2991 inter·

194 3012 385 3096 ἃνάφίκητσι,
395 3012 463 3089 πρὸς
476 3012 526 3085 τήν
541 3011 668 3094 εὐπορίαν
682 3014 731 3086 τήν
746 3012 846 3074 ἐκείνου
862 3038 974 3095 συγκρι-
989 3015 1008 3062 Β
1024 3016 1138 3097 rogavit,
1148 3039 1213 3077 num
1227 3040 1313 3098 usque
1328 3021 1425 3100 septies
1438 3021 1517 3081 venia
1528 3020 1648 3080 iteranda
1658 3036 1738 3083 esset.

193 3103 303 3182 νομίνη,
326 3102 423 3170 πενίας
441 3102 514 3164 ἐστίν
532 3102 638 3178 ἁπάσης
659 3104 844 3186 είτελεστίρα,
864 3106 911 3164 καί
933 3105 975 3166 ὅτι
1023 3109 1128 3170 Deinde
1139 3126 1169 3171 ut
1181 3111 1269 3171 diseas
1280 3113 1369 3191 qualis
1384 3113 1476 3190 homo,
1490 3113 1578 3192 qualis
1589 3135 1653 3174 vero
1665 3117 1739 3176 Deus

193 3197 253 3257 θεον
264 3194 376 3276 σταγὼν
390 3195 457 3277 πρδς
469 3196 585 3275 πέλαγος
598 3197 717 3277 ἄπτερον,
728 3203 850 3261 τοσοῦτον
865 3203 942 3277 ήμῶν
957 3203 974 3271 ἡ
1023 3201 1069 3279 sit,
1080 3203 1220 3283 qualisque
1231 3205 1289 3285 ejus
1302 3203 1480 3284 induigentia,
1502 3219 1528 3264 et
1542 3204 1679 3284 quomodo
1689 3205 1739 3265 hu·

193 3288 324 3368 άγσθότης
350 3286 419 3368 πρδς
440 3287 489 3361 τήν
516 3288 616 3370 ἄφατον
650 3293 729 3350 αὐτοῦ
756 3289 974 3370 φιλανθρωπίαν,
1023 3316 1103 3354 mana
1126 3295 1286 3375 benignitas,
1299 3295 1322 3355 si
1335 3297 1370 3355 ad
1385 3297 1459 3356 illius
1471 3297 1605 3377 largitatis
1621 3299 1737 3378 opulen-

193 3382 309 3450 εῖπάντος
324 3383 421 3456 αὑτοῦ,
437 3379 510 3449 Ἕως
528 3381 655 3455 ἔπτάκιςς
668 3381 713 3441 καλ
725 3381 881 3462 νομίσαντας
894 3386 975 3443 αὐτοῦ
1023 3386 1089 3446 tiam
1109 3387 1206 3447 ooilata
1222 3387 1267 3464 sit,
1284 3390 1379 3467 quavis
1402 3403 1560 3471 paupertate
1580 3389 1739 3449 contemtior

194 3477 295 3556 μεγάλα
315 3477 530 3555 φιλοτιμεῖσθαι,
550 3474 596 3534 καὶ
610 3473 810 3556 δαψιλειίεσθαι,
824 3475 935 3535 ἄκουσον
948 3474 975 3535 τί
1023 3480 1180 3560 reperiatur,
1190 3494 1216 3540 et
1230 3482 1359 3560 quantula
1369 3482 1442 3542 stilla
1453 3482 1488 3541 sit
1496 3480 1532 3542 ad
1543 3502 1617 3541 mare
1626 3482 1738 3540 immen-

194 3591 287 3647 φησιν·
306 3571 351 3628 Οὐ
370 3567 442 3644 λέγω
461 3590 518 3641 σοι,
539 3566 589 3633 ίως
609 3566 733 3639 ἑπτάκις,
752 3569 811 3627 ἀλλ’
830 3567 880 3636 ἕως
900 3567 974 3628 ἐάδο-
1023 3587 1206 3647 sum,tantam
1220 3587 1337 3633 nostram
1349 3575 1496 3634 bonitatem
1507 3573 1541 3631 ad
1555 3573 1630 3633 iliius
1645 3573 1740 3633 ineii'a·

194 3660 355 3738 μηκσντάκις
378 3657 465 3717 ἑπτά·
478 3657 547 3727 τινλς
564 3657 633 3718 ἐπιδ
654 3659 700 3719 καλ
722 3659 906 3738 ίάδομήκοντα
929 3684 973 3722 νο·
1024 3663 1107 3723 bilem
1122 3664 1318 3723 humanitatem
1332 3665 1533 3724 aestimandam:
1546 3663 1645 3724 dicenti
1660 3668 1740 3726 Petro

194 3753 329 3830 με’ζοεσιν,
348 3753 400 3811 οθκ
420 3749 477 3809 ἔστι
500 3751 542 3810 δά·
559 3751 629 3810 ἀλλὰ
646 3752 788 3832 παρολίγον
802 3776 974 3813 πεντακοσιο·
1023 3756 1224 3837 septemplicem
1231 3756 1316 3816 venire
1327 3757 1492 3817 iterationem
1501 3772 1527 3816 et
1537 3757 1740 3820 existimantise

194 3845 251 3903 στάν
267 3847 345 3903 ἐστι·
365 3841 399 3900 τὸ
414 3840 467 3920 γάρ
481 3841 591 3909 ἑπτάκις
605 3842 801 3920 ἐάδομήκοντα,
814 3845 974 3924 τετρακόσια
1024 3847 1167 3927 magnifiee
1181 3861 1207 3907 et
1226 3848 1336 3928 largiter
1345 3849 1460 3925 dixisse,
1474 3847 1539 3908 audi
1550 3850 1618 3929 quid
1628 3872 1739 3933 respon·

194 3937 235 3995 καί
251 3934 430 4006 ἔννενήκοντά
442 3936 507 3993 ἐστι.
521 3933 575 3994 Καὶ
590 3932 628 4010 μή
642 3934 753 4014 νομίσῃς
766 3934 891 3997 δύσκολον
905 3927 974 3995 εἶναι
1024 3939 1104 3999 deat:
1118 3942 1198 4016 Non,
1219 3940 1318 4018 inquit,
1340 3963 1432 4023 usque
1444 3946 1561 4021 septies,
1584 3944 1742 4026 sedesque

193 4028 394 4104 τδίπίταγμα,
407 4025 541 4105 ἀγαπητά.
556 4025 624 4086 Ἐὰν
641 4026 693 4109 γὰρ
712 4026 782 4097 ἅπαξ
796 4027 842 4086 καλ
855 4027 974 4109 δεύτερον
1024 4033 1187 4110 septuagies
1201 4032 1313 4109 septies.
1336 4029 1409 4087 lttud
1432 4043 1522 4088 alitem
1534 4032 1685 4111 septuagies
1699 4051 1740 4091 se·
1777 4037 1780 4043 '

195 4120 238 4177 ut
253 4118 347 4199 τρίταν
369 4114 518 4195 ἁμαρτόντι
528 4117 705 4198 ουγγωρήσῃς
721 4123 769 4192 τῆς
783 4117 901 4201 ήμίρας,
923 4119 972 4179 κᾶν
989 4134 1009 4183 t:
1024 4121 1320 4203 ptiesquidamseptem
1337 4134 1363 4180 et
1371 4120 1541 4201 septuaginta
1551 4121 1737 4182 arbitrantur:

195 4209 293 4293 σφόδρα
306 4201 327 4288 ᾔ
341 4208 457 4280 λίθινος,
481 4206 531 4267 κᾶν
545 4211 631 4268 αὐτῶν
651 4213 705 4269 τῶν
730 4210 862 4290 δαιμίνων
876 4211 974 4293 ἀγριίν
1025 4223 1151 4268 ceterum
1169 4209 1206 4268 ita
1221 4229 1273 4267 non
1287 4220 1327 4267 est
1338 4232 1345 4266 ι
1356 4208 1438 4267 habet
1456 4210 1528 4268 enim
1551 4209 1597 4269 hic
1611 4232 1739 4272 numerus

195 4325 265 4382 τερος
285 4307 301 4361 θ
320 4299 498 4373 λελυπηκὼς,
521 4301 569 4360 αλκ
595 4300 670 4362 ἔσται
697 4301 780 4372 οὕτως
803 4303 974 4378 ἀναίσθητος,
1025 4299 1108 4360 ferme
1122 4301 1390 4382 quingentatsepties
1409 4303 1481 4360 enim
1495 4303 1663 4383 septuaginta
1674 4324 1741 4382 qua-

195 4394 323 4461 εἰςπάλιν
337 4400 395 4460 τοῖς
408 4393 497 4458 αὐτοῖς
508 4403 674 4472 περιπεσεῖν,
689 4393 759 4454 ἀλλὰ
777 4397 812 4475 τῇ
828 4395 973 4469 πυκνότητι
1024 4388 1165 4470 dringeuta
1174 4404 1200 4450 et
1218 4392 1364 4470 nonaginta
1378 4391 1533 4451 conficiunt.
1546 4392 1587 4451 Ne
1600 4391 1739 4454 existimes

197 4491 241 4558 τῆς
260 4484 460 4565 σογγωρήσσως
482 4486 680 4566 σωφρονισθείς,
700 4485 811 4566 βελτίων
822 4485 904 4547 7ἔσται
926 4486 972 4547 καί
1024 4482 1137 4542 difficile
1147 4484 1262 4544 essehoc
1273 4497 1445 4565 praeceptum,
1456 4485 1594 4545 carissime
1608 4508 1614 4542 :
1630 4484 1741 4546 sienim

196 4578 404 4660 ἐπιεικέστερος·
424 4573 457 4636 σθ
470 4598 500 4636 τε
513 4567 546 4634 αὖ
566 4575 610 4636 tto
624 4569 913 4659 ήςπαρεσκευασμίνος
928 4604 972 4639 το-
1025 4575 1118 4655 semel,
1129 4576 1227 4635 iterum
1239 4597 1271 4635 ac
1288 4577 1377 4653 tertio,
1394 4577 1463 4636 intra
1471 4576 1544 4636 diern
1560 4576 1681 4657 peccanti
1692 4598 1738 4638 ve·
1848 4602 1852 4611 ¹

198 4671 323 4738 τουτάκις
344 4677 520 4748 καταφρονεῖν
535 4670 589 4728 τῶν
608 4672 644 4736 τίς
668 4671 697 4732 σὲ
718 4670 862 4753 γινομίνων
886 4674 973 4756 ἁμαρ·
1027 4668 1100 4728 uiam
1112 4667 1283 4748 impartiens,
1306 4668 1387 4728 etiam
1401 4669 1424 4728 si
1444 4667 1592 4728 admodum
1614 4669 1741 4751 lapideus

200 4763 337 4841 πημάτων,
357 4760 411 4822 ent
426 4768 490 4838 pede
509 4759 557 4820 καλ
571 4760 693 4842 διυτίρας
706 4763 750 4823 καὶ
764 4763 854 4845 τρίτης
868 4787 973 4844 ωιγχω·
1027 4762 1072 4836 sit,
1087 4760 1192 4820 etiamsi
1205 4760 1272 4841 ipsis
1289 4760 1456 4820 daemonibus
1477 4762 1611 4821 efferatior
1632 4762 1668 4822 sit
1685 4761 1741 4838 iile,

205 4856 301 4936 ρήοιοις
326 4852 550 4935 γυμνασάμενος,
573 4854 632 4914 οὐδὲ
655 4852 733 4915 πόνον
753 4856 817 4926 ἔξεις
837 4856 930 4916 λοιπδν
943 4860 970 4916 ἐν
1028 4854 1075 4932 qui
1087 4852 1200 4930 telaesit,
1216 4873 1268 4911 non
1280 4852 1375 4912 e'ritita
1385 4873 1476 4912 sensus
1487 4875 1594 4933 expers,
1605 4868 1637 4913 ut
1651 4854 1742 4915 denuo

201 4947 356 5027 τῇτοιωίτη
380 4945 544 5029 φιλοσοφίᾳ,
565 4946 712 5023 μελετήσας
731 4948 901 5030 καθάπαξτῇ
924 4975 974 5010 πυ.
1000 4973 1003 4977 ’
1029 4945 1064 5007 ad
1072 4943 1178 5006 easdem
1191 4945 1304 5004 offensas
1318 4942 1643 5024 recidat:sedsrequeutia
1653 4944 1743 5005 indul·

203 5041 306 5114 πιότητι
326 5044 374 5112 τῆς
402 5039 602 5120 συγχωρήσασι
625 5038 693 5117 μηδὲ
716 5042 878 5114 πλήττεσθαι
903 5041 976 5121 παρά
993 5051 1012 5098 o
1031 5054 1064 5100 tae
1086 5038 1169 5101 veniae
1186 5037 1342 5116 castigatus,
1367 5035 1462 5096 melior
1478 5037 1540 5116 erit,
1561 5051 1587 5097 et
1607 5038 1743 5120 probior:

202 5138 250 5192 τῶν
278 5139 324 5194 τοῦ
346 5134 432 5201 πελας
465 5131 682 5210 ἁμαρτημάτων.
705 5136 799 5193 Ταῦτα
822 5132 935 5201 άκοιίσας
961 5137 975 5193 θ
1032 5147 1114 5212 tuque
1123 5129 1432 5191 sisuerisiustructusad
1441 5128 1517 5189 toties
1526 5129 1747 5190 contemnendam

204 5227 308 5309 Πέτρος,
331 5228 435 5309 ἀχανής
461 5223 599 5298 εἱστήκει,
626 5226 674 5306 οὐχ
694 5225 760 5306 sup
785 5229 878 5288 ίαυτοῖ
903 5249 978 5307 φρον·
1034 5224 1159 5306 injuriam
1172 5223 1222 5283 tibi
1236 5222 1351 5302 illatam,
1366 5243 1418 5284 una
1433 5237 1513 5302 atque
1526 5223 1619 5299 altera,
1634 5236 1660 5282 et
1670 5224 1749 5282 tertia
