3764 5992
759 514 941 564 aeramen.
1162 544 1165 551 -
1189 480 1193 485 ’
1561 486 1633 569 663

85 633 221 713 ὀδυνηρὸν,
235 634 350 715 τοσούτῳ
363 634 572 718 κερδαλεώτερον
587 629 653 698 εἷναι
670 638 760 717 νόμιζε
773 643 854 722 εόγα-
910 641 1032 723 ipsorum
1048 662 1129 703 causa
1150 641 1221 704 hanc
1241 641 1393 703 molestiam
1409 642 1567 725 susciperet,
1580 643 1634 704 hoc

86 727 182 807 ρίστιος
195 726 320 807 φερούσῃ.
335 729 376 788 Οὐ
390 727 443 810 γάρ
456 727 488 801 δὴ
500 727 578 806 μόνον
590 731 741 809 σωματικαὶ
752 733 854 811 πληγαί
910 754 1019 814 quoque
1041 734 1131 816 ipsum
1159 735 1203 795 his
1225 733 1317 797 verbis
1339 733 1471 797 indicavit
1488 736 1633 795 :Placuit
1727 740 1743 781 -'

85 817 258 898 ἐπαγόμεναι,
271 817 390 879 ἀλλδκαλ
398 823 485 900 ψυχῆς
496 819 574 893 ὀδύνη
587 820 702 902 ὀφάτοος
710 820 784 904 φέρει
795 824 855 889 τοθς
911 829 995 885 nobis
1007 847 1126 885 manem
1136 827 1217 886 solis.
1228 827 1252 886 Ο
1263 825 1384 886 animum
1395 824 1423 886 in
1433 827 1522 909 ipsam
1532 826 1633 887 carita-

84 909 242 989 ατεφάνους,
262 910 308 969 καὶ
335 911 423 990 duffio
447 911 527 985 ὀδύνη
551 915 651 991 μᾶλλον
675 911 693 985 ἢ
715 913 854 992 σώματος,
911 930 965 978 tem
984 917 1136 981 mutatum!
1155 918 1301 997 Postquam
1325 918 1397 979 enim
1420 918 1456 981 alr
1477 940 1532 981 uno
1547 920 1633 981 nure

83 1000 147 1061 drus
168 1005 192 1061 οἱ
214 1001 393 1082 πληττόμενοε
413 1003 528 1086 φέρωσιν
545 1006 718 1086 εὐχαρίστως.
749 1005 856 1087 Ὥσπερ
909 1007 1061 1089 disjunctus
1072 1023 1126 1085 est,
1144 1010 1233 1073 mlum
1246 1032 1344 1071 scoesn
1354 1010 1404 1085 ait,
1418 1009 1502 1091 idque
1513 1018 1577 1073 culn
1590 1024 1632 1073 tol

84 1083 129 1152 odo
141 1094 165 1151 εἰ
174 1093 383 1172 καταξαινομένη
395 1095 426 1156 τό
436 1101 515 1174 σῶμα
524 1097 570 1157 καὶ
582 1097 857 1179 μαστιγονμίνη,γεν·
909 1100 978 1161 alios
988 1122 1081 1162 aecum
1089 1102 1209 1165 habaet.
1221 1103 1286 1163 llaec
1298 1103 1384 1183 igitur
1396 1103 1455 1185 ipsa
1470 1124 1577 1183 quoque
1590 1117 1630 1181 te·¹

83 1183 164 1253 ναύως
178 1182 276 1265 ἔφερες,
292 1187 336 1246 τὸν
350 1188 420 1247 Θεὸν
432 1187 501 1268 θπίρ
515 1188 614 1249 τούτων
628 1189 857 1262 δοξάζονταπολ·
910 1212 972 1253 cum
995 1207 1123 1275 perpetuo
1145 1194 1288 1271 meditare,
1303 1207 1396 1272 etquo
1415 1214 1446 1255 ea
1459 1214 1502 1255 ren
1524 1214 1629 1273 cructa-
1735 1190 1738 1195 ¹

82 1274 132 1347 λὴν
145 1276 176 1334 ἂν
190 1275 323 1346 άπάλαύες
332 1277 381 1350 τὴν
391 1278 506 1358 ἀμοιβήν
516 1303 523 1317 ·
535 1279 604 1340 odero
615 1284 702 1363 ψυχῆς
711 1289 795 1344 ταῦτα
804 1280 857 1343 πα·
872 1299 892 1348 Ε
910 1296 969 1343 tum
982 1285 1033 1345 tibi
1046 1287 1176 1367 majorem
1189 1286 1277 1359 aliert,
1287 1306 1319 1346 on
1331 1285 1413 1345 etiam
1426 1306 1501 1363 cam,
1513 1285 1537 1345 si
1551 1299 1630 1367 grato

83 1367 201 1448 ὀχούσης
215 1374 260 1428 νῦν
275 1369 376 1438 πολλὰς
391 1370 504 1448 ἀνάμενε
518 1371 567 1441 τὰς
584 1375 736 1444 ἀντιδόσεις.
764 1378 857 1457 Προσ-
908 1374 999 1435 animo
1019 1377 1100 1452 feras,
1116 1378 1246 1459 majorem
1274 1377 1394 1436 fructum
1415 1374 1559 1439 allaturam
1572 1398 1630 1439 este

83 1459 251 1519 δύιεαδόκαὶ
267 1461 298 1521 τὸ
309 1461 415 1532 πάντως
430 1467 501 1541 ἡμᾶς
517 1464 627 1545 ύθεσθαι
646 1467 737 1541 παλιν,
748 1467 795 1527 καὶ
808 1473 858 1541 πἠς
908 1467 1043 1527 existima.
1063 1469 1124 1528 Non
1140 1469 1213 1530 enim
1231 1489 1366 1550 corporee
1379 1468 1523 1531 dumtaxat
1537 1469 1625 1552 plagas
1682 1497 1739 1543 ειη,
1752 1432 1792 1543 η..

82 1549 177 1624 ὀδύνης
191 1552 428 1632 ἀπαλλαγήσεσθαι
441 1554 553 1632 ταύτης,
568 1556 614 1617 καί
625 1557 673 1630 την
688 1560 719 1618 θκ
731 1560 780 1629 τῆς
792 1557 856 1618 ὀδύ-
908 1557 1001 1633 illotae,
1016 1558 1158 1620 sedetiam
1170 1560 1254 1620 animi
1266 1560 1345 1621 dolor
1360 1560 1434 1622 omni
1447 1572 1570 1623 ammone
1578 1573 1654 1623 su·m
1706 1574 1724 1605 ¹·

81 1666 130 1716 νης
148 1644 291 1723 γενομένην
312 1645 441 1728 ἐμπορίαν
463 1648 565 1721 πολλὴν
584 1649 783 1729 ἀπολήψεσθαι,
809 1650 856 1711 καί
906 1649 1046 1710 blimiores
1057 1671 1169 1712 coronas
1182 1651 1273 1729 affert,
1286 1664 1313 1711 et
1327 1651 1439 1732 quidem
1450 1652 1535 1713 animi
1546 1652 1628 1715 dolor

80 1733 161 1808 τότε,
175 1736 221 1795 καὶ
241 1743 295 1797 νῦν.
316 1737 403 1820 Ἀρκεῖ
422 1739 506 1800 ταῦτά
525 1763 568 1801 σοι
590 1741 656 1820 πρὸς
672 1740 855 1822 παραμυθίαν,
908 1724 996 1821 dagis
1010 1762 1094 1821 quam
1109 1743 1241 1824 corporis,
1257 1764 1320 1803 cum
1334 1743 1381 1823 qui
1400 1743 1546 1822 feriuntur,
1564 1765 1629 1805 cum

84 1829 187 1904 μᾶλλον
208 1828 236 1890 dl
253 1830 313 1911 οὐχὶ
336 1830 378 1892 ool
399 1831 488 1909 μόνον,
502 1832 571 1891 ἀλλὰ
589 1833 634 1892 καὶ
650 1832 674 1894 εί
688 1857 729 1902 τις
744 1827 896 1928 άνύητοςω
908 1834 1057 1914 gratiarum
1081 1833 1185 1894 actione
1199 1835 1299 1895 lerunt.
1314 1834 1555 1908 Quemadmodum
1568 1836 1627 1917 igi-

83 1918 145 1995 εῐη,
160 1920 205 1980 καί
218 1922 855 2006 adtollens<elvpuffiufouoodlnloeouro-
870 1944 890 1991 Α
908 1938 952 1985 tur
978 1925 1002 1984 si
1034 1946 1147 2007 corpore
1170 1926 1288 1985 lacerata
1317 1924 1530 2005 verberibusque
1560 1948 1627 1988 cou-

82 2014 187 2090 σαύτη,
208 2016 254 2075 καί
269 2015 407 2084 εὐλαύείας
421 2020 532 2086 πλοῦτος
545 2017 591 2078 καὶ
611 2017 764 2099 φιλοσοφίας
781 2017 856 2099 ὕψος,
907 2016 974 2093 cisa,
990 2016 1053 2076 torti
1074 2037 1106 2076 ac
1126 2036 1255 2096 generoso
1278 2017 1369 2078 animo
1391 2016 1421 2077 id
1441 2018 1540 2093 serres,
1559 2020 1628 2081 Dei·

82 2108 129 2170 καὶ
139 2108 212 2189 φυγὴ
224 2112 276 2168 τῶν
291 2113 424 2189 βιωτικῶν
440 2109 489 2182 τὴν
501 2109 648 2191 φαντασίαν
660 2109 854 2183 καταπατήσα·
906 2128 959 2186 que
976 2107 1092 2186 gloriam
1111 2106 1164 2168 hoc
1178 2109 1287 2168 nominc
1304 2107 1476 2189 praedicarea,
1492 2108 1629 2189 ingentem
1700 2134 1704 2143 ·

80 2225 133 2273 σα,
151 2200 248 2262 πλείων
261 2201 404 2273 neomuto
420 2205 469 2272 τῆς
483 2203 632 2284 θεραπείας.
650 2201 741 2271 Δεῖξον
755 2202 788 2275 δὴ
804 2207 854 2264 κάν
875 2242 881 2251 -
906 2197 971 2258 hinc
992 2198 1143 2259 mercedem
1168 2200 1368 2278 consequentis
1384 2223 1391 2258 ι
1411 2199 1506 2261 eodem
1533 2200 1627 2281 modo,

80 2291 166 2373 τούτῳ
180 2293 228 2365 τὴν
248 2293 355 2372 ἀγάπην
368 2294 417 2368 την
430 2294 493 2377 περὶ
506 2301 597 2371 ἡμᾶς,
617 2293 658 2355 θεν
672 2294 718 2354 καὶ
734 2294 852 2374 μεγάλην
905 2310 968 2350 cum
976 2290 1035 2351 lraec
1043 2289 1152 2351 animus
1162 2304 1227 2351 tuus
1240 2291 1369 2371 patiatur,
1377 2312 1476 2373 magna
1486 2291 1551 2353 hinc
1557 2315 1629 2376 prn-

78 2386 224 2466 γράφοντες
244 2383 339 2466 ἔχομεν
360 2383 435 2467 παρό
449 2385 490 2447 σοὶ
511 2387 633 2464 δύναμιν,
653 2386 700 2447 καὶ
713 2385 853 2460 τοσαύτην,
904 2382 960 2441 mia
993 2395 1130 2463 exspecta.
1159 2381 1309 2463 Exspecta
1337 2382 1422 2444 velim
1456 2383 1540 2444 etiam
1568 2385 1628 2447 lore

79 2474 145 2550 ύσην
157 2477 293 2559 παρόντες.
305 2477 440 2547 Δείξειςδδ
454 2484 553 2559 σαφῶς,
566 2478 597 2538 ἂν
609 2478 746 2558 μάθωμεν,
757 2476 799 2538 det
810 2500 852 2539 σοι
904 2473 1025 2551 omnino,
1033 2487 1065 2533 ut
1072 2494 1183 2535 rursum
1192 2494 1240 2533 nos
1251 2474 1355 2551 videas,
1367 2488 1449 2555 atquc
1464 2474 1517 2536 lton
1534 2474 1629 2539 dolore

79 2569 171 2650 γέγονέ
185 2593 212 2628 τι
227 2569 307 2631 πλέον
324 2571 376 2631 ἀπὸ
392 2573 444 2629 τῶν
458 2570 626 2651 γραμμάτων
638 2574 690 2629 τῶν
702 2568 851 2650 ἡμετέρων·
904 2564 1044 2642 libereris,
1058 2564 1234 2645 amplumque
1247 2579 1273 2626 et
1289 2566 1401 2627 uberem
1423 2567 1506 2648 hujus
1525 2566 1630 2629 dolotin

80 2661 222 2741 μᾶλλονδὲ
235 2663 295 2742 οὐχὶ
309 2661 389 2722 πλέον
405 2662 494 2740 μύνον,
508 2661 577 2721 ἀλλὰ
589 2662 635 2722 καί
647 2666 782 2736 τοσοῦτον,
791 2659 853 2722 ὅσον
903 2670 1047 2735 questum,
1061 2671 1088 2716 et
1101 2656 1215 2738 posthac
1228 2670 1255 2717 et
1273 2657 1522 2739 nunc,-percipias.
1539 2661 1630 2737 Atque

79 2757 269 2833 ὀπιθνμοθμεν.
282 2752 481 2832 Ἐπιθομάδμεν
496 2753 523 2814 δὲ
536 2755 564 2812 ἰν
577 2758 611 2834 τῇ
625 2754 692 2833 αὐτῇ
707 2752 852 2834 ιόφρααύνγ
903 2747 962 2808 hec
981 2747 1032 2809 tibi
1054 2747 1092 2808 ad
1110 2749 1233 2809 moeroris
1255 2749 1380 2811 levamen
1400 2749 1629 2811 sufficiuntrimo

80 2839 149 2907 εἶναί
159 2870 189 2907 σε
202 2854 256 2922 νῦν,
270 2850 298 2907 lv
310 2838 330 2925 ᾖ
343 2847 389 2908 καί
402 2847 492 2909 αι’κτύθι
505 2845 684 2929 διατρίύοντες
695 2845 853 2923 ίύλέπομιν.
903 2862 968 2903 vero
988 2861 1042 2900 non
1065 2839 1117 2900 tibi
1137 2839 1293 2915 dumtaxat,
1306 2862 1404 2901 verum
1425 2841 1505 2903 etiam
1526 2841 1628 2917 cuivis,

79 2940 138 3002 Κᾶν
154 2945 233 3000 τοῦτο
248 2939 390 3018 μάθωμεν,
411 2942 442 2999 od
462 2938 561 3021 μικρδιν
574 2937 620 2999 καὶ
641 2936 715 2998 αὐτοὶ
729 2942 777 3009 τῆς
791 2941 853 3018 ἐρη-
868 2953 886 3000 n
904 2932 1053 3011 quamlibet
1069 2932 1174 3012 alioqui
1188 2932 1344 2995 vecordiae
1361 2955 1444 2994 saxea
1457 2948 1547 2995 mente
1557 2956 1628 3017 prm·

78 3032 153 3112 μίας,
167 3035 194 3093 ἐν
205 3023 224 3112 ᾖ
237 3036 281 3089 νῦν
296 3034 386 3110 ἔσμεν,
402 3029 598 3110 καρπωσάμεθα
611 3028 660 3102 τὴν
673 3029 853 3111 παράκλησιν.
903 3026 970 3084 dito.
985 3028 1020 3085 At
1036 3025 1085 3085 ubi
1106 3038 1181 3084 tanta
1195 3023 1338 3105 pntdcutla
1353 3039 1404 3098 est,
1418 3039 1554 3106 tantaque
1564 3026 1628 3108 ple·

77 3123 165 3184 Ὠατε
187 3126 211 3183 εἰ
231 3122 318 3203 βούλει
341 3121 386 3182 καί
407 3127 478 3200 ἡμᾶς
502 3125 530 3182 θν
556 3121 666 3205 εόθνμίη
685 3127 852 3194 καταστῆσαι
905 3116 967 3177 tatis
978 3116 1208 3195 divitiarumque
1217 3116 1344 3176 sublimis
1354 3116 1628 3198 philosophia,atque

78 3213 182 3274 πλείονι
196 3206 265 3289 (οἶδα
278 3214 306 3274 δὲ
323 3215 364 3274 δτι
379 3213 476 3294 βούλει,
495 3213 541 3273 καθ
552 3212 653 3297 σφόδρα
666 3213 852 3289 ἐσπούδακας),
904 3208 1011 3273 animus
1021 3230 1112 3269 rerum
1121 3208 1236 3289 hujusce
1244 3208 1308 3268 vitu
1318 3230 1447 3291 pompam
1455 3210 1626 3292 proculcans,

79 3307 200 3379 δήλωσον
214 3305 256 3368 δτι
266 3306 354 3366 πάντα
370 3309 419 3377 τῆς
434 3305 547 3384 ἀθυμίας
560 3306 702 3378 ἀπήλασας
714 3307 759 3368 τόν
774 3329 853 3384 φορυ-
903 3297 963 3360 illic
982 3322 1089 3382 quoquc
1107 3300 1214 3361 facilior
1234 3296 1349 3360 'curandi
1372 3301 1460 3361 morbi
1483 3302 1553 3363 ratio
1572 3316 1624 3363 est.

77 3401 124 3461 τδν
145 3399 191 3460 καὶ
209 3401 235 3457 ἰν
251 3399 353 3480 γαλήνη
366 3396 401 3458 ad
414 3398 468 3472 αδι,
492 3399 538 3458 καί
553 3399 596 3466 δός
614 3405 679 3478 ἡμῖν
692 3398 792 3470 ταύτην
803 3403 852 3470 τῆς
904 3391 1039 3465 Quocirca
1051 3393 1079 3452 in
1093 3392 1146 3452 hoc
1161 3412 1269 3471 quoque
1287 3405 1362 3450 tuam
1385 3412 1448 3471 erga
1461 3412 1510 3452 nos
1522 3392 1623 3453 carita·

78 3491 142 3571 περὶ
155 3490 185 3552 σί
202 3490 302 3559 εὐνοίας
316 3491 362 3550 καὶ
376 3490 482 3571 ἀγάπης
495 3490 622 3569 άμοιόήν.
637 3481 724 3553 Οἶσθα
736 3488 797 3572 γὰρ,
811 3480 851 3551 oi-
903 3497 958 3545 tem
969 3483 1090 3561 ostende,
1106 3483 1181 3563 qnod
1203 3503 1346 3561 magnam,
1359 3483 1442 3549 etiam
1464 3483 1624 3562 scribentes,

80 3591 132 3647 αθα
157 3589 264 3667 σαφῶς,
301 3584 373 3652 damu<
402 3587 473 3661 ἡμᾶς
498 3582 634 3664 ἀνακτήσῃ
659 3581 850 3664 κατορθώσασα
902 3574 979 3657 apud
991 3587 1018 3634 te
1030 3574 1219 3633 auctoritatem
1232 3572 1414 3647 obtineamus,
1426 3594 1475 3633 nec
1489 3573 1623 3636 minorem

79 3683 169 3753 τοῦτο,
183 3675 229 3738 καί
245 3675 313 3756 μετὰ
327 3675 450 3749 ἀληθείας
468 3673 611 3750 δηλώσασα
624 3673 669 3734 διὰ
684 3674 849 3756 γραμμάτων
903 3665 1018 3747 1111111111
1032 3677 1174 3746 [11111111ῑῦ
1187 3684 1315 3723 1111111111·
1330 3662 1406 3723 lllud
1417 3678 1507 3725 tutem
1519 3665 1624 3747 perspi·

79 3773 157 3848 ἡμῖν.
903 3778 952 3818 cue
961 3753 1168 3831 demonstrabis,
1184 3754 1208 3814 si
1222 3754 1314 3814 literas
1327 3770 1433 3817 nostras
1443 3756 1549 3836 aliquid
1558 3780 1624 3841 pro·

902 3850 997 3910 iecisse
1016 3847 1215 3927 intelligamus,
1237 3868 1286 3906 neo
1306 3847 1412 3928 aliquid
1434 3862 1551 3924 tantum,
1573 3851 1624 3912 ted

903 3955 1037 4023 quantum
1057 3939 1192 4021 cupimus.
1204 3938 1337 4021 Cupimus
1356 3962 1437 4022 porro
1452 3956 1480 4003 te
1487 3943 1516 4003 in
1526 3943 1623 4005 eadem

903 4034 988 4095 animi
1008 4032 1101 4093 laetitia
1115 4031 1229 4108 versari,
1246 4031 1274 4091 in
1287 4047 1388 4111 quate,
1402 4055 1464 4095 cum
1478 4034 1539 4096 istic
1551 4057 1621 4097 esse·

904 4147 977 4203 mus,
993 4126 1178 4185 cernebamus.
1203 4123 1284 4197 Quod
1300 4125 1325 4185 si
1338 4125 1413 4187 istud
1425 4127 1620 4209 intelligamus,

904 4217 979 4277 haud
992 4238 1109 4300 parvam
1122 4238 1172 4277 uos
1188 4239 1296 4297 quoque
1310 4217 1464 4280 solitudinis
1483 4219 1580 4302 hujus,
1592 4220 1621 4280 in

903 4332 956 4389 qua
969 4333 1041 4371 nuuc
1060 4326 1169 4387 sumus,
1183 4311 1391 4372 consolationem
1404 4312 1549 4394 capiemus.
1566 4314 1621 4373 lta·

903 4426 955 4483 que
964 4404 987 4465 si
996 4405 1048 4464 tibi
1057 4424 1106 4463 nos
1117 4404 1144 4463 in
1154 4402 1251 4484 majori
1258 4403 1341 4463 animi
1353 4403 1549 4482 tranquillitate
1556 4425 1621 4464 eon·

902 4497 1013 4556 stimere
1038 4493 1113 4555 cordi
1137 4507 1196 4570 est;
1218 4494 1274 4554 scio
1293 4507 1383 4578 autern
1406 4506 1433 4554 te
1451 4492 1482 4553 id
1501 4494 1572 4555 velle
1593 4509 1621 4555 ot

902 4608 1064 4669 magnopere
1077 4607 1170 4644 curare
1179 4608 1186 4645 :
1194 4584 1266 4645 illud
1277 4586 1319 4645 iac
1336 4584 1462 4660 sciamus,
1472 4598 1500 4645 te
1511 4596 1621 4646 omnem

903 4678 1025 4739 moeroris
1039 4676 1185 4737 colluviem
1198 4676 1247 4735 abs
1267 4690 1293 4735 te
1311 4675 1489 4755 submovisse,
1507 4691 1625 4758 turaque

902 4790 944 4832 res
960 4769 1105 4849 tranquillo
1125 4768 1153 4828 in
1167 4780 1240 4826 statu
1260 4789 1332 4828 csse:
1344 4789 1376 4828 ac
1390 4768 1469 4831 uobis
1485 4769 1557 4830 hanc
1567 4792 1620 4831 uo-

779 4910 783 4919 .
902 4878 964 4925 stre
977 4883 1041 4942 erga
1063 4876 1090 4921 to
1106 4859 1299 4921 benevolentia
1322 4860 1474 4921 merculem
1491 4861 1625 4942 rependo·

902 4958 961 5018 Non
974 4955 1046 5015 enirn
1057 4967 1084 5012 te
1096 4952 1176 5032 fugit,
1188 4972 1241 5012 nou
1251 4951 1364 5031 inquam
1375 4953 1494 5034 prolecto
1502 4965 1529 5012 te
1539 4953 1621 5036 fugit,

902 5061 1074 5129 quantopere,
1084 5045 1106 5106 si
1122 5045 1174 5104 hoc
1187 5044 1353 5125 praestiteris,
1365 5043 1401 5104 de
1414 5064 1498 5124 eoque
1511 5065 1559 5105 nos
1571 5066 1622 5128 per

902 5141 993 5200 literas
1004 5139 1129 5200 certiores
1136 5136 1239 5213 seceris,
1248 5136 1370 5199 animum
1381 5151 1504 5211 nostrum
1513 5159 1619 5199 recrea-
1667 5130 1673 5141 ⁸

902 5248 963 5292 tura
974 5253 1019 5294 stt.
