3764 5992
92 461 158 546 ιίνίν
416 477 446 525 s.
473 471 613 525 toanms
639 468 820 521 cnarsosr.
849 467 1005 520 arentur.
1034 471 1302 525 consranmnor.

87 603 296 665 modohomiues
310 599 371 661 illos
382 594 738 679 quituncar·ant,sedetiam
754 612 799 651 eos
853 593 969 672 Χριστοῦ
980 596 1125 675 παρουσίας
1138 601 1207 658 κατδι
1223 599 1271 672 riv
1293 601 1448 680 οἰκουμένην
1460 601 1568 663 δπασαν
1581 601 1623 662 διδ

88 695 138 776 qui
152 697 189 753 ad
200 691 359 752 hodiernum
370 711 456 769 usque
467 689 540 749 diem
551 690 670 760 fuerunt,
679 682 708 743 et¹
718 682 800 763 quiin
855 688 908 743 τῶν
922 689 1088 765 γραμμάτων
1099 689 1214 765 ἐδίδαξε,
1228 691 1274 751 καί
1283 695 1285 700 ’
1295 691 1337 753 ότι
1351 693 1429 760 αι’πδς
1441 693 1472 754 τδ
1487 694 1546 753 δέον
1564 714 1623 752 συν-

87 782 309 852 totoorbefuturi
322 795 385 843 sunt
394 780 523 860 usquead
536 775 799 845 Christiadventum,
859 776 921 834 ιδεῑν
944 781 990 835 οὐκ
1006 780 1140 854 ἠδυνήθη,
1154 782 1199 841 καί
1223 781 1264 842 ότι
1285 785 1333 856 τὴν
1357 786 1496 866 διόρθωσιν
1523 784 1625 853 ἐδέξατο

87 879 173 939 literis
186 876 291 953 docuit,
305 888 331 934 et
345 895 374 933 se
384 872 561 956 nonpotuisse
570 869 637 950 quid
650 871 720 928 sacto
735 885 804 946 opus
859 866 931 946 παρδι
944 875 989 928 τοῦ
1001 870 1139 940 κηδεστοῦ.
1156 871 1250 944 Ἡμεῖς
1264 873 1304 944 δὲ,
1319 874 1364 935 έδν
1378 876 1517 959 ἄνθρωπον
1531 876 1626 952 ἴδοιμεν

88 985 156 1031 esset
167 968 269 1042 videre,
284 980 312 1026 et
324 965 408 1026 soceri
417 963 629 1024 admonitionem
650 960 805 1040 amplexum
859 957 977 1039 παρόντα
993 961 1173 1041 ἐλεγχομένων
1188 969 1265 1041 ἡμῶν
1277 966 1322 1024 καί
1336 967 1545 1045 διορθωμένων,
1561 968 1626 1044 ἰλιγ-

88 1083 153 1123 esse.
166 1062 223 1120 Nos
239 1080 308 1136 ,vero
323 1057 347 1117 si
362 1057 405 1117 vel
418 1078 503 1115 unum
515 1054 656 1115 videamus
668 1050 806 1110 hominem
859 1053 968 1126 γιῶμεν,
983 1049 1149 1130 έξιστιίμεθα,
1163 1055 1302 1134 νομίζομεν
1319 1062 1367 1128 τῆς
1380 1061 1449 1129 ζωῆς
1460 1055 1627 1119 emm.

88 1154 155 1212 dum
182 1150 357 1211 emendamur
368 1163 394 1208 et
406 1147 576 1228 corripimur,
601 1143 805 1218 conturbamur,
860 1164 903 1197 ναι
914 1141 1010 1213 πάσης.
1026 1145 1095 1202 Ἀλλ’
1107 1147 1154 1204 οόκ
1167 1149 1275 1214 ἐκεῖνος·
1290 1149 1348 1207 ἀλλ’
1361 1153 1429 1229 δρῶν
1439 1148 1571 1214 τοσαύτας
1583 1171 1627 1227 χι-

89 1240 386 1324 obstupescimus,etde
398 1239 455 1299 vita
465 1259 513 1298 nos
523 1236 656 1296 excidisse
665 1247 803 1316 putamus.
860 1231 952 1300 λιάδας
964 1234 1098 1313 παρούσας
1111 1239 1158 1295 οὐκ
1170 1238 1329 1319 ἠρυθρίασε,
1342 1239 1485 1319 μᾶλλονδὲ
1502 1238 1628 1308 τοσαύτας

90 1340 127 1394 At
149 1333 196 1393 ille
216 1353 270 1392 uon
295 1332 373 1406 item3
389 1328 437 1389 scd
459 1349 521 1388 cum
534 1327 637 1392 uideret
660 1339 699 1385 tot
720 1324 806 1383 millia
862 1326 990 1405 μυριάδας
1008 1326 1082 1401 τότε,
1103 1327 1151 1396 τίτς
1165 1329 1191 1398 έξ
1209 1330 1307 1391 ἐκείνου
1322 1331 1402 1413 μέχρι
1429 1338 1474 1393 νῦν
1498 1329 1629 1402 κατέστην

89 1424 232 1485 hominum
242 1421 429 1503 praesentium
439 1419 493 1479 imo
507 1433 547 1479 tot
557 1417 805 1493 milliahomiuum,
822 1449 842 1496 γ)
861 1422 910 1496 γῆν
928 1418 1043 1490 ἅπασαν,
1056 1419 1125 1480 ἀλλά
1134 1420 1257 1503 κηρύττει
1270 1433 1337 1482 πᾶσι
1353 1425 1413 1483 καθ’
1434 1421 1549 1495 έκάσιην
1560 1420 1629 1499 ἡμί·

91 1514 138 1594 qui
152 1529 217 1574 tunc
236 1525 320 1588 erant,
342 1524 370 1571 et
388 1511 436 1590 qui
446 1523 507 1592 post
522 1511 631 1569 fuerunt
656 1529 704 1589 per
719 1521 807 1567 totum
863 1532 910 1589 ραν
924 1508 967 1569 διδ
988 1516 1041 1570 τῶν
1054 1513 1230 1592 γραμμάτων,
1246 1514 1286 1572 ότι
1298 1513 1364 1595 ὅπερ
1377 1515 1454 1582 αὐτὸς
1469 1515 1500 1574 οδ
1515 1515 1629 1590 συνεῖδε,

90 1606 184 1665 orbem
199 1624 285 1683 usque
296 1602 332 1662 ad
343 1617 499 1685 praeaentem
510 1603 594 1677 diem,
608 1620 661 1659 non
675 1600 806 1659 erubuit:
861 1608 969 1663 τοῦτοδ
993 1602 1122 1675 κηδεστὴς
1143 1607 1251 1664 συνεῖδε.
1276 1605 1355 1673 Τίνος
1376 1595 1420 1665 σύν
1445 1605 1533 1664 ἕνεκα
1555 1611 1631 1666 τοῦτο

90 1697 140 1758 aed
152 1696 278 1756 omnibus
298 1694 420 1774 quotidie
446 1716 495 1776 per
507 1694 598 1753 literas
617 1692 759 1752 denuntiat
777 1712 807 1750 ea
863 1692 986 1767 ἐποίησε,
1001 1695 1047 1754 καί
1061 1687 1349 1777 parapetasmata
1368 1696 1541 1777 γεγενημένον
1552 1721 1561 1771 ;
1572 1696 1631 1756 Ἵνα

91 1810 215 1850 socerum
226 1787 337 1862 vidisse,
353 1807 413 1866 qnae
431 1786 489 1868 ipse
506 1806 558 1845 non
572 1783 806 1845 animadverterat.
862 1786 1023 1863 ἡμᾶςπείση
1039 1789 1172 1866 μηδέποτε
1187 1791 1226 1869 ἐρ’
1243 1791 1345 1855 έαυτοῑς
1359 1788 1428 1868 μέγα
1450 1797 1564 1868 ρρονεῐν,
1583 1786 1630 1848 κδι

92 1881 150 1939 Cur
162 1879 214 1939 hoc
229 1879 304 1955 fecit,
322 1891 348 1937 et
362 1898 479 1937 currem
490 1878 567 1938 illam
579 1876 664 1937 literis
677 1874 807 1934 tradidit?
864 1877 987 1938 ἁπάντων
1007 1902 1080 1958 ωμεν
1095 1876 1253 1960 σοράιτεροι,
1269 1877 1337 1956 μηδὲ
1356 1879 1492 1958 ἀτιμάζειν
1507 1879 1555 1946 τάς
1567 1882 1630 1957 παρ’

96 1974 134 2032 Ut
141 1971 220 2031 nobis
233 1984 325 2030 auctor
336 1983 451 2046 essetne
460 1971 549 2031 altum
558 1969 808 2051 sapiamus‚quam-
864 1970 960 2050 ἐτέρων
972 1970 1147 2049 συμόουλίας,
1157 1971 1207 2032 κδν
1229 1971 1352 2031 ἁπάντων
1371 1960 1632 2052 ὦσινεύτελέστεροι.

94 2063 139 2124 ris
151 2061 273 2122 omnium
282 2061 474 2143 sapientissimi
487 2061 582 2131 simus,
593 2080 680 2140 neque
692 2060 809 2118 aliorum
864 2058 910 2124 Ἂν
925 2062 973 2141 μδν
985 2063 1037 2144 γάρ
1059 2087 1084 2122 τι
1104 2068 1157 2123 τῶν
1182 2062 1292 2122 δεόντων
1313 2062 1495 2141 συμόουλιύσῃ
1516 2086 1571 2135 τις,
1585 2061 1631 2121 κδι

93 2154 203 2214 consilia
216 2167 427 2227 contemnamus,
436 2153 542 2212 etiamsi
550 2152 673 2212 omnium
682 2149 810 2210 vilissimi
865 2156 967 2227 οἰκέτης
980 2146 1013 2235 ᾖ,
1028 2155 1100 2224 δέξαι
1113 2155 1161 2228 ι-λν
1176 2154 1346 2236 παραίνεσιν·
1360 2154 1392 2214 δν
1408 2154 1438 2213 δέ
1458 2178 1485 2214 τι
1511 2159 1565 2214 τῶν
1579 2156 1633 2213 tte-

94 2246 156 2305 sint.
167 2245 197 2304 Si
211 2243 280 2324 quid
293 2243 393 2322 aliquis
408 2243 494 2324 probe
513 2242 643 2314 consulat,
659 2241 708 2302 etsi
723 2242 810 2300 sanau-
865 2249 956 2330 θρίων,
978 2247 1027 2308 νλν
1051 2251 1076 2307 ἐν
1101 2247 1233 2326 ᾶξνώμννν
1247 2246 1366 2328 τυγχάνῃ
1391 2245 1522 2328 μεγίστῳ,
1543 2245 1634 2326 παρά.

94 2337 194 2410 lussit,
212 2335 425 2397 admonitionem
433 2334 539 2416 accipe,
554 2334 577 2393 si
598 2331 665 2412 quid
677 2332 811 2414 pernicio·
865 2343 971 2421 πεμψαι
985 2338 1033 2411 τὴν
1047 2338 1171 2420 γνώμην·
1187 2343 1216 2398 οὔ
1231 2338 1283 2420 γδρ
1298 2344 1331 2416 τῇ
1347 2339 1468 2411 ποιότητι
1482 2341 1535 2397 τῶν
1549 2359 1634 2416 προσ-

96 2449 155 2487 sum
179 2428 314 2509 quispiam
327 2426 372 2487 vel
385 2428 413 2486 in
428 2426 547 2485 maxima
565 2424 696 2505 dignitate
709 2424 813 2506 positus
866 2431 946 2490 ώπων
958 2435 1010 2491 τῶν
1025 2430 1264 2509 ανμὸονλννόντων,
1274 2432 1333 2489 ἀλλ’
1347 2433 1414 2508 αὐτῇ
1425 2433 1473 2501 τῆς
1484 2427 1635 2506 σνμὸαιλῆς

96 2517 390 2594 mnstdaqsententiam
402 2515 528 2599 repudies
544 2537 613 2576 :non
620 2516 813 2594 enimqualitas
830 2557 850 2607 Ε
868 2528 901 2604 τῇ
925 2523 1000 2604 φύσιν
1022 2522 1163 2604 προσέχειν
1186 2523 1225 2582 δεῖ
1247 2528 1394 2603 meneket.
1416 2521 1508 2601 Ὅπερ
1527 2511 1573 2580 ὧν
1591 2520 1635 2580 καί

93 2632 271 2692 personarum
292 2609 502 2684 consulentium,
515 2608 564 2669 sed
584 2608 691 2669 consilii
717 2621 813 2667 natura
868 2617 986 2687 Μωῡσῆς
998 2613 1119 2686 ἐποίησε,
1136 2612 1268 2672 παιδεύων
1281 2618 1353 2692 ἡμᾶς
1366 2613 1404 2693 μὴ
1423 2617 1546 2694 έρυθριᾷν
1563 2614 1637 2692 ἔλεγ-

95 2701 240 2784 spectanda
253 2723 359 2784 semper
371 2715 421 2762 est.
443 2700 516 2760 Illud
529 2701 614 2780 igitur
626 2702 736 2781 Moyses
750 2699 815 2758 fecit
868 2708 1010 2788 χνμίνονς,
1026 2707 1076 2766 κᾶν
1096 2705 1238 2786 ὁλόκληρος
1252 2711 1318 2785 ἡμῖν
1339 2709 1421 2783 δῆμος
1436 2711 1519 2787 παρῇ.
1534 2703 1638 2785 Ἐγκάι.

58 2805 61 2809 ’
95 2808 128 2854 ιιι
140 2815 188 2854 nos
201 2794 308 2854 doceret
321 2814 375 2852 non
393 2793 606 2870 erubescendum
620 2812 676 2851 esse
698 2812 815 2850 cumre-
869 2821 928 2875 μων
941 2797 993 2878 γὰρ
1012 2804 1089 2858 τοῦτο
1101 2796 1234 2877 μέγιστον,
1255 2797 1301 2856 καί
1323 2797 1428 2866 ἔπαινος
1443 2801 1493 2878 οὐχ
1511 2795 1637 2877 δτυχὼν,

94 2885 267 2966 darguimur‚
289 2883 394 2944 etiamsi
422 2883 502 2942 nohis
527 2883 670 2942 universus
695 2881 813 2962 populus
868 2888 913 2947 χαί
935 2889 1087 2970 φιλοσοφίας
1114 2888 1219 2957 ἔπαινος
1243 2893 1291 2960 τῆς
1324 2889 1463 2961 σίνοιτάτω,
1489 2887 1521 2947 τδ
1551 2887 1637 2968 ρέριιν

96 2975 208 3036 adesset.
226 2973 298 3034 lllud
315 2974 388 3033 enim
402 2994 466 3034 vere
483 2974 544 3033 laus
554 2987 594 3033 ost
615 2993 668 3032 non
678 2971 812 3051 vulgaris,
868 2978 976 3061 ίλςγρον
986 2979 1120 3059 γενναίως,
1134 2978 1273 3059 ospolim
1287 2978 1339 3061 γάρ
1353 2980 1397 3039 τὸν
1412 2977 1504 3060 Ἰνδδιρ
1517 2980 1637 3039 ἐπαινοῖν-

95 3087 281 3147 supremaque
292 3063 471 3146 philosophia
484 3065 659 3147 praeconium,
668 3058 814 3143 reprehenss
869 3094 918 3149 μιν
929 3070 974 3132 καὶ
988 3071 1155 3149 θαυμάζομεν
1166 3075 1221 3144 νῦν,
1232 3068 1274 3130 ὅτι
1284 3072 1328 3130 τὸν
1341 3069 1459 3130 Mutela
1481 3069 1638 3152 διόρθωσιν,

96 3158 334 3236 sionemgenerose
347 3157 425 3215 serre.
439 3157 500 3215 Non
508 3157 580 3215 enim
588 3155 624 3213 ita
638 3154 814 3216 Jothornune
868 3163 1113 3239 ὡςίχπληςτόγνςοα
1123 3161 1168 3221 τὸν
1182 3161 1256 3236 &poe
1270 3164 1380 3238 ἐκεῖνον,
1392 3160 1434 3221 ὅτι
1447 3159 1507 3220 σάτα
1520 3159 1638 3240 ᾐσχύνθη

96 3248 241 3310 laudamus
258 3261 284 3306 et
310 3245 488 3324 admiramur,
507 3245 579 3324 quod
594 3248 708 3326 Moysen
723 3264 814 3304 corre·
869 3252 1047 3333 διορθούμενος
1063 3251 1193 3312 τοσούτων
1207 3256 1356 3332 παρόντων,
1371 3250 1418 3330 καί
1438 3251 1533 3330 μνήμῃ
1547 3251 1578 3311 τδ
1596 3273 1638 3329 γε·

97 3341 180 3413 xerit,
207 3351 239 3398 ut
262 3351 387 3398 sanetum
410 3337 510 3412 illum,
534 3336 609 3416 quod
630 3350 669 3396 tot
693 3356 813 3417 praesen-
868 3344 1009 3425 γενημέυαν
1024 3345 1175 3424 παρέδωκε,
1187 3343 1230 3402 διὰ
1244 3342 1349 3403 πάντων
1368 3342 1416 3416 την
1434 3345 1638 3424 αὖτοῦζριλοσο·

97 3432 173 3492 tibus
193 3429 319 3511 redargui
346 3450 399 3489 non
420 3429 568 3506 erubuerit,
592 3441 619 3488 et
639 3448 696 3488 rent
713 3442 827 3514 gestam¹
870 3437 931 3518 ρίαν
957 3435 1067 3514 delicto!
1079 3436 1124 3494 καί
1156 3437 1195 3495 aa
1211 3435 1280 3512 μετὰ
1305 3435 1405 3507 πολλῆς
1416 3427 1418 3431 ¹
1431 3439 1478 3506 ῖῆί
1492 3435 1639 3518 ὓπῑρὸῡλῆί

98 3524 235 3584 memorlae
249 3522 405 3596 lradltlerli,
416 3521 460 3581 ltls
473 3521 600 3581 omnibus
614 3519 815 3602 pltllosopltlam
869 3529 918 3603 τὴν
930 3526 1004 3607 παρὰ
1017 3530 1070 3586 τῶν
1085 3528 1189 3587 πολλῶν
1200 3527 1369 3601 κατεπάτησε
1381 3525 1467 3596 δόξαν.

98 3612 815 3693 suamostendens,declaransquequantopereinanem

99 3707 239 3766 hominum
251 3705 365 3785 gloriam
379 3718 566 3766 contemneret.
700 3715 703 3724 '

139 3809 171 3866 ὅ.
185 3810 221 3866 At
244 3828 293 3867 nos
311 3808 379 3867 dum
397 3807 432 3868 de
450 3809 646 3889 prooemiorum
659 3807 816 3890 prolixitate
825 3795 862 3897 ’ἲ
911 3801 991 3865 Ἀλλά
1009 3798 1062 3882 γδρ
1075 3797 1141 3880 ύπδρ
1154 3794 1300 3878 προοιμίων
1321 3791 1548 3871 ἀπολογούμενοι,
1562 3790 1641 3852 πάλιν

100 3919 151 3959 nos
164 3918 336 3975 excusamus,
361 3920 454 3958 rursus
474 3902 563 3980 majus
575 3901 736 3981 prooemium
749 3900 815 3960 feci·
873 3897 961 3975 μεῖζον
974 3891 1004 3952 tl
1020 3888 1158 3973 προοίμιον
1178 3887 1381 3964 πεποίθαμεν·
1404 3886 1462 3944 ἀλλ’
1482 3887 1533 3963 ὠά
1552 3884 1639 3948 &llll

101 4010 177 4066 mus;
191 4009 286 4047 verum
297 4010 351 4049 non
361 4004 460 4049 temere
473 4011 558 4068 neque
567 3992 624 4050 sine
641 4013 719 4050 causa
732 4015 739 4049 ι
753 4013 816 4053 nam
872 3985 930 4048 οὐδὲ
945 3987 1020 4066 εἰκῇ,
1036 3983 1095 4042 ἀλλ’
1110 3981 1175 4061 ὑπὲρ
1188 3983 1242 4058 τῶν
1260 3978 1391 4057 μεγίστων
1411 3981 1473 4054 ύμῖν
1487 3975 1639 4053 διαλεγόμε-

100 4079 136 4140 όε
149 4079 229 4139 rebus
240 4079 368 4139 maximis
387 4080 587 4158 admodumque
600 4083 754 4142 necessariis
767 4105 817 4144 vos
871 4102 911 4137 νοι
932 4075 977 4135 καλ
1005 4073 1230 4150 ἀναγκαιοτάτων,
1247 4068 1300 4155 ‘iva
1323 4067 1448 4148 γενναίως
1472 4064 1639 4145 amdam

100 4169 274 4250 alloquimur,
290 4184 320 4230 ut
344 4171 447 4230 sortiter
462 4171 579 4231 ieramus
592 4193 653 4231 cum
664 4173 816 4252 arguimnr;
872 4165 1056 4248 ρίρωμεν,ίνα
1066 4162 1205 4245 προθύμως
1216 4162 1366 4241 diacoma
1375 4157 1435 4225 τοὺ(
1443 4155 1641 4237 ἅμαθῖἄίθπίς

101 4275 128 4321 et
139 4276 170 4321 ut
183 4262 309 4322 alacriter
321 4282 465 4341 arguamus
474 4262 703 4342 corripiamusque
711 4285 755 4323 eos
768 4265 817 4344 qni
872 4258 918 4318 καί
947 4259 1101 4338 διορθῶμεν.
1126 4255 1239 4333 Ἀνάγκη
1263 4252 1290 4311 δὲ
1312 4250 1404 4311 λοιπδν
1425 4247 1641 4326 ἀπολογήσασθαι

101 4356 339 4436 μετατίθενται
350 4355 519 4434 jamnecesse
528 4367 567 4412 est
581 4367 611 4411 ιιι
618 4352 653 4413 de
660 4355 817 4435 prolixitate
872 4349 938 4430 ὑπὲρ
951 4356 995 4409 τοῦ
1007 4349 1119 4426 μόνοις,
1130 4346 1176 4405 καὶ
1184 4348 1268 4404 εἰπεῖν
1276 4343 1345 4410 τίνος
1355 4341 1443 4400 ἕνεκεν
1455 4337 1547 4420 ponpa
1557 4345 1642 4398 roret

21 4457 93 4519 (thry-
102 4467 151 4506 nos
171 4443 357 4522 defendamus,
372 4443 597 4523 ostendamusque
611 4466 660 4503 cur
681 4445 768 4525 longa·
777 4447 817 4506 fa·
874 4466 922 4521 μεν
935 4441 1072 4521 προοίμια.
1085 4438 1164 4505 Τίνος
1175 4429 1218 4495 οὖν
1232 4435 1319 4494 luem
1329 4440 1405 4493 τοῦτο
1418 4437 1560 4509 πθωῧμῑνλ
1570 4427 1643 4500 llll·

4 4544 30 4558 ''
42 4534 63 4563 '⁸
83 4538 207 4617 ,ciamus
216 4537 356 4619 prooemia.
368 4538 424 4596 Cur
437 4557 501 4616 ergo
511 4535 538 4595 id
553 4535 686 4597 iacimus?
701 4539 818 4598 Tantam
874 4539 913 4593 θει
927 4531 1041 4612 τοσούτῳ
1058 4528 1246 4608 διαλεγόμεθᾱ,
1261 4524 1407 4605 ἀνθρώποις
1426 4531 1554 4602 γυναῖκας
1569 4522 1644 4602 έχω-

1 4597 93 4690 nelli:
104 4629 305 4690 multitudinem
327 4627 504 4706 alloquimur,
520 4628 595 4688 viros
605 4626 652 4706 qui
660 4650 759 4688 uxores
767 4631 819 4689 ha·
872 4651 923 4701 σιν,
947 4624 1031 4690 οίκίας
1056 4619 1257 4704 προεστηκόσιν,
1280 4622 1307 4679 ἐν
1338 4615 1450 4696 ίργασίρ
1479 4616 1642 4693 καθημερινῇ

32 4738 42 4765 ’
104 4722 178 4796 bont,
193 4720 374 4798 quidomibus
388 4733 518 4800 praesunt,
533 4718 632 4778 diurno
645 4741 724 4801 opere
735 4721 820 4783 vitam
871 4721 959 4792 ζῶσιν,
975 4718 1003 4774 ίν
1024 4719 1156 4793 βιωτικοῖς
1175 4711 1324 4791 spritum·
1339 4708 1394 4768 Καὶ
1416 4708 1446 4766 οὗ
1465 4710 1545 4765 τῦῧτθ
1566 4703 1643 4783 po'vor

103 4811 247 4892 parant‚in
260 4810 435 4870 sacularibus
447 4810 560 4890 negotiis
579 4824 671 4890 agunt.
683 4814 777 4892 Neque
788 4813 820 4872 il·
871 4810 927 4871 έστὶ
949 4809 980 4869 τδ
1002 4805 1142 4887 δυσχερὲς,
1153 4802 1194 4863 ότι
1218 4803 1343 4874 διηνεκῶς
1367 4802 1432 4859 εἰσιν
1445 4794 1642 4876 θσλίθλημίνθῑι

104 4901 155 4960 ίυό
165 4916 270 4961 tantum
288 4902 430 4962 molestum
441 4914 489 4977 est,
504 4901 577 4980 quod
597 4918 727 4985 perpetuo
739 4926 819 4965 occu-
836 4926 855 4974 B
871 4904 929 4962 ἀλλ’
939 4901 979 4961 ότι
993 4899 1039 4959 καί
1051 4896 1122 4965 dael
1134 4901 1182 4967 τῆς
1195 4894 1339 4970 έόδομσίδος
1350 4889 1441 4956 αὐτοὺς
1451 4892 1564 4948 ἐνταῦθα
1575 4889 1643 4965 λαμ·

104 5006 211 5075 pentur,
226 4991 273 5050 sed
283 4976 358 5070 quod
370 4992 452 5052 semel
464 4993 491 5051 in
505 4993 677 5053 hebdomada
687 4996 757 5077 ipsos
773 4997 819 5057 laic
870 4998 995 5074 όάνομεν.
1008 4990 1167 5069 Βουλόμενοι
1176 4987 1262 5046 τοίνυν
1275 4984 1422 5044 εὐσύνοπτα
1436 4979 1642 5046 κατασκευάζειν

103 5083 282 5164 excipiamus.
299 5086 338 5143 Ut
355 5084 440 5163 igitur
461 5085 598 5146 intellectu
611 5086 702 5146 facilia
715 5087 818 5148 redda—
870 5091 957 5153 αὐτοῖς
976 5085 1010 5144 τδ
1029 5080 1172 5160 λεγόμενα,
1187 5078 1230 5138 διδ
1245 5081 1296 5135 τῶν
1316 5072 1463 5157 προοιμίων
1477 5070 1643 5152 σαφεστέραν

93 5194 208 5234 musea
225 5193 284 5250 quae
304 5173 430 5250 dicimus,
440 5177 727 5256 prooemiisclariorem
740 5181 820 5241 exhi·
869 5184 980 5251 ποιῆσαι
999 5174 1048 5247 τὴν
1071 5169 1241 5232 διδασκαλίαν
1258 5166 1449 5243 σπουδάζομεν·
1469 5162 1505 5222 Ὁ
1525 5161 1574 5238 δὲ*
1592 5161 1644 5242 il?

104 5263 608 5329 beredoctriuamstudemusllleenim
616 5269 820 5333 cuinihilaliud
871 5269 952 5351 μηδέν
965 5268 1040 5350 ἔργον
1059 5266 1139 5346 ἔχων,
1155 5264 1213 5325 ἀλλ’
1231 5260 1272 5322 &tl
1292 5267 1350 5329 ταῖς
1365 5261 1484 5338 Γίαθθῑί
1502 5258 1645 5337 ''mh'‘
