3810 6000
509 459 543 507 tlt
573 457 814 506 PARALYTICUM
840 456 1013 506 uemrssutt
1038 457 1102 507 PER
1128 458 1278 507 Taurum.
1615 435 1658 510 5¹

119 589 208 666 μένεις
225 587 316 646 Οὗδεν
327 583 429 645 ταίτων
440 586 491 643 οὐκ
505 574 587 658 είπεν,
601 587 648 644 οὐκ
663 583 813 656 ἐνενόησεν·
828 586 888 644 ἀλλ’
944 582 1063 656 oblatus,
1077 583 1115 642 ait
1128 583 1170 643 illi
1185 583 1320 661 Christus,
1337 584 1469 666 Confido,
1475 585 1541 666 fili,
1559 590 1662 645 remit·

118 681 231 759 ἀνίμενεν
242 677 400 758 ἐπιτρέπων
412 676 458 736 τδν
472 678 562 758 ίατρδν
579 679 632 757 ὁδῷ
650 676 802 757 χρήσασθαι
813 682 889 758 θερα-
945 688 1048 734 tantur
1065 678 1119 734 riht
1137 689 1268 756 peccata.
1283 676 1334 736 llis
1346 677 1394 736 ille
1406 676 1508 736 auditis
1521 697 1573 736 non
1593 698 1664 757 agre

117 772 201 845 τείας,
213 763 307 854 ἧσπερ
319 772 452 831 ἐὸοόλετο.
467 769 522 830 Διά
541 776 617 830 τοῦτο
630 768 675 827 καλ
688 775 702 829 δ
715 769 831 851 Χριστὸς
842 772 890 829 οὐκ
944 766 1023 841 tulit,
1038 786 1092 825 non
1111 766 1183 826 dixit
1194 767 1298 827 medico
1312 792 1319 826 ι
1337 769 1414 843 Quid
1426 769 1478 827 hoc
1492 768 1532 828 rei
1548 769 1609 828 est?
1627 768 1662 829 al)

88 905 91 911 ‚
117 865 210 934 ἀπῆλθε
225 864 297 943 πρὸς
315 861 405 935 αίτθν,
427 864 487 922 ἀλλ’
501 863 633 940 ἀνέμεινεν
648 861 725 920 αιἰτδν
740 864 831 936 ἐλθεῖν,
846 861 889 920 ίνα
909 877 927 924 n
944 856 1028 916 altero
1041 858 1137 916 morbo
1151 872 1181 916 ut
1196 879 1303 919 sanarer
1311 858 1426 933 adveni,
1440 874 1466 921 et
1482 859 1595 920 alterum
1605 860 1663 941 ipse

117 955 224 1036 ἐπεδειξη
235 959 321 1015 αὐτοῦ
334 954 385 1027 τήν
400 953 636 1026 cleriricorum
649 953 702 1034 γάρ
714 957 760 1014 οὐκ
775 953 890 1025 ἠδύνατο
944 950 1042 1008 sanat?
1057 951 1110 1008 lsta
1121 964 1270 1010 commenta
1283 965 1382 1011 suntet
1396 964 1553 1031 praetextus,
1566 966 1593 1011 et
1605 952 1660 1012 im·

116 1047 155 1119 τήν
178 1046 281 1106 είσοδον
302 1051 418 1119 ποιῆσαι
437 1044 563 1119 εὖκολυν;
592 1045 662 1106 Ἀλλ’
684 1046 757 1105 οὐδὲν
789 1044 889 1105 τοότιυν
944 1040 1099 1100 berillitatis
1118 1054 1279 1121 tegumenta.
1294 1046 1405 1104 Peccata
1419 1064 1515 1118 sanas,
1532 1065 1592 1123 quae
1608 1065 1661 1105 uon

117 1139 240 1214 ἐποίησεν,
255 1137 303 1199 ίνα
319 1148 403 1199 πᾶσιν
416 1140 496 1198 αὐτοῦ
510 1137 559 1210 τήν
573 1137 690 1210 σπουδήν
703 1137 830 1219 ἐπιδείξῃ,
842 1137 889 1197 καὶ
944 1133 1111 1192 cernuntur?
1124 1133 1201 1193 Nihil
1212 1134 1311 1193 horum
1323 1155 1407 1214 neque
1419 1135 1501 1213 dixit,
1517 1155 1602 1214 neque
1615 1157 1662 1196 oo-

116 1230 156 1303 τήν
176 1229 288 1299 ζέουσαν
306 1231 410 1291 πίστιν.
424 1228 552 1313 Καθάπερ
566 1229 618 1310 γδρ
638 1228 704 1311 πρὸς
724 1230 821 1290 ἐκεῖνον
843 1229 888 1289 τδν
943 1226 1056 1305 giravit,
1070 1225 1116 1284 sed
1131 1226 1314 1306 exspectavit,
1330 1225 1487 1307 permittens
1499 1240 1528 1285 ut
1542 1227 1663 1288 medicus

117 1323 250 1401 τριάκοντα
275 1320 351 1382 ἀκτάν
376 1321 424 1393 ἐτη
448 1321 543 1402 ἔχοντα
563 1321 645 1401 ἀπήει
665 1321 709 1381 διὰ
733 1321 764 1381 τὸ
787 1321 887 1400 μηδένα
941 1339 1001 1377 eam
1022 1317 1168 1377 curationis
1187 1318 1262 1377 viam
1280 1331 1397 1394 teneret,
1413 1340 1496 1397 quam
1510 1319 1600 1380 vellet.
1615 1318 1663 1379 ld·

118 1417 178 1494 α’πῷ
200 1421 350 1493 παρεῖναι·
374 1411 442 1472 οίπω
463 1420 561 1487 τοῦτον,
583 1410 674 1484 ἐπειδή
697 1412 809 1481 πολλοὺς
832 1403 888 1493 εἶχε
941 1407 1012 1468 circo
1031 1413 1113 1470 etlam
1127 1409 1252 1470 Christus
1270 1431 1324 1469 non
1345 1410 1380 1469 ad
1394 1432 1456 1470 eum
1469 1412 1600 1491 perrexit,
1616 1411 1664 1472 sed

117 1504 166 1573 τάς
180 1504 391 1586 προσήκοντας,
405 1504 540 1583 ἀνέμεινεν
554 1507 637 1564 ἐλθεῖν
650 1506 716 1588 πρδς
736 1506 823 1579 αὐτὸν,
844 1505 888 1565 ίνα
942 1503 1107 1583 exspectavit
1117 1503 1184 1562 dum
1194 1503 1309 1577 veniret,
1322 1516 1352 1563 ut
1366 1502 1449 1563 fidem
1460 1503 1546 1583 ipsius
1560 1504 1663 1566 cunctis

117 1596 262 1657 καλεσάτω
279 1595 331 1669 τήν
352 1595 443 1657 πίστιν
461 1595 561 1675 ποιήσῃ
579 1596 660 1668 δήλην
683 1595 726 1656 διδ
746 1605 792 1657 τοῦ
805 1621 888 1679 προσ.
941 1594 1098 1655 ostenderet.
1109 1594 1249 1673 Numquid
1259 1594 1330 1654 enim
1337 1595 1443 1654 facilem
1455 1595 1495 1654 illi
1508 1616 1560 1654 non
1573 1596 1662 1677 potuit

117 1692 262 1768 ινεχθῆναι,
283 1686 411 1746 κάκείνου
436 1685 484 1760 τήν
506 1685 617 1768 ἐρημίαν
640 1692 712 1767 ἡμᾶς
730 1687 820 1769 διδάξη
844 1689 888 1750 διδ
941 1685 1216 1746 acccssumreddere?
1229 1686 1283 1747 Sed
1294 1687 1362 1749 nihil
1370 1687 1467 1746 horum
1479 1686 1554 1764 lecit,
1562 1689 1658 1768 utejus
1756 1734 1763 1743 .

116 1787 153 1839 τοῦ
172 1780 239 1862 πρὸς
256 1780 340 1838 αὐτὸν
365 1781 499 1855 ἀπελθεῖν,
518 1778 564 1838 καί
586 1778 676 1840 τούτου
701 1780 749 1852 τήν
770 1780 887 1854 σπουδήν
942 1776 1063 1836 studium
1074 1778 1200 1837 omnibus
1211 1779 1415 1858 patefaceret,et
1423 1776 1505 1837 fidem
1513 1778 1659 1842 ardentem.

115 1871 229 1931 κάκείνω
243 1870 297 1944 τήν
311 1869 448 1948 ὑπομονήν
459 1870 595 1951 ἐκκαλύψῃ
609 1881 694 1946 πᾶσι,
709 1871 754 1931 καλ
770 1873 886 1950 μάλιστα
907 1869 1011 1932 ENam
1046 1869 1274 1949 quemadmodum
1301 1870 1338 1930 ad
1363 1870 1442 1929 illum
1481 1869 1585 1949 adivit,
1613 1871 1662 1950 qui

114 1973 159 2031 τοῖς
179 1964 241 2023 τότε
257 1968 400 2043 παροῦσιν.
415 1961 526 2037 Ἐπειδὴ
550 1963 600 2045 γάρ
625 1963 747 2026 εἰώθασιν
764 1965 886 2025 Ἰουδαῖοι
941 1975 1002 2022 octo
1015 1976 1041 2024 et
1054 1963 1164 2043 triginta
1176 1964 1233 2043 jam
1246 1985 1329 2023 annos
1343 1962 1468 2039 habebat,
1482 1985 1512 2022 eo
1526 1965 1599 2043 quod
1613 1986 1661 2026 ne-

114 2054 235 2135 βίαιιανοί
255 2075 331 2123 τινες
351 2053 397 2113 καί
417 2054 599 2136 μισάνθρωποι
620 2066 678 2124 ταῖς
699 2061 752 2115 τῶν
773 2056 885 2128 πλησίον
941 2073 987 2112 mo
1000 2054 1042 2114 illi
1062 2055 1190 2115 adesset:
1214 2055 1253 2114 sic
1274 2068 1301 2114 et
1321 2056 1413 2131 istum,
1428 2068 1568 2138 propterea
1587 2057 1662 2136 quod

114 2147 267 2227 εὐεργεσίαις
286 2149 400 2226 φθονεῖν,
411 2144 458 2205 καί
469 2151 513 2205 νῦν
526 2149 637 2209 ἀπὸτοῦ
651 2152 743 2230 καιροῦ
755 2157 810 2216 τοῖς
823 2148 886 2208 θαά-
940 2146 1040 2206 multos
1053 2147 1170 2207 habebat
1185 2148 1358 2229 propinquos,
1371 2147 1438 2207 dum
1451 2147 1487 2207 ad
1502 2170 1531 2209 se
1544 2150 1660 2229 veniret,

113 2264 185 2317 μασιν
201 2237 386 2310 ἐπιπίπτειν
402 2238 538 2318 λέγοντες,
552 2239 593 2298 ότι
614 2244 640 2300 ἐν
660 2240 787 2322 σαόόάτῳ
804 2248 885 2322 θερα-
940 2239 1124 2320 exspectavit,
1142 2253 1172 2298 ut
1188 2255 1214 2299 et
1229 2240 1307 2301 istius
1320 2238 1487 2300 manifestam
1502 2241 1585 2302 fidem
1598 2243 1660 2304 red-

112 2332 193 2405 πεόει,
206 2339 255 2392 νῖεν
270 2331 301 2391 δέ
321 2332 439 2392 ἀπὸτοῦ
459 2331 517 2410 βίου
530 2337 583 2391 τῶν
595 2333 815 2413 εὐεργετουμένων
838 2333 885 2394 λε’-
940 2330 1026 2409 deret,
1041 2353 1072 2392 eo
1085 2330 1159 2411 quod
1171 2331 1279 2391 oblatus
1292 2333 1370 2391 luerit
1384 2357 1391 2391 ε
1407 2347 1434 2392 et
1447 2333 1522 2393 illius
1536 2334 1660 2395 solitudi-

112 2427 256 2542 parrechi
276 2416 312 2496 ἦν
328 2423 468 2505 προφήτης
478 2413 568 2497 οὗτος
588 2424 647 2505 ήδει
660 2425 701 2492 τίς
711 2417 884 2505 ήνήγυνήή
939 2444 1001 2483 nem
1014 2444 1063 2484 nos
1078 2424 1186 2484 doceret
1188 2425 1333 2503 eoquod
1344 2424 1378 2485 ad
1398 2425 1487 2507 ipsum
1504 2428 1658 2506 accesserit,

112 2516 242 2596 ἁπτομένη
270 2517 367 2575 αὐτοῦ·
389 2518 437 2575 σιἰκ
455 2515 568 2592 εἰδότες,
590 2515 633 2576 ότι
655 2519 745 2596 ἰατροῦ
768 2519 885 2595 μάλιστα
939 2528 965 2575 et
988 2529 1044 2574 tam
1065 2516 1144 2575 istius
1163 2469 1393 2595 etirdium,quam
1412 2517 1661 2599 illiuspatientiam

112 2607 544 2688 εαποέστιτδτοιςάῤῥονστουσιν
552 2607 751 2689 ἀναμίγνυσθαι
757 2607 885 2690 καλπαρά
939 2607 1043 2666 eunctis
1060 2607 1206 2687 detegeret,
1221 2621 1302 2683 atque
1319 2608 1375 2666 illis
1390 2609 1526 2689 praeeipue
1544 2632 1591 2688 qut
1584 2611 1659 2671 ad·
1693 2624 1697 2630 '

111 2703 162 2770 ταῖς
175 2725 324 2768 νοσουντας
336 2702 378 2760 ἀεί
388 2698 542 2816 φαίνεσθαι
556 2701 625 2761 ἀλλά
639 2700 723 2782 μήφυ
690 2710 779 2782 φυγεῖν
792 2701 913 2799 sclarola<⁴
939 2700 1056 2759 stabant.
1072 2702 1142 2760 Nam
1155 2700 1282 2804 quoniam
1295 2699 1385 2762 Judaer
1396 2701 1518 2761 hommes
1532 2702 1618 2763 invidi
1632 2718 1660 2765 et

113 2794 171 2873 μηδὲ
181 2797 341 2874 ἀποπηδᾶν.
354 2782 487 2874 Οπερ
456 2815 500 2851 ουν
514 2792 560 2851 καλ
573 2793 639 2874 πρὸς
651 2793 764 2861 ἐκείνους
779 2794 885 2855 ἀποτεί-
902 2758 1079 2859 Αλοιιιιιιιιαι
1091 2813 1180 2852 osores
1191 2813 1378 2874 proxrmorum
1388 2793 1525 2853 beneficus
1535 2794 1659 2857 mvrdere
1702 2847 1703 2850 ,

113 2887 208 2964 νίμενος
231 2886 345 2965 ἔλεγεν·
371 2887 413 2944 ot
433 2883 525 2967 χρείαν
551 2882 655 2965 ἔχουσιν
675 2887 700 2944 οῖ
726 2885 885 2966 ὑγιαίνοντες
938 2898 1147 2960 consueverunt,
1162 2900 1187 2945 et
1210 2905 1282 2945 nunc
1300 2897 1388 2944 sumta
1408 2904 1546 2946 occasune
1560 2907 1575 2945 a
1589 2900 1659 2948 tem·

113 2982 210 3060 ίατροῖῖ,
224 2982 289 3039 ἀλλ’
303 2982 330 3040 οἱ
345 2981 435 3045 κακῶς
448 2978 561 3059 ἔχοντες.
574 2971 678 3038 ‘'lva
648 3003 692 3039 ουν
712 2979 749 3057 μή
768 2978 802 3038 τό
816 2979 883 3041 αὐτὰ
938 2998 1003 3058 pore
1016 2930 1147 3036 miraculi
1165 2995 1285 3058 carpere,
1300 2975 1420 3037 diceutes
1433 2998 1494 3037 eum
1506 2978 1535 3038 in
1545 2979 1658 3038 sabbato

113 3073 182 3131 πάλιν
195 3073 353 3151 ἐγκαλῶσι,
366 3069 493 3152 πρότερον
507 3070 636 3130 δείκνυσιν
647 3075 683 3139 ὡς
694 3071 761 3140 ἄξιοι
775 3075 823 3142 ιῆς
836 3077 883 3132 θε-
937 3089 1041 3147 curare,
1052 3090 1123 3128 nunc
1133 3069 1169 3127 ab
1183 3090 1276 3128 eorum
1291 3069 1358 3145 vita,
1368 3069 1416 3148 qui
1427 3069 1601 3148 curabantur,
1612 3069 1657 3129 di-

115 3164 215 3242 ραπείας
226 3163 298 3223 εἰσὶν
323 3166 349 3221 οἱ
367 3161 520 3243 προσιόντες
529 3160 574 3222 διδ
584 3161 633 3235 τήν
644 3161 743 3235 πίστιν,
755 3163 788 3235 ἣν
799 3163 883 3223 ἐκδεί-
937 3175 1034 3240 centes,
1049 3165 1108 3221 Hir
1122 3165 1149 3221 ει·
1162 3175 1235 3221 esset
1245 3164 1387 3241 propheta
1394 3207 1404 3234 ‚
1420 3167 1507 3222 sciret
1521 3183 1658 3245 quanam
1665 3175 1719 3223 ιιιε.
1733 3191 1756 3240 7.
1765 3177 1804 3238 ³9.

113 3279 218 3315 ινυνται.
235 3254 292 3315 Διά
311 3260 390 3314 τοῦτο
403 3253 523 3313 κάκείνου
542 3253 590 3327 τήν
603 3254 725 3336 ἐρημίαν,
736 3254 782 3313 καί
793 3253 883 3316 τούτου
937 3258 976 3313 sr't
989 3255 1106 3330 mulier,
1119 3275 1184 3336 quur
1197 3259 1293 3335 tangit
1306 3275 1382 3329 rum,
1400 3255 1545 3316 nescientes
1554 3257 1658 3319 huces·

113 3346 152 3419 τήν
164 3347 278 3416 ζέοισαν
291 3346 383 3407 πίστιν
398 3346 444 3404 καλ
457 3346 605 3428 προθυμίαν
624 3345 719 3416 ἔδειξε·
739 3346 782 3406 διδ
806 3355 884 3409 τοῦτο
936 3366 966 3405 sc
986 3348 1121 3427 precipue
1143 3345 1239 3405 medici
1247 3390 1259 3419 ,
1272 3367 1333 3405 cum
1359 3346 1466 3427 aegrotis
1489 3347 1615 3421 misceri,
1632 3363 1659 3410 et

113 3439 200 3499 ἐκεῖνον
214 3439 267 3518 μὲν
277 3443 305 3499 ἐν
320 3436 450 3519 σαόόἀτιρ
464 3438 635 3520 ἐθεράπευσε,
649 3445 738 3498 τοῦτον
754 3439 782 3498 δὲ
797 3442 845 3500 οὐκ
856 3443 883 3499 ἐν
933 3439 1013 3518 juxta
1027 3439 1150 3497 infirmos
1163 3459 1269 3519 semper
1287 3439 1406 3515 versari,
1422 3459 1474 3497 non
1491 3453 1581 3499 autem
1596 3440 1659 3500 illos

113 3531 244 3612 σοόόάτῳ·
257 3531 303 3604 ἵν’,
313 3529 377 3589 όταν
390 3531 447 3610 ἴδῃς
455 3529 502 3590 καὶ
516 3529 630 3612 ἐνίτίρα
641 3531 729 3611 ήμέρφ
739 3535 881 3611 ἐγκαλῶν·
936 3529 1039 3607 fugere,
1053 3542 1080 3589 et
1093 3531 1128 3588 ab
1142 3529 1198 3589 illis
1212 3529 1323 3589 resilire.
1336 3531 1416 3600 Quod
1431 3531 1541 3609 quidem
1555 3545 1580 3590 et
1595 3553 1657 3591 cum

112 3647 152 3691 σας
162 3623 206 3682 καλ
216 3627 402 3700 ἐπιτιμῶντας
414 3626 454 3703 τῷ
466 3622 590 3703 Χριστῷ,
604 3623 700 3702 μάθῃς,
712 3624 754 3685 ὅτι
765 3624 810 3684 καὶ
824 3626 883 3686 τότε
936 3619 965 3678 in
979 3641 1022 3680 eos
1037 3621 1209 3681 inveheretur
1226 3621 1335 3681 dicebat
1351 3646 1358 3679 ι
1375 3625 1443 3680 Non
1459 3636 1501 3682 est
1516 3644 1586 3703 opus
1600 3645 1657 3684 va·
1666 3641 1751 3686 νιειιλ.
1762 3658 1787 3707 9.

112 3715 198 3774 οθδιά
214 3714 266 3788 τήν
283 3720 332 3773 τοῦ
352 3714 433 3792 νόμον
446 3715 631 3796 παρατήρησιν
646 3717 793 3785 ἐνεκάλουν,
813 3718 882 3779 ἀλλὰ
938 3713 1065 3772 lentibus
1090 3715 1219 3790 medico,
1234 3715 1287 3772 sed
1308 3713 1387 3771 male
1412 3715 1594 3774 habentibus.
1617 3715 1703 3777 Ne¹²·

111 3807 153 3879 τήν
167 3807 271 3867 οἰκείαν
289 3805 438 3887 βασκανίαν
459 3806 545 3887 φίρειν
558 3807 729 3888 οὐκέχοντες.
750 3808 802 3868 Διά
813 3810 840 3867 τί
853 3808 881 3869 δέ
901 3841 919 3887 Β
936 3803 1022 3884 igitur
1046 3805 1139 3864 eadem
1161 3825 1255 3863 rursus
1279 3805 1437 3886 objicerent,
1457 3807 1532 3887 prius
1556 3807 1659 3870 indicat

112 3904 153 3958 υῖιι
167 3900 211 3960 ἐπὶ
231 3900 266 3959 τδ
278 3899 329 3970 τήν
348 3898 496 3977 παραλυσιν
518 3902 633 3979 ὀρθῶσαι
646 3899 772 3982 πρότερον
793 3893 881 3977 ήλθεν,
936 3918 981 3955 eos
1003 3897 1141 3957 curatione
1162 3896 1260 3977 dignos
1281 3919 1351 3971 esse,
1366 3899 1413 3977 qui
1434 3899 1606 3980 accedebant,
1621 3903 1657 3962 ob

112 3991 175 4050 ἀλλά
194 4014 281 4072 φησι·
297 3989 419 4072 Θάρσει,
438 3989 537 4063 τέκνον,
550 3990 683 4071 ἀφέωνταί
694 4014 740 4051 σου
753 3996 781 4051 αί
795 3995 881 4075 ἁμαρ·
936 3989 1021 4048 fidem
1031 4011 1113 4068 quam
1127 4011 1182 4071 prae
1196 3990 1367 4049 referebant.
1385 3993 1527 4071 Propterea
1541 4007 1568 4052 et
1583 3994 1657 4055 illius

111 4083 254 4157 tla13llal
279 4091 358 4144 τοῦτο
378 4081 478 4164 σφόδρα
501 4086 596 4164 σοφῶς.
621 4083 675 4143 Καὶ
696 4083 748 4164 γάρ
763 4094 817 4154 τοῖς
841 4089 881 4145 ία-
936 4083 1109 4143 solitudinem
1122 4097 1149 4143 et
1162 4085 1309 4144 ferventem
1334 4082 1413 4142 istius
1437 4083 1518 4144 iidem
1530 4099 1556 4146 et
1571 4087 1657 4148 animi

110 4184 175 4254 τροῖς
197 4177 257 4244 ἔθος
279 4175 336 4237 ἐστί
364 4175 402 4254 μή
426 4175 552 4257 πρότερον
580 4172 614 4234 τά
641 4175 779 4254 νοσήματα
801 4177 881 4251 λόειν,
935 4176 1156 4257 promtitudinem
1171 4175 1335 4237 declaravit:
1349 4190 1488 4258 propterea
1505 4192 1563 4237 tum
1577 4180 1656 4241 illum

111 4268 174 4326 ἀλλὰ
195 4267 246 4335 τάς
259 4266 350 4346 πηγὰς
364 4271 450 4327 αὐτῶν
466 4271 592 4347 ἀναιρεῖν.
610 4259 675 4327 Oios
689 4269 817 4337 πολλάκις
830 4271 882 4330 ὓπδ
935 4268 962 4327 in
983 4268 1096 4327 sabbato
1115 4268 1230 4345 curavit,
1246 4280 1304 4326 tum
1319 4268 1392 4328 hunc
1405 4290 1459 4328 non
1478 4269 1506 4328 in
1526 4270 1654 4333 sabbato:

109 4366 219 4442 πονηροῦ
241 4364 333 4440 χυμοῦ
347 4359 394 4418 καί
408 4359 596 4440 διεφθαρμένου
610 4360 738 4440 ῥεύματος
759 4363 880 4442 ἐνοχλου-
935 4375 977 4439 ut,
990 4382 1053 4421 cum
1069 4360 1131 4421 illos
1144 4361 1229 4419 altero
1247 4359 1292 4418 die
1304 4359 1405 4420 videris
1416 4361 1616 4442 ‘reprehendere
1628 4378 1654 4424 et

110 4453 190 4528 μένειν
206 4454 364 4532 ὀφθαλμῶν,
384 4450 457 4532 ἀφείς
470 4455 484 4510 ό
498 4451 586 4533 ἰατρὸς
597 4451 646 4525 τήν
663 4458 789 4513 νοσοῦσαν
804 4459 880 4535 θερα-
934 4453 1072 4534 increpare
1097 4453 1245 4527 Christum,
1268 4453 1404 4533 intelligas
1436 4467 1494 4513 tum
1525 4457 1654 4537 temporis

108 4550 200 4604 πεῖσαι
213 4544 306 4625 κόρην,
320 4547 368 4615 τῆς
379 4545 496 4625 κεφαλῆς
506 4544 704 4622 ἐπεμελήσατο,
718 4546 779 4606 ἐνθα
791 4549 808 4617 ή
822 4546 880 4628 ῥίζα
935 4547 1027 4618 etiam,
1043 4567 1095 4605 non
1108 4545 1183 4625 quod
1196 4544 1311 4605 studiosi
1324 4560 1412 4606 essent
1426 4547 1492 4626 legis
1507 4545 1654 4608 observan-

108 4639 177 4709 καὶὴ
191 4637 268 4715 πηγὴ
288 4640 338 4707 τῆς
362 4634 510 4719 ἀρρωστίας
529 4628 575 4708 ἦν·
598 4636 667 4696 οὕτω
680 4637 726 4697 καί
740 4642 754 4697 ό
767 4639 881 4719 Χριστὸς
935 4637 988 4712 dae,
1004 4637 1215 4720 reprehendisse,
1230 4659 1326 4697 verum
1347 4659 1410 4697 cum
1428 4639 1566 4720 propriam
1583 4641 1654 4703 invi·

108 4730 226 4805 ίτοίησε,
240 4728 291 4801 τήν
306 4728 396 4809 πηγήν
412 4727 567 4789 ἀναστέλλει
578 4734 631 4789 τῶν
641 4735 732 4791 κακῶν
743 4732 880 4815 πρότερον.
935 4730 1009 4791 diam
1026 4733 1096 4792 serra
1109 4752 1163 4790 non
1186 4743 1301 4811 possent.
1317 4732 1409 4801 Quare
1426 4751 1492 4791 vero
1508 4752 1562 4791 non
1580 4733 1655 4813 prius

108 4821 184 4900 Πηγή
197 4821 251 4902 γάρ
268 4825 361 4881 κακῶν
379 4820 426 4880 καί
447 4821 506 4900 ῥίζα
527 4821 575 4882 καλ
594 4822 683 4903 μήτηρ
696 4824 802 4883 πάντων
824 4822 881 4885 ἐστὶ
935 4824 1085 4906 paralysim
1097 4845 1190 4883 sanare
1202 4844 1344 4903 aggressus
1355 4837 1405 4902 est,
1416 4822 1465 4882 sed
1479 4823 1560 4899 dixit,
1575 4827 1655 4886 Cou-

109 4917 153 4985 τῆς
166 4914 297 4995 ἁμαρτίας
310 4920 327 4986 ἡ
343 4913 429 4994 φόσις.
443 4912 517 4986 Αὕτη
527 4913 562 4974 ct
577 4915 691 4995 σώματα
703 4920 780 4995 ήμῶν
791 4940 883 4999 παρα·
899 4932 918 4982 c
931 4918 1005 4998 fide,
1017 4919 1073 4995 fili,
1086 4919 1403 4995 dimittunturpeccata
1415 4922 1490 4974 tua?
1502 4915 1600 4978 Ethoc
1609 4939 1653 4978 sa·

109 5006 255 5081 hier-aher,
268 5007 317 5074 τὰς
328 5006 422 5074 νόσους
435 5006 544 5082 ἐπάγει·
558 5008 601 5069 διδ
616 5013 694 5069 τοῦτο
713 5010 758 5069 καλ
772 5010 883 5070 ἐνταῦθά
934 5010 1038 5091 pienter
1059 5007 1220 5069 admodum.
1237 5007 1380 5087 Siquidem
1398 5020 1437 5067 est
1458 5007 1511 5068 hoc
1530 5009 1558 5069 iu
1578 5032 1653 5072 more

111 5124 183 5180 φησι·
204 5101 321 5184 Θάρσει,
335 5101 440 5173 τέκνον,
456 5101 588 5182 ἀφέωνταί
612 5126 659 5163 σου
684 5108 712 5164 αί
734 5104 882 5187 ἁμαρτίαι·
935 5103 1053 5184 positum
1065 5102 1244 5174 medicorum,
1260 5114 1290 5160 ut
1303 5121 1355 5160 non
1370 5101 1448 5182 prius
1461 5102 1570 5163 morbos
1588 5104 1652 5166 ahi·

112 5193 601 5275 κάκεῖρησιν·’1δοθθγιήςγίγονας,
616 5196 712 5274 μηκέτι
727 5198 883 5279 ἁμάρτανε,
935 5211 1010 5276 gant,
1025 5195 1071 5256 sed
1089 5217 1183 5256 eorum
1202 5195 1288 5255 fontes
1307 5195 1413 5256 tollant.
1430 5196 1556 5280 Exempli
1572 5219 1651 5259 causa

111 5284 151 5345 ίνο
160 5287 194 5364 μή
205 5288 292 5370 χεῖρόν
304 5288 332 5348 τί
348 5311 392 5349 σοι
406 5286 539 5365 γίνηται,
553 5289 640 5362 δηλῶν
653 5290 827 5371 ἀμφοτέροις,
842 5290 883 5351 ότι
935 5312 1117 5374 saepenumero
1129 5310 1192 5351 cum
1211 5310 1227 5351 a
1244 5310 1329 5372 pravo
1341 5290 1455 5354 humore
1481 5306 1507 5352 et
1525 5305 1650 5374 corrupta
