3810 6000
329 423 414 471 1002
1028 415 1155 465 sauata.

258 536 263 549 ¹
324 547 408 608 laudo
432 560 525 620 tuum,
539 542 665 618 Domine,
688 543 823 623 patientias
846 555 874 601 et
896 541 1042 612 clementiae
1099 564 1114 599 τ
1149 561 1205 607 σιις
1219 537 1273 597 τῶν
1287 540 1374 616 μελῶν
1392 537 1567 615 ἀσπάζομαι·
1591 536 1639 597 τίν
1657 561 1688 597 τε
1706 538 1820 618 καλαμοι
1832 542 1866 602 ul

228 648 231 653 ’
325 628 438 709 plenum
458 624 487 683 in
507 644 550 682 me
576 620 751 703 providentiae
773 621 948 702 mysterium:
961 620 1043 680 adoro
1133 642 1146 676 ν
1167 617 1267 720 λόγγην
1287 618 1333 677 καί
1351 617 1396 677 τδν
1414 616 1535 696 σπόγγον
1549 617 1744 719 θιιεράγσμαι·
1760 625 1794 687 ὡς
1807 625 1866 699 βιαί-

326 704 472 786 pretiosam
492 716 568 762 tuam
583 716 608 761 ct
621 701 760 761 vivificam
772 722 891 776 crucem,
910 699 1042 759 Domine:
1097 699 1167 758 λειον
1193 698 1326 774 διαδημα,
1347 697 1391 756 τδν
1413 700 1540 756 ἀκανθῶν
1557 703 1737 777 περιτιθεμαι
1750 700 1866 779 cuipam,

327 782 475 863 amplector
504 781 576 839 mala
603 802 663 860 qua
684 779 831 862 pertulisti,
856 801 918 839 amo
942 779 1042 856 clavos,
1097 773 1163 836 ὺκαί
1180 780 1215 844 ὡς
1234 775 1352 854 διαυγίσι
1365 775 1465 847 λίθοις,
1487 785 1545 843 τοῖς
1567 779 1866 858 ίμτττιισμοὶςέγκαλὶω

327 863 564 939 membrorumque
586 859 718 919 foramina
742 859 829 918 saluto
846 882 852 915 ι
871 857 1042 935 arundinem,
1097 856 1225 934 πίζοριαι,
1238 859 1274 921 ὡς
1286 854 1471 934 λαμπροτάτῳ
1490 854 1592 934 κόσμῳ
1613 865 1671 923 τοῖς
1692 862 1867 936 ρατισμοίιὲν-

327 942 447 1001 lanceam
461 955 487 998 et
500 939 640 1020 spongiam
652 937 847 1019 suspicio:pro
861 941 932 1018 regia
947 959 1043 997 corona
1100 935 1271 1015 σεμνύνομαι.
1289 934 1343 994 Καὶ
1360 934 1390 993 σὲ
1403 937 1530 1014 ὁμολογῶ
1550 936 1682 1007 ἀληθινὸν
1700 937 1768 996 oeta
1781 938 1867 1000 τὀνὲνι

328 1040 454 1080 coronam
463 1040 498 1078 ex
508 1019 592 1099 spinis
600 1019 635 1078 ad
645 1032 724 1098 caput
732 1017 915 1093 accommodo,
925 1031 950 1076 ct
958 1017 1044 1098 sputis
1099 1018 1147 1087 τῆς
1161 1014 1237 1092 ἁγίας
1252 1014 1366 1095 Τρισίδος
1381 1015 1498 1095 Χριστὸν
1509 1014 1634 1088 Ἰησοῦν,
1644 1015 1691 1074 τδν
1705 1015 1770 1115 ὑπὲρ
1782 1021 1867 1094 epota

328 1111 464 1178 tamquam
478 1097 628 1179 splendidis
642 1098 754 1177 geminis
774 1117 935 1177 ornorrpro
949 1096 1043 1155 claris·
1096 1093 1180 1160 πείθοι
1193 1093 1413 1170 καταδεξάμενον,
1433 1093 1583 1165 εἰληθίντα
1608 1098 1690 1154 τείν
1712 1095 1813 1169 σινδόνι,
1831 1100 1865 1156 καί

327 1177 396 1237 nmo
406 1190 501 1236 ornatu
513 1177 634 1258 colaphis
642 1177 755 1256 glorior:
766 1192 842 1255 toque
850 1197 946 1236 verum
955 1178 1044 1235 Deum
1097 1172 1149 1232 θττδ
1159 1175 1211 1231 τῶν
1220 1171 1380 1253 παρανόμων
1391 1172 1533 1232 Ἰουδαίων
1549 1179 1563 1205 ⁹
1574 1175 1866 1252 μυκτηρισθίντα,τθος

327 1277 384 1316 esse
405 1256 541 1337 profiteor,
561 1277 645 1314 unum
670 1271 767 1316 sanctae
781 1255 933 1326 Trinitatis,
950 1257 1044 1316 lesum
1098 1251 1223 1332 ταφέντα,
1236 1252 1282 1311 καὶ
1299 1252 1453 1311 ἀναστάντα
1466 1257 1502 1331 τῇ
1521 1252 1609 1334 τρίτῃ
1625 1253 1683 1330 ἡμέ
1709 1255 1786 1332 ι,κιιί
1802 1256 1865 1313 πολιν

327 1334 477 1406 Christum,
488 1335 535 1412 qui
552 1356 611 1394 mea
630 1355 711 1394 causa
724 1349 836 1394 mortem
850 1356 900 1415 por
919 1355 992 1393 ossus
1004 1355 1043 1411 es,
1098 1331 1239 1412 ἐρχόμενον
1255 1354 1272 1390 κ
1288 1341 1342 1390 ῑναι
1355 1333 1456 1398 ζῶντας
1469 1332 1518 1391 καί
1535 1331 1665 1413 νεκραίς.
1686 1277 1742 1392 {a
1753 1334 1799 1412 γιίρ
1811 1337 1865 1392 ἐστιν

327 1413 356 1472 in
371 1413 454 1472 linteo
466 1413 602 1472 involutus
620 1414 706 1489 luisti,
719 1428 744 1473 ot
760 1435 775 1472 a
790 1412 891 1476 Judaeis
900 1357 972 1492 legis
987 1413 1045 1473 vio·
1097 1408 1188 1482 ἡδίξα
1197 1410 1243 1469 καί
1255 1355 1288 1470 ιδ
1299 1410 1411 1490 κράτος,
1421 1411 1483 1488 ἅμα
1492 1413 1535 1491 τῷ
1550 1411 1708 1490 nuptant
1721 1414 1865 1495 τῷπσνσγθρ

325 1492 458 1552 latoribus
471 1492 579 1568 irrisus,
593 1494 639 1571 qui
660 1493 768 1552 tandem
783 1494 904 1574 sepultus
918 1492 1005 1564 fuisti,
1019 1507 1044 1553 et
1097 1489 1143 1549 καί
1155 1492 1274 1569 ζωοποιῷ
1287 1513 1334 1549 σου
1348 1488 1510 1567 Πνείματι,
1525 1496 1577 1551 νῦν
1593 1491 1644 1550 καί
1660 1491 1721 1565 ἀεὶ,
1730 1491 1774 1550 καί
1784 1491 1865 1558 ilerda

325 1572 406 1630 tertio
414 1570 460 1630 dic
469 1586 529 1651 post
541 1572 673 1632 excitatus
685 1593 735 1632 esa
747 1573 869 1646 mortuis,
879 1571 928 1650 qui
942 1571 1044 1631 reditu·
1099 1570 1196 1636 αἰῶνας
1208 1573 1260 1628 τῶν
1271 1567 1383 1628 αἰώνων.
1394 1568 1494 1647 Ἀμήν.

325 1671 373 1710 rus
394 1671 421 1709 es
441 1650 652 1728 judicandorum
670 1651 798 1720 virorum
822 1666 1044 1729 mortuorumque

325 1729 565 1789 causa.Tihienim
575 1730 661 1811 gloria
670 1743 744 1790 estet
756 1731 902 1810 imperium
915 1750 968 1789 una
980 1750 1042 1790 cum

324 1807 412 1881 Patre,
431 1822 573 1887 sanctoque
586 1823 612 1869 et
625 1808 689 1869 vitu
709 1809 837 1890 largitore
857 1822 904 1868 tuo
924 1808 1040 1890 Spiritu,
1140 1871 1141 1875 ,

324 1905 397 1945 nuuc
410 1899 436 1943 et
447 1908 562 1965 semper,
572 1902 598 1945 ct
609 1888 636 1946 in
649 1888 744 1945 saecula
764 1889 932 1949 saeculorum.
943 1891 1039 1947 Amen.

355 2097 370 2134 ¹²
391 2095 468 2147 Savil.
488 2097 514 2146 in
534 2113 614 2164 marg.
635 2103 673 2150 καί
690 2102 722 2157 ὥς
735 2101 844 2164 διαυγίσιν
859 2103 1021 2169 μαργαρίταις.
1040 2098 1083 2150 Sic
1108 2101 1225 2165 Χριστδςδ
1240 2102 1310 2166 αίρσιν
1319 2103 1360 2156 τὴν
1370 2102 1497 2164 ἁμαρτίαν
1506 2107 1552 2152 τοῦ
1562 2111 1665 2168 κόσμον.
1679 2108 1741 2156 ἀλλὰ
1751 2107 1861 2156 &Ortum

232 2196 238 2207 ¹
322 2173 399 2224 etiam
408 2173 461 2225 duo
471 2174 531 2225 llos.
754 2170 757 2175 ’
1107 2181 1154 2229 orel
1166 2183 1193 2229 rt
1205 2183 1312 2238 ζωοποιδν
1321 2180 1386 2237 filos
1395 2191 1671 2247 προσκννήσωμιν,εισ.
1684 2180 1861 2248 multaquzoou·

355 2259 567 2324 οσιιιιιτιιρισθειτα.
575 2252 636 2302 Post
644 2248 711 2303 hauc
719 2269 806 2304 rocem
816 2251 904 2304 Codex
915 2254 1006 2320 Regius
1019 2254 1083 2304 tutu
1107 2250 1174 2302 tulto
1190 2250 1420 2318 praetermittimus,
1434 2253 1499 2321 quia
1512 2273 1572 2306 non
1588 2259 1667 2322 jum
1683 2259 1861 2328 chrysostomum

322 2327 403 2380 multa
411 2327 472 2380 hinc
484 2341 511 2380 et
519 2327 579 2381 inde
587 2347 688 2381 corrasa
699 2328 793 2398 adjecit
801 2330 834 2382 de
839 2332 933 2399 jejunio
945 2343 970 2381 et
980 2330 1011 2382 de
1021 2330 1083 2382 elee-
1107 2327 1250 2398 hujusmodi
1263 2329 1388 2382 mercibus
1397 2334 1550 2384 auctiorem
1564 2335 1696 2402 prolerre.

323 2423 439 2474 mosyna.
449 2408 512 2471 Qun
523 2404 559 2458 sic
569 2406 711 2474 incipiunt:
725 2415 765 2461 καὶ
780 2415 845 2468 τίλας
857 2419 931 2479 ταρὴν
947 2414 1084 2472 κατιδίεατα

898 2776 1315 2908 MONITUM
1353 2786 1359 2796 ’

618 3065 667 3137 ΙΝ
693 3066 938 3140 HOMlLlAM
963 3069 1027 3142 DE
1051 3069 1370 3145 CONFESSIONE
1395 3071 1592 3147 CRUCIS.

362 3290 427 3349 Haec
442 3290 556 3350 homilia
565 3291 729 3372 praecedenti
738 3314 848 3374 prorsus
862 3295 959 3355 similis
970 3310 1010 3356 ost
1018 3320 1027 3372 ;
1042 3297 1080 3354 ita
1096 3309 1127 3355 ut
1142 3296 1224 3356 etiam
1236 3296 1321 3355 multa
1334 3296 1502 3357 adverbum
1517 3321 1557 3360 ex
1572 3300 1624 3360 illa
1641 3317 1778 3362 mutuatus
1789 3303 1816 3361 sit
1826 3300 1858 3358 hic

323 3382 446 3461 quisquis
463 3383 498 3442 sit
512 3383 637 3464 scriptor.
652 3385 836 3456 Quamobrem
847 3389 910 3467 jure
923 3402 983 3469 post
998 3389 1073 3447 illam
1087 3387 1157 3446 inter
1170 3387 1260 3467 spuria
1274 3388 1428 3468 ablegatur.

361 3475 610 3555 Interpretatioucm
621 3477 754 3537 Joachimi
765 3479 884 3539 Perionii
894 3481 997 3558 aliquot
1009 3482 1037 3540 in
1049 3477 1116 3541 locis
1125 3479 1327 3559 castigavimus.

493 3856 694 3918 suasoria
712 3859 878 3932 ohaam,
1060 3867 1080 3913 ι
1286 3817 1705 3926 murmuriosus

328 4035 393 4114 Qua
422 4039 505 4097 docet
536 4060 595 4097 non
625 4061 687 4100 esse
714 4044 877 4102 verendum
908 4045 1043 4126 confitgm'
1096 4044 1164 4124 ssepi
1190 4050 1236 4104 τοῦ
1260 4043 1298 4123 μὴ
1323 4043 1536 4125 ἐπαισχύνεσθαι
1562 4052 1712 4128 ὁμολογεῖν
1734 4050 1775 4108 τὸν
1797 4045 1862 4119 ῖίθῑθ

265 4156 293 4175 ι.
364 4142 499 4189 sanctam
513 4151 638 4208 crucem,
650 4145 679 4191 et
687 4155 740 4211 per
753 4155 819 4193 eam
833 4157 913 4195 noso
925 4138 1043 4197 Christo
1137 4136 1259 4212 σταυρὸν,
1274 4135 1320 4195 καλ
1329 4139 1364 4204 ὡς
1374 4137 1407 4194 δι’
1423 4139 1505 4195 αὐτοῦ
1521 4137 1630 4199 ἔσωσεν
1648 4147 1723 4218 ἡμᾶς
1736 4146 1750 4199 δ
1763 4136 1864 4218 Χριστδα,

365 4242 427 4280 esse
439 4238 635 4300 conservatos,
644 4238 670 4283 et
682 4229 714 4284 in
724 4247 759 4285 ea
770 4248 832 4286 esse
841 4229 1041 4306 gloriandum:
1137 4227 1183 4286 καί
1199 4228 1238 4286 δεῖ
1250 4229 1277 4286 ἐν
1291 4229 1363 4306 αὐτῷ
1379 4234 1557 4306 καυχᾶσθαι,
1574 4230 1626 4290 καί
1641 4232 1706 4312 περὶ
1722 4233 1821 4309 α’ριτῆτ,
1832 4224 1865 4282 1Ξῖ

365 4313 401 4369 de
410 4315 523 4372 uirtute
531 4318 621 4372 etiam
631 4320 703 4395 agit,
712 4329 741 4375 et
750 4319 895 4395 quomodo
909 4320 1043 4380 Christus
1136 4319 1208 4386 ὅπως
1218 4317 1319 4400 ἐρίεται
1331 4322 1380 4391 τῆς
1390 4318 1530 4399 σωτηρίοις
1544 4325 1596 4393 τῆς
1608 4324 1759 4406 ἡμετέρας,
1769 4320 1809 4379 καί
1820 4316 1864 4391 aqi

366 4403 492 4462 salutem
515 4417 646 4464 nostrum
672 4420 797 4486 exoptet,
814 4428 850 4466 ac
871 4411 907 4468 de
922 4410 1043 4469 eleemo-
1137 4411 1326 4489 ἕλεημοσιίνης.

366 4513 454 4568 syna.

357 4681 394 4767 ‚¹⁹
408 4676 467 4736 Hoc
478 4690 526 4753 est,
539 4679 650 4753 iratres,
673 4680 780 4759 signum
803 4680 885 4754 illud,
901 4683 974 4774 quod
987 4687 1043 4744 Do·
1136 4682 1222 4745 Τοῦτό
1239 4686 1321 4757 ἐστιν,
1337 4683 1460 4763 ιἰδελρολ,
1469 4685 1503 4744 τδ
1513 4696 1634 4764 σημεῖον
1647 4689 1715 4769 ὅπερ
1725 4691 1740 4746 θ
1752 4682 1864 4745 berh:

326 4776 416 4816 miuus
432 4755 560 4816 daturum
573 4779 602 4816 se
615 4759 740 4818 omnihus
751 4761 874 4839 promisit
885 4763 929 4821 his
939 4764 1040 4836 verbis,
1097 4775 1178 4824 πᾶσιν
1202 4763 1333 4842 ὑπίσχετο
1351 4762 1455 4837 δώσειν,
1479 4763 1588 4844 λέγων·
1613 4766 1703 4826 Γενεὰ
1722 4761 1816 4842 πονηρὲ
1830 4759 1863 4815 ul

178 4848 263 4895 arares.
280 4836 1045 4921 12.Generatior'mprobaetadulterinasignumquoe·
1099 4842 1222 4924 μοιχαλὶς
1235 4852 1342 4919 σημεῖον
1356 4845 1489 4917 ἐπιζητεῖ,
1505 4843 1554 4901 καί
1568 4855 1690 4923 σημεῖον
1706 4849 1734 4906 οὗ
1751 4842 1863 4911 δοθῆσιτιι

175 4909 216 4970 ³³·
325 4920 411 4990 rit,et
424 4920 451 4973 σι’
459 4920 642 4996 signumnon
656 4919 785 4994 dubitur,
796 4923 854 4978 nisi
862 4925 977 5001 signum
990 4925 1044 4982 Jo-
1099 4913 1180 4996 αθτῆ,
1199 4924 1223 4980 εἰ
1245 4923 1282 5000 μὴ
1301 4923 1332 4982 τὸ
1350 4929 1459 5000 σημεῖον
1482 4920 1567 4981 Ἰωνᾶ
1593 4931 1645 4984 τοῦ
1666 4951 1704 4985 πε
1722 4925 1813 5005 pirou·
1830 4919 1862 4973 tit

326 4996 1043 5082 noeprophetoercrucemintelligens,mortem,sopul·
1099 4991 1211 5086 σταίιρδν
1224 5001 1318 5080 λέγων,
1335 4999 1440 5060 καὶτὸν
1456 5001 1585 5079 θάνατον,
1602 5005 1653 5065 καὶ
1667 5030 1719 5078 την
1735 5002 1818 5082 ταφὴν,
1829 4995 1861 5055 ui

358 5191 368 5217 ⁸
383 5176 481 5229 Collata
493 5196 551 5230 cum
571 5179 710 5233 Codicibus
721 5181 805 5250 Regiis
822 5184 894 5248 1828,
905 5184 1011 5249 istaec
1021 5185 1095 5234 2424.
