3810 6000
260 413 330 510 766
592 432 622 480 S·
650 429 789 480 rotulus
815 428 996 477 CHRYSOST·
1024 427 1181 502 tueutltt’.
1209 422 1482 481 cousrattt'tttor'.

257 558 409 643 prasertim
422 557 530 618 nomine
541 555 638 615 haereo.
653 556 746 630 Quare
758 552 832 613 istud
845 552 975 634 enigma,
1030 554 1095 627 λῆς,
1110 557 1134 614 εί
1147 554 1185 635 μὴ
1206 555 1283 638 βαρύ,
1304 557 1372 636 μηδὲ
1389 555 1517 640 ἰταμούς.
1541 557 1598 618 Καὶ
1612 555 1665 639 πρὸ
1678 559 1721 628 τῆς
1739 561 1786 618 ἐνο-

258 651 311 712 nisi
321 670 404 731 grave
413 671 445 711 ac
453 649 596 711 molestum
605 661 655 722 est,
667 646 746 708 nobis
755 646 839 712 velim
852 666 902 727 per
911 645 975 706 lite-
1031 648 1127 719 στολῆς
1157 648 1258 724 ἐκείνης
1286 649 1347 720 τὼς
1376 648 1478 723 ταύτην
1510 673 1552 712 σοι
1577 648 1729 728 κομίζοντας
1749 651 1786 722 τὴν

258 767 302 804 ras
315 743 442 825 explices.
457 743 544 822 Atque
559 741 639 800 etiarn
652 754 714 799 ante
726 740 798 821 ipsas
810 737 903 799 literas
918 757 974 816 eos,
1031 739 1183 816 ἐπιστολὴν,
1206 741 1277 821 λέγω
1296 740 1328 815 δὴ
1350 742 1395 803 τὸν
1409 740 1503 823 κύριόν
1518 766 1571 820 μου
1586 740 1742 820 τιμιώτατον
1752 743 1787 802 rel

260 838 307 916 qui
320 835 390 895 hane
400 833 541 917 epistolam
554 830 592 893 ad
604 846 631 892 te
643 832 791 913 perferunt,
803 830 855 891 hoe
866 842 916 908 est,
927 827 976 890 do·
1031 830 1222 893 εύλσύίστοιτον
1246 832 1434 917 πρεσὸύτερον,
1456 834 1506 895 κοιλ
1527 833 1593 902 τὼς
1614 832 1662 894 σύν
1681 838 1745 914 αύτῷ
1756 835 1786 894 u

259 928 365 988 minum
386 947 477 987 meum
499 923 753 997 reverendissimum
769 937 796 984 et
817 921 977 1005 religiosisi-
1032 922 1118 1000 δοξον,
1141 923 1206 1010 ὅπερ
1231 926 1278 986 καὶ
1301 931 1379 1007 quate
1402 925 1592 1007 πεπείσμθα,
1617 926 1659 988 ὅτι
1683 928 1788 1009 ρρίνμίες

259 1042 336 1080 mum
348 1019 549 1101 presbyterum,
564 1017 703 1100 ipsiusque
716 1016 836 1088 comites,
848 1014 926 1094 doce,
946 1013 978 1075 id
1031 1020 1080 1078 οὐκ
1093 1010 1126 1094 ἦν
1139 1024 1157 1093 ἡ
1171 1019 1243 1102 σιγιί.
1258 1019 1345 1103 Ἀρκεῖ
1355 1020 1407 1103 γὰρ
1420 1030 1500 1084 τοῦτο
1515 1023 1614 1096 εἰπεῖν,
1629 1024 1666 1088 εἰς
1679 1021 1708 1081 τὸ
1717 1031 1787 1101 σιγεῖν

258 1110 331 1192 quod
342 1110 421 1173 nobis
430 1111 497 1193 ipsis
503 1131 660 1192 persuasum
669 1123 717 1184 est,
733 1108 977 1192 nernpehoetuum
1032 1111 1125 1183 αὐτούς
1137 1111 1328 1195 φιλοφροσύνης
1337 1113 1412 1196 παρλ
1421 1119 1471 1188 τῆς
1488 1119 1538 1189 σῆς
1552 1113 1763 1192 tropaeumque.

259 1202 397 1263 silentium
410 1224 427 1261 a
440 1201 602 1284 negligentia
616 1220 669 1260 non
680 1200 800 1261 fluxisse.
813 1201 885 1259 Nam
893 1199 917 1261 si
925 1199 977 1260 hoe
1786 1241 1789 1246 -

259 1296 373 1374 dixeris,
386 1295 451 1356 satis
469 1293 499 1354 id
510 1293 570 1374 erit,
582 1306 613 1353 ut
625 1293 679 1374 ipsi
689 1293 802 1353 comiter
814 1313 846 1351 ae
863 1291 979 1371 benigne

260 1410 275 1447 a
289 1402 315 1448 te
327 1387 509 1483 excipiantur.

479 1588 603 1648 LXXX.
622 1589 767 1647 Firmino,
999 1605 1017 1652 u
1320 1580 1359 1641 π’.
1376 1583 1516 1666 Φιρμίνιρ.
1574 1589 1576 1592 ’

129 1813 248 1843 nemm-
299 1777 343 1838 Ad
365 1795 539 1857 congressum
559 1789 638 1834 tuum
661 1793 760 1854 magno
783 1772 862 1833 nobis
877 1771 979 1834 damno
1075 1776 1123 1842 Εἰς
1134 1772 1182 1854 μίν
1195 1772 1244 1848 τλν
1258 1773 1396 1837 συνουσίαν
1406 1798 1456 1836 eoo
1469 1775 1583 1858 μεγῶα
1597 1780 1790 1863 ἧμαςτὸᾶρρο

109 1874 139 1904 '⁰
200 1893 206 1905 ·
258 1870 370 1930 morbus
389 1882 452 1928 tuus
464 1866 538 1941 fuit:
551 1865 588 1926 ad
610 1865 748 1926 caritatem
762 1878 852 1926 autem
867 1885 901 1925 ne
915 1877 977 1925 tan·
1033 1875 1102 1931 στεῖν
1118 1889 1148 1931 σε
1168 1865 1329 1944 ίζημίωσεν·
1345 1870 1382 1936 εἰς
1398 1868 1427 1928 dl
1447 1867 1499 1940 τὴν
1520 1869 1636 1950 ἀγάπην
1653 1871 1711 1931 οὐδὲ
1728 1874 1792 1954 ρινρλ

258 1961 351 2021 tillum
361 1959 472 2040 quidem
482 1958 637 2021 detrimenti
645 1958 747 2019 attulit.
759 1959 831 2019 Nam
840 1957 885 2020 rel
895 1956 979 2018 semel
1032 1961 1211 2043 ταρίόλαψιν.
1225 1959 1342 2044 Ἤρκεσε
1356 1961 1409 2045 γὰρ
1418 1969 1486 2042 ἡμῖν
1500 1965 1569 2024 ’καί
1579 1967 1612 2026 τὸ
1622 1965 1693 2034 ἅπαξ
1703 1991 1792 2046 reims

258 2069 285 2115 te
299 2053 461 2130 convenisse,
475 2052 541 2113 satis
557 2073 689 2133 superque
705 2051 758 2111 luit
777 2050 814 2111 ad
827 2050 978 2112 vehemeu·
1032 2055 1164 2136 γενέσθαι,
1178 2058 1215 2124 είς
1224 2054 1256 2115 τὸ
1269 2054 1389 2137 γενέσθαι
1402 2079 1450 2117 σου
1463 2057 1600 2139 σφοδροὺς
1609 2060 1730 2140 ἐραστάς.
1741 2059 1793 2119 'loi-

259 2162 313 2208 tem
324 2147 364 2207 tui
373 2166 493 2206 amorem
509 2145 538 2205 in
549 2145 647 2205 animis
660 2144 759 2205 nostris
768 2143 901 2204 ciendum.
917 2142 978 2202 llu·
1032 2172 1078 2209 ew
1103 2147 1131 2210 ul
1157 2148 1239 2218 αἴτιος
1260 2150 1350 2222 αὐτὸς,
1373 2148 1456 2220 οὕτως
1477 2152 1509 2210 ἐν
1530 2152 1685 2233 προοιμίων
1704 2153 1792 2234 upupa

137 2305 139 2310 ,
255 2243 302 2323 jus
315 2253 407 2299 autem
419 2238 459 2298 rei
470 2258 550 2298 causa
565 2237 623 2318 ipse
636 2237 722 2314 suisti,
738 2235 787 2316 qui
799 2235 835 2295 ab
848 2234 915 2317 ipsis
925 2233 979 2294 ini·
1033 2242 1079 2304 νολ
1095 2243 1207 2322 μανικὸν
1221 2243 1282 2324 περὶ
1295 2248 1367 2323 ἡμᾶς
1381 2243 1587 2324 ἐπιδειξάμενος
1597 2246 1695 2328 ἔρωτα,
1708 2247 1791 2306 tatu

259 2332 305 2392 tiis
321 2331 456 2412 ingentem
471 2350 503 2390 ae
523 2351 591 2411 pene
608 2328 734 2389 insanum
755 2328 839 2388 nostri
859 2346 978 2387 amorem
996 2351 1015 2400 c
1033 2336 1107 2417 ἀφεὶς
1118 2336 1243 2407 δεηθῆναι
1256 2341 1304 2408 τῆς
1315 2337 1424 2397 ἀπὸτοῦ
1437 2337 1540 2420 χρόνου
1553 2338 1667 2419 στείρας,
1676 2341 1731 2400 ἀλλ’
1742 2343 1791 2417 opo}

257 2444 313 2505 prae
326 2437 353 2483 te
360 2422 459 2496 tulisti,
478 2442 592 2499 necnos,
612 2433 643 2480 ut
652 2419 756 2480 diutius
769 2418 812 2480 tui
825 2418 979 2501 perieulum
1032 2452 1062 2489 ee
1076 2427 1234 2510 ρανελςνιιαὶ
1247 2427 1717 2511 ίλὼν,κα1μετ11κρι6είσςσαιηῷ
1728 2453 1790 2511 τρεσ-

257 2518 415 2592 faceremus,
429 2527 584 2596 exspectare
593 2534 688 2595 passus
701 2534 747 2590 es,
761 2530 858 2573 rerum
870 2510 904 2572 od
919 2511 978 2594 pri·
1033 2521 1115 2594 δήοος
1127 2526 1208 2600 ἡμας.
1231 2520 1283 2581 Διὰ
1302 2520 1335 2596 δὴ
1348 2526 1426 2581 τοῦτο
1440 2518 1486 2582 κοιλ
1501 2528 1586 2602 ἡμεῖς
1602 2522 1743 2607 γράφομεν,
1757 2521 1789 2583 nl

257 2630 334 2669 mum
346 2622 486 2690 &specium
503 2629 551 2668 nos
564 2606 670 2689 cepisti,
685 2605 897 2685 arctis-‘almisque
909 2605 976 2667 vln-
1032 2613 1101 2694 ὅπερ
1126 2616 1261 2694 ἰπνθυμιῖς
1282 2619 1393 2675 ἀνιῶσαν
1410 2616 1559 2695 δηλοῦμεν,
1586 2617 1659 2675 Τίνα
1679 2616 1706 2677 δὲ
1724 2616 1788 2677 miri

257 2701 327 2762 culis
346 2716 439 2762 tecum
449 2700 611 2761 astrinxisti.
635 2698 700 2760 ldeo
718 2696 754 2758 ad
769 2697 975 2786 rescribimus,
1032 2705 1116 2780 ἑστιν;
1133 2703 1319 2786 Ὑγιαίνομεν·
1338 2708 1421 2777 ἀδεῶς
1433 2706 1482 2781 τλν
1495 2708 1559 2769 ὁδὸν
1573 2709 1785 2788 druidarum&
1827 2761 1829 2769 .

257 2814 340 2873 eaque
352 2815 414 2873 quae
431 2792 528 2852 audire
546 2791 641 2872 cupis„
658 2789 828 2871 exponimus.
846 2789 978 2862 Quanam
1031 2800 1171 2879 τρυφῶμεν
1189 2798 1289 2879 ἡσυχία
1310 2797 1356 2858 καὶ
1377 2799 1575 2880 ἀπραγμοσύνῃ
1596 2804 1697 2882 πολλῇ·
1709 2803 1785 2871 πολλῆς

257 2899 348 2945 autem
363 2883 521 2944 haesnnt?
541 2883 616 2943 Bona
628 2880 785 2943 valetudine
798 2902 910 2959 sumus5
925 2881 977 2942 iter
1031 2888 1106 2971 παρὰ
1119 2890 1227 2951 πάντων
1241 2888 1409 2969 ἀπολαύομεν
1429 2891 1553 2960 εὐνοίας·
1574 2892 1678 2974 ἄφατον
1693 2891 1784 2973 ruperi-
1827 2960 1829 2965 y

256 2987 315 3033 tuto
331 2975 514 3052 confecimus;
532 2973 620 3052 quiete
633 2985 714 3052 atque
732 2972 788 3031 otio
802 2972 952 3053 gaudemus
963 2996 973 3051 3
1033 2987 1100 3060 μεθα
1123 2982 1305 3063 παραμυθίαν.
1329 2981 1424 3050 Οὐδείς
1443 2986 1457 3043 ὁ
1473 2983 1596 3044 ἐλαύνων
1613 2983 1783 3062 &emicuit
1827 2985 1829 2991 ’

257 3087 383 3146 magnam
394 3065 515 3125 omniurn
526 3063 741 3124 benevolentiam
750 3062 901 3123 obtinemus
907 3087 917 3142 3
931 3064 974 3123 in·
1031 3076 1156 3154 ἐνοχλῶν,
1179 3074 1233 3134 Καὶ
1252 3073 1278 3134 al
1298 3074 1442 3153 θονμάζονς
1452 3079 1476 3135 οἰ
1490 3079 1518 3136 ἐν
1531 3082 1567 3158 νῇ
1579 3077 1677 3151 πολνν,
1697 3077 1782 3154 tm
1826 3062 1829 3112 ί

256 3157 434 3218 enarrabilem
447 3156 563 3237 denique
577 3154 785 3215 consolationem
797 3155 975 3237 percipimus.
1031 3166 1078 3225 κοί
1088 3166 1136 3238 τὴν
1148 3165 1206 3225 ὁδὸν
1221 3164 1289 3246 μετὰ
1304 3169 1404 3240 πολλῆς
1418 3167 1556 3246 ἠνύσαμεν
1571 3175 1621 3242 τῆς
1635 3170 1730 3242 ἀδείας
1739 3169 1781 3240 tt.-

256 3253 341 3311 Nemo
354 3251 400 3311 hic
413 3265 452 3311 est
466 3249 513 3330 qui
528 3270 578 3309 nos
591 3247 719 3329 exagitet,
735 3262 782 3308 aut
798 3248 877 3307 nobis
888 3269 975 3328 nego·
1031 3260 1078 3318 λου
1094 3257 1126 3330 δὴ
1147 3259 1192 3318 καί
1210 3259 1286 3327 αὐτὸς
1298 3263 1362 3337 ἡμῖν
1384 3259 1418 3321 τὰ
1433 3258 1479 3334 σὰ,
1498 3260 1534 3321 ἵν’
1553 3262 1648 3344 ὥσπερ
1660 3287 1689 3324 σε
1705 3262 1779 3326 τούτοις

255 3340 325 3398 tium
336 3339 455 3400 facessat.
470 3337 546 3411 Quid
559 3351 649 3398 autern
660 3337 737 3398 nobis
748 3339 800 3398 hoc
811 3338 839 3398 in
851 3338 917 3398 urbe
925 3360 976 3400 usu
994 3359 1014 3409 1>
1031 3351 1134 3430 ἥσομεν
1144 3359 1198 3420 τοῖς
1214 3353 1384 3432 δνηνλμνννν,
1393 3352 1464 3414 οῦννν
1476 3356 1525 3415 ut
1540 3356 1617 3416 οὗτοι
1630 3358 1777 3426 ννολλῆςλνν.

231 3480 235 3488 r
255 3431 359 3493 venisse
372 3431 487 3508 miraris,
502 3452 565 3491 cum
576 3429 657 3490 etiam
671 3429 722 3489 iter
735 3430 826 3513 ipsum
844 3431 977 3492 tutissime
1031 3444 1171 3523 λούονομον
1183 3449 1232 3518 τῆς
1242 3444 1410 3527 suppetiis-qe,
1422 3445 1458 3506 ele
1468 3447 1532 3529 περὶ
1545 3452 1594 3520 τῆς
1603 3448 1691 3529 ὑγείας
1698 3452 1776 3520 titula

140 3533 146 3546 ’
256 3524 470 3586 confecerimus?
482 3525 527 3584 Tu
539 3545 603 3585 vero
612 3523 647 3582 de
656 3522 712 3582 tuis
722 3544 828 3603 quoque
839 3523 919 3584 rebus
928 3545 978 3586 nos
1033 3537 1216 3618 μονοάνονονς,
1239 3529 1326 3599 οἶοοο
1339 3537 1391 3620 pap
1404 3539 1503 3612 ἡλίκην
1519 3544 1639 3615 tntum
1651 3537 1774 3615 delitui*

256 3619 298 3678 lac
309 3618 434 3678 certiores
444 3663 454 3696 ,
472 3630 501 3677 ut
512 3614 740 3697 quemadmodum
751 3636 786 3676 ex
796 3615 848 3675 hae
859 3635 976 3676 comme·
1031 3639 1085 3696 οοῑς
1096 3633 1180 3710 φνλνῑν
1197 3629 1383 3709 ἕννοοομένονς
1395 3631 1512 3712 νννοίονς
1524 3634 1557 3694 ολ
1571 3635 1686 3715 χμηοοόν
1698 3657 1720 3692 ον
1730 3630 1771 3710 erpi

256 3711 405 3771 moratione
421 3710 587 3790 voluptatem
601 3707 706 3791 cepisti,
726 3707 764 3766 sie
779 3707 860 3767 etiam
878 3707 912 3768 de
930 3723 975 3769 tua
1032 3725 1083 3783 νῶν
1098 3715 1282 3804 νγονοννμένονν
1297 3725 1449 3804 μονθοίνονν,

256 3801 414 3862 valetudine
425 3801 549 3861 certiores
559 3800 622 3859 lacti
633 3843 642 3876 ,
655 3819 782 3879 magnam
796 3798 919 3859 laetitiam
933 3822 977 3860 ea·

255 3893 372 3973 piamus.
387 3893 443 3951 Nec
451 3891 523 3950 enim
534 3904 560 3950 te
571 3890 652 3970 fugit,
666 3904 795 3969 quautam
805 3891 850 3965 iis,
862 3892 910 3971 qui
921 3892 978 3952 sin-

256 4005 316 4043 cere
328 4004 419 4043 amare
428 3996 537 4060 norunt,
550 3982 717 4062 voluptatem
728 3982 779 4042 lroe
790 3981 903 4063 injiciat,
914 4005 977 4044 cum

257 4077 311 4136 tati
325 4075 430 4155 aliquid
444 4075 479 4136 de
493 4075 534 4155 iis,
551 4095 617 4154 quos
631 4088 730 4154 amant,
745 4075 892 4157 accipiunt.

356 4279 497 4337 LXXXI.
517 4278 681 4353 Hymnetio
697 4275 869 4337 ArchiatrO.
1224 4273 1280 4335 rru'.
1293 4273 1451 4358 Ι’Ύμνητίιρ
1466 4279 1617 4360 ἅρχιατρῷ.

120 4515 186 4543 ucuso
204 4515 243 4546 an·
292 4465 449 4542 Numquam
464 4477 490 4522 te
504 4460 579 4543 apud
593 4483 684 4523 omnes
700 4461 825 4521 mirificis
844 4461 975 4522 laudibus
1069 4460 1111 4517 Ού
1124 4456 1322 4536 παυοόμεθοίσε
1337 4458 1411 4541 παρὰ
1424 4456 1763 4541 πᾶσιθαυμόζοντες,ιιτὶύ<
1819 4453 1824 4488 '·

116 4577 129 4604 0
188 4593 195 4608 ·
252 4559 346 4618 efferre
359 4557 531 4633 desinemus,
548 4569 608 4616 tum
621 4568 650 4615 ut
667 4556 786 4637 probum
799 4555 900 4631 virum,
913 4568 973 4615 turn
1029 4548 1112 4629 ἄνδρα
1128 4552 1255 4632 χρηστὸν,
1269 4551 1315 4612 καὶ
1329 4556 1366 4619 ὡς
1378 4553 1467 4634 ἰατρὸν
1482 4554 1603 4633 ἄριστον,
1617 4550 1762 4630 natatur
1819 4540 1829 4623 ,l

253 4665 282 4710 ut
295 4648 548 4732 praestantissimum
561 4646 697 4707 medicum
708 4691 718 4726 ,
733 4661 792 4706 tum
806 4660 836 4706 ut
850 4668 912 4707 eum
925 4647 973 4727 qui
990 4657 1010 4705 Ε
1029 4642 1118 4703 εἰδότα
1135 4643 1257 4724 γνησίως.
1286 4644 1375 4705 Ὅταν
1395 4644 1450 4726 γὰρ
1469 4650 1537 4724 ἡμῖν
1552 4649 1665 4707 ἐνταῦθα
1677 4640 1764 4723 munit
1820 4640 1829 4680 l

251 4743 354 4808 sineere
374 4762 465 4801 amare
486 4740 573 4800 novit.
590 4742 661 4800 Nam
680 4761 742 4800 cum
761 4740 807 4799 hie
822 4739 857 4799 de
876 4740 972 4800 morbo
1029 4737 1179 4818 ἀρρωστίας
1197 4742 1281 4815 ’ἡμῶν
1302 4737 1426 4818 γίνωνται
1452 4738 1539 4818 λόγοι,
1570 4738 1598 4808 ἐξ
1621 4729 1764 4816 &obsequi
1821 4732 1829 4769 ί

251 4849 341 4895 nostro
361 4853 495 4894 sermones
514 4833 686 4909 excitantur,
708 4832 736 4891 in
751 4831 885 4914 ejusmodi
899 4853 972 4892 oom-
1027 4831 1104 4898 αὐτὸς
1118 4830 1262 4912 ἑπεισέρχῃ
1275 4839 1329 4897 τοῖς
1340 4830 1490 4910 διηγήμασι
1501 4830 1612 4905 τούτοις,
1624 4831 1668 4891 καί
1678 4824 1764 4899 ried·
1821 4827 1829 4859 ³

249 4927 452 4986 memorationes
461 4924 825 5004 tuquoqnesnbeasnecesse
833 4938 883 4997 est,
896 4946 972 4985 enm·
1027 4925 1076 4996 λῆς
1096 4947 1142 4983 σου
1156 4923 1202 4983 καί
1217 4921 1368 5000 ἐπιστήμης
1382 4922 1429 4980 καί
1441 4921 1544 4992 εὐνοίας
1556 4932 1651 5005 στεῖραν
1660 4919 1763 4983 laudnt,
1822 4915 1829 4956 t

249 5040 301 5096 que
323 5019 376 5100 ipsi
399 5017 506 5078 eximior
530 5029 583 5076 tna
601 5016 706 5098 peritia
726 5039 757 5077 ac
776 5017 970 5079 benevolentiae
1027 5019 1056 5076 οὐ
1076 5016 1211 5095 δυναίμεθα
1224 5019 1286 5096 σιγῇ
1304 5015 1352 5082 τὰς
1371 5015 1525 5095 εὐεργεσίας
1545 5017 1675 5096 κατέχειν,
1691 5006 1765 5071 ut'it

279 5191 289 5214 ¹
307 5174 349 5225 Sic
366 5175 448 5225 locum
461 5188 534 5225 antea
547 5173 663 5224 mutilum
676 5175 828 5226 restituimus
840 5192 870 5227 ex
882 5178 940 5228 tiss.
955 5177 1005 5229 lte-
1076 5176 1089 5215 b
1106 5176 1143 5226 ue
1153 5172 1290 5245 Hymuetio
1302 5188 1377 5239 supra
1387 5197 1392 5225 2
1404 5183 1494 5223 monet
1505 5173 1547 5224 hie
1556 5175 1652 5225 Fronto
1661 5162 1763 5223 Drmlss
1824 5191 1829 5220 ι

245 5253 286 5322 gio
298 5265 322 5306 et
333 5251 437 5307 Coiolln.
450 5252 521 5304 Infra
533 5253 608 5304 iidem
620 5253 679 5304 Mss-
694 5260 731 5307 real
743 5258 780 5308 οὐκ
791 5264 860 5323 ripule.
1034 5272 1084 5306 uno
1095 5254 1191 5307 Codice
1204 5254 1251 5322 legi
1264 5247 1376 5322 ’Υμμητίῳ
1388 5261 1520 5324 ἀρχιοιτρῷ.
1534 5251 1580 5305 tlii
1592 5264 1708 5325 αρχσιτρᾷ·
1826 5282 1829 5296 ¹
