3764 5992
118 439 184 536 176
446 463 474 508 s.
503 459 642 510 ioannis
667 459 849 514 cunssosr.
877 460 1034 508 ancumr.
1062 458 1333 507 consumemur.

112 588 172 645 Non
184 587 242 645 baec
260 587 343 665 igitur·
357 587 445 646 solum
455 587 530 661 dicit,
540 608 599 665 quse
611 585 788 665 contigerunt,
803 596 829 642 et
882 586 989 651 ἐκείνοις
1003 584 1091 663 μόνοις
1112 591 1166 652 τοῖς
1182 583 1328 666 εἰρημένοις
1340 581 1445 663 χαίρειν
1458 580 1498 639 δεῖ
1514 578 1559 637 καί
1573 599 1630 657 γιγη

1 693 48 751 ’μα
68 694 99 736 as·
112 700 172 756 quae
185 693 248 738 sunt
259 680 348 737 lutura
357 702 363 734 :
372 678 419 738 sed
439 700 469 737 ea
483 700 590 757 quoque
602 678 668 758 ipsa,
679 698 739 755 quae
759 675 828 734 inter
881 679 968 752 θέναι,
982 676 1050 737 ἀλλά
1063 677 1108 735 καί
1130 681 1156 737 ἐν
1179 675 1280 743 τούτοις
1293 679 1444 754 καυχᾶσθαι
1459 670 1531 754 χρὴ,
1544 673 1580 737 ὣς
1591 669 1641 729 όταν

1 770 104 862 :52:1¹¹oe
112 768 234 830 homines
245 771 354 829 molesta
367 785 515 844 censentur,
525 769 671 829 tribunalia
684 768 825 845 nimirum,
879 771 960 848 λέγῃ·
978 772 1033 830 Νῦν
1047 770 1135 850 χαίρω
1160 774 1186 829 ἐν
1200 778 1254 836 τοῖς
1267 765 1409 845 παθήμασί
1414 789 1475 843 μου
1490 763 1557 842 ὑπὲρ
1569 765 1641 839 apin,

12 881 94 927 stores.
112 882 238 936 carceres,
253 876 362 939 mortes,
380 862 475 936 minas,
488 863 597 934 minem,
611 874 753 931 tormenta,
764 880 825 917 sar·
879 863 924 922 καί
946 864 1141 942 ἀνταναπληρῶ
1155 863 1188 922 τὰ
1210 862 1382 942 ὑστερήματα
1403 863 1457 919 τῶν
1472 857 1585 937 θλίίγυων
1605 861 1641 916 τοῦ

110 953 223 1033 tagines,
235 956 362 1029 fornaces,
383 951 620 1034 depraedationem,
638 951 719 1025 bella,
738 972 825 1032 oppu·
878 957 995 1035 Χριστοῦ
1008 956 1035 1013 ἐν
1049 957 1083 1034 τῇ
1096 955 1176 1035 σαρκί
1191 977 1250 1033 μου.
1269 944 1346 1019 Εἶδες
1368 950 1458 1032 ψυχὴν
1479 947 1593 1016 εὔτονον,
1604 946 1641 1005 καί

109 1047 258 1124 guationes,
272 1066 388 1126 pugnas,
398 1045 552 1121 seditiones,
565 1043 753 1120 contentiones,
767 1042 826 1101 haeo
877 1045 987 1126 γνώμην
1003 1045 1118 1127 ὑψηλὴν,
1133 1045 1179 1105 καί
1193 1043 1315 1126 φρόνημα
1329 1042 1533 1124 ἀπερίτρεπτον,
1547 1040 1594 1097 ούκ
1606 1038 1642 1098 ut

110 1159 216 1216 quoque
228 1139 308 1197 refert
321 1137 348 1196 in
365 1159 507 1197 numerum
522 1136 654 1195 donorum
664 1156 695 1194 ae
705 1148 775 1194 recte
786 1135 825 1193 la·
877 1146 932 1206 τοῖς
954 1138 1090 1218 στεράνοις
1104 1136 1333 1216 καλλωπιζόμενον
1354 1135 1443 1214 μόνον,
1465 1131 1536 1192 ἀλλά
1549 1130 1594 1190 καὶ
1605 1131 1641 1190 lori

108 1243 222 1291 ctorum.
232 1232 292 1290 Non
303 1230 375 1288 enirn
387 1231 423 1288 ob
434 1230 481 1289 illa
490 1230 589 1299 solum,
601 1249 661 1313 quae
670 1226 823 1303 dictasunt,
877 1239 931 1298 τοῖς
940 1229 1121 1310 ἀγωνίσμασιν
1130 1228 1328 1306 ἔνηδυνόμενον;
1337 1228 1386 1286 οὗκ
1395 1227 1441 1285 ἐπὶ
1454 1232 1514 1291 ταῖς
1528 1223 1642 1301 ἀμοιόαῖς

107 1322 255 1381 laetandum
264 1335 303 1381 est
314 1335 394 1400 atque
404 1317 639 1401 gatrdendum,sed
648 1319 676 1376 in
689 1317 733 1377 his
742 1318 822 1377 etiarn
840 1343 859 1388 ι)
877 1323 1021 1404 χαίροντα,
1032 1321 1100 1380 ἀλλά
1110 1321 1155 1380 καὶ
1165 1320 1208 1380 ἐπὶ
1217 1327 1272 1388 τοῖς
1281 1318 1469 1393 παλαίσμασιν
1478 1313 1643 1397 ἐναύρυνόμι-

7 1455 12 1466 .
30 1413 288 1492 tal-gloriandum,
303 1427 333 1472 ut
343 1434 406 1472 curn
419 1413 468 1489 ait,
480 1414 568 1472 Nunc
580 1411 694 1492 gaudeo
707 1414 739 1468 iu
756 1430 823 1491 pas·
876 1439 933 1490 νον;
948 1415 996 1473 οὐκ
1022 1413 1066 1472 ἐπὶ
1089 1420 1148 1479 ταῖς
1170 1410 1317 1471 ἀντιδόσεσι
1344 1407 1559 1490 εάρραινόμενον,
1581 1405 1643 1466 llll«

106 1508 238 1564 sionibus
253 1509 325 1564 meis
333 1525 387 1585 pro
400 1506 497 1580 uobis,
510 1515 538 1561 et
547 1502 694 1583 adimpleo
709 1521 745 1559 ea
758 1522 824 1581 quoe
877 1507 922 1567 καὶ
937 1509 964 1565 ἐν
979 1507 1050 1585 αὐτῷ
1061 1508 1101 1584 τῷ
1112 1502 1269 1585 παγκρατίῳ
1282 1499 1471 1582 καυχώμενον,
1482 1498 1532 1571 Μὴ
1543 1495 1592 1579 γάρ
1601 1517 1641 1574 μοι

107 1598 211 1655 desunt
219 1600 389 1676 passionum
400 1597 549 1654 Christiin
558 1615 648 1654 carne
655 1615 729 1653 mea.
739 1592 823 1655 Vides
875 1597 936 1677 λέγε
948 1595 996 1669 τὴν
1022 1594 1157 1674 βασιλείαν
1169 1597 1223 1652 τῶν
1238 1596 1364 1672 οὐρανῶν,
1385 1590 1454 1669 μηδὲ
1471 1587 1534 1656 τούς
1548 1588 1641 1668 στερί-

106 1688 225 1747 animarn
238 1688 342 1762 fortem,
354 1700 469 1746 mentem
480 1685 634 1761 sublimem,
643 1685 771 1767 spiritum
780 1685 821 1744 in·
875 1710 933 1753 νους
947 1685 1060 1753 ἐκείνως
1073 1685 1134 1753 τοὺς
1145 1685 1305 1766 ἀκηράτους,
1317 1681 1384 1761 μηδὲ
1395 1681 1430 1740 τδ
1441 1679 1575 1761 βραῦεία,
1588 1680 1641 1738 ἀλλ’

104 1779 217 1856 vietum,
224 1780 271 1858 qui
280 1801 331 1839 uon
342 1780 378 1839 ob
387 1798 497 1838 coronas
511 1791 614 1837 tantum
629 1777 768 1858 gloriatur,
776 1776 821 1837 sed
876 1775 941 1838 αθτά
961 1776 996 1837 τί
1015 1776 1152 1858 παρόντα,
1171 1775 1206 1836 nli
1219 1775 1305 1856 θλίψιν
1322 1773 1418 1854 ἔχοντα
1431 1771 1478 1831 καλ
1493 1769 1641 1850 μόχθονκαί

105 1884 132 1929 et
144 1871 335 1931 certaminibus
356 1871 422 1952 ipsis
435 1869 604 1929 oblectatur?
620 1889 672 1928 non
687 1870 774 1928 solum
786 1869 821 1927 ob
874 1868 1056 1948 ταλαιπωρίαν
1070 1866 1171 1938 πολλήν
1182 1889 1189 1904 ·
1202 1871 1287 1924 ταῦτα
1297 1866 1333 1930 είς
1345 1862 1425 1942 μέσον
1436 1862 1502 1941 ἄγε,
1514 1861 1561 1920 καί
1571 1858 1641 1932 δυνη-

104 1963 214 2043 prumia
227 1960 334 2043 gatrdet,
344 1961 391 2022 sod
402 1961 430 2020 in
441 1959 610 2020 luctisetiam
621 1961 820 2020 exsultatluon
875 1982 956 2040 σομαι
979 1960 1077 2029 δεῖξαι,
1100 1958 1142 2019 ότι
1156 1957 1200 2017 lul
1215 1955 1316 2023 τούτοις
1328 1958 1478 2034 καυχᾶσθαι
1492 1954 1533 2013 δεῖ
1547 1954 1641 2025 μᾶλλον

105 2054 186 2114 ιυοάο
199 2068 310 2137 propter
323 2053 512 2113 retributiones
532 2051 648 2128 laetatur,
660 2051 707 2110 sed
721 2064 748 2110 et
761 2051 820 2132 ipso
874 2053 1006 2132 μειζόνως.
1019 2051 1083 2110 Ἐπὶ
1107 2051 1154 2129 μὲν
1176 2049 1228 2132 γάρ
1242 2052 1295 2108 τῶν
1309 2047 1402 2118 ἔξωθεν
1416 2046 1529 2126 ἀγώνων
1549 2044 1584 2105 et
1598 2048 1640 2123 pls

102 2148 241 2227 pancratio
257 2145 408 2227 gloriatur?
419 2146 460 2205 Ne
474 2143 543 2203 mibi
553 2144 623 2203 enim
638 2164 750 2223 rognum
765 2165 818 2203 σα-
872 2143 1048 2222 παλαίσματα
1063 2143 1108 2204 τδν
1123 2143 1201 2202 πόνον
1218 2142 1291 2222 ἔχει,
1306 2144 1320 2200 ὁ
1336 2138 1363 2199 δὲ
1379 2136 1507 2220 στίρανος
1518 2137 1567 2211 τλν
1579 2139 1639 2211 ἠδο-

103 2237 193 2297 lorum
207 2259 396 2316 commemora,
413 2256 497 2315 neque
509 2256 620 2294 ooronas
633 2233 695 2294 illas
708 2235 819 2294 immarn
872 2237 933 2309 νην·
948 2240 1057 2296 ἐνταῦθα
1070 2233 1098 2294 δὲ
1108 2237 1159 2314 σύγ
1168 2234 1267 2306 οὕτως,
1279 2231 1347 2292 ἀλλά
1359 2230 1404 2290 καί
1415 2230 1468 2310 πρὸ
1477 2235 1531 2290 τῶν
1545 2230 1640 2308 στερί-

104 2329 251 2403 eesoibiles,
269 2350 317 2389 nec
330 2328 450 2410 premia,
464 2325 510 2386 sed
525 2347 566 2384 res
582 2325 653 2406 ipsas
666 2340 817 2406 presentes,
873 2354 924 2388 νων
936 2327 1003 2389 αάτά
1013 2325 1048 2386 et
1058 2326 1233 2403 παλαίσματα
1243 2324 1310 2386 πολὺ
1322 2325 1395 2408 φέρει
1406 2325 1437 2385 τό
1443 2322 1583 2404 καύχημα.
1592 2322 1641 2382 Καί

102 2423 130 2481 in
144 2423 244 2501 quibus
257 2423 342 2481 multa
353 2421 420 2480 inest
429 2418 551 2492 afflictio,
561 2418 649 2495 labor,
659 2431 686 2476 et
697 2418 819 2478 molestia
871 2421 915 2480 ίνα
931 2421 1033 2500 μοίθητε
1048 2420 1088 2479 ἀιι
1102 2426 1185 2478 ταῦτα
1197 2422 1288 2477 τοῦτον
1303 2417 1413 2500 ἔχειτὸν
1427 2416 1536 2499 τρόπον,
1548 2415 1641 2474 ἀναλο-

101 2515 220 2596 plurima
232 2539 238 2572 :
249 2515 307 2574 baee
331 2514 421 2595 profer
442 2514 470 2570 in
493 2511 623 2583 medium,
636 2524 663 2569 et
682 2509 820 2571 ostendere
835 2520 854 2566 Ε
871 2513 979 2592 γίσασθε
995 2511 1105 2573 ἕκαστον
1126 2515 1179 2571 τῶν
1200 2510 1281 2590 ἁγίων
1294 2516 1347 2570 τῶν
1360 2513 1400 2590 ἐγ*
1414 2509 1531 2575 ἑκάστης
1541 2516 1642 2586 γενεᾶς,

102 2622 194 2687 potero
219 2620 328 2689 propter
353 2606 404 2665 ista
425 2605 512 2664 multo
536 2603 653 2684 amplius
677 2623 734 2681 esse
755 2602 817 2681 glo·
871 2604 907 2672 ώς
922 2627 1014 2686 φησιν·
1030 2603 1197 2684 Ὑπόδειγμα
1212 2602 1321 2675 λοίόετε,
1341 2600 1464 2682 ἀδελφοί,
1478 2603 1528 2671 τῆς
1541 2606 1639 2658 ’κακο-

102 2698 239 2758 riondum.
264 2699 334 2756 Nam
356 2697 384 2755 in
408 2695 527 2775 profanis
551 2694 663 2772 quidem
686 2693 819 2771 agonibus
870 2695 1035 2764 παθείαςκαί
1051 2699 1256 2771 τῆςύπομονῆς,
1271 2690 1639 2774 τοδςπρογήτας,οἳέλαλη·

101 2789 220 2847 laborem
246 2787 345 2846 habent
367 2786 523 2863 certamina,
539 2805 643 2844 coronae
662 2798 752 2844 autem
764 2805 817 2845 vo·
871 2814 919 2850 σαν
939 2787 1081 2868 τὸνλόγον
1107 2790 1134 2846 ἐν
1156 2786 1266 2863 ὀνόματι
1293 2786 1400 2870 Κυρίου.
1414 2782 1497 2845 Ἀλλά
1525 2781 1578 2863 γὰρ
1599 2782 1641 2841 καί

101 2879 233 2960 luptatem
245 2903 253 2937 t
265 2878 310 2936 bie
333 2898 398 2936 nero
419 2898 472 2936 non
493 2877 548 2954 ita,
563 2875 610 2936 sed
631 2889 692 2936 ante
708 2897 819 2937 coronas
871 2871 944 2948 ούτος
959 2878 1034 2947 αὐτὸς
1044 2882 1059 2938 ό
1071 2884 1114 2937 νῦν
1129 2883 1194 2956 ἡμῖν
1209 2877 1254 2937 τδν
1269 2880 1359 2958 ἀγῶνα
1379 2883 1471 2936 τοῦτον
1491 2873 1643 2956 προτείνας,

101 2971 160 3051 ipsa
172 2969 317 3029 certamina
331 2968 444 3028 multam
455 2967 621 3029 occasionem
635 2969 751 3028 allerrrnt
761 2969 815 3049 glo·
871 2971 917 3031 καί
942 2971 972 3030 τδ
996 2969 1079 3052 παρόν
1104 2970 1282 3046 πνευματικὸν
1303 2968 1411 3051 θέατρον
1443 2964 1643 3048 συγκροτήσας,

100 3060 201 3119 riandi.
219 3063 307 3139 Atque
321 3072 351 3118 ut
365 3059 422 3119 baec
435 3060 473 3119 ita
491 3080 519 3118 se
536 3058 636 3119 habere
648 3059 816 3140 intelligatis,
872 3067 978 3124 Παῦλον
1001 3063 1092 3141 λέγω,
1116 3060 1184 3139 μετὰ
1209 3063 1240 3122 τδ
1260 3061 1307 3128 τάς
1332 3061 1427 3140 μυρίας
1450 3059 1529 3118 αὐτὸν
1547 3056 1643 3123 ἐκείνας

102 3172 319 3231 unumquemque
339 3164 491 3210 sanctorum
511 3173 559 3232 per
572 3150 692 3230 singulas
707 3173 819 3231 genera·
872 3156 984 3216 ἑκάστου
999 3159 1051 3214 τῶν
1066 3153 1147 3233 ἁγίων
1162 3152 1305 3221 καταλεἝαι
1319 3151 1520 3231 ταλαιπωρίας,
1536 3149 1569 3217 ἀς
1582 3147 1644 3227 μηδί

1 3275 9 3301 1.
20 3255 44 3303 5.
59 3244 188 3304 notiones
198 3242 372 3314 considerate,
381 3257 412 3302 ut
420 3242 507 3322 inquit
518 3243 573 3319 ille,
584 3244 760 3324 Exemplum
769 3232 819 3302 ae·
873 3247 960 3328 ῥᾴδιον
971 3253 1014 3306 νῦν
1024 3245 1094 3305 κατὰ
1110 3245 1187 3324 λόγον
1200 3244 1321 3313 διεξιέναι
1332 3286 1340 3314 ,
1350 3243 1444 3322 ἀπάγει
1453 3242 1540 3320 λέγων
1549 3265 1556 3279 ·
1566 3243 1644 3323 Περι-

103 3340 199 3416 cipite,
216 3337 339 3418 fratres,
353 3335 465 3394 laboris
477 3347 506 3394 et
520 3338 683 3415 patientioe,
696 3338 819 3415 proplie-
872 3341 952 3411 ἦλθον
962 3340 988 3398 ἀν
1001 3341 1153 3416 μηλωταῖς,
1163 3340 1190 3396 ἀν
1202 3336 1310 3415 αἰγείοις
1319 3333 1333 3367 b
1342 3336 1481 3415 δέρμασιν,
1493 3331 1645 3415 ὑπερράγη..

103 3442 159 3502 tas,
185 3432 237 3511 qui
267 3428 383 3508 loquuti
407 3440 476 3486 suut
501 3430 624 3486 verbum
648 3430 680 3485 in
704 3431 820 3486 τοιαῦτα
830 3469 865 3509 „7
873 3453 929 3506 νοι,
947 3429 1107 3509 θλιῦόμενοι,
1118 3427 1334 3508 κακουχούμενοι,
1344 3417 1381 3485 ών
1391 3428 1439 3485 οὐκ
1449 3415 1482 3496 ἦν
1493 3423 1565 3493 ἀξιος
1579 3421 1645 3483 διό·

104 3521 235 3579 Domini.
254 3516 410 3594 Quinetiam
424 3518 469 3577 hic
480 3517 537 3599 ipse
549 3517 597 3597 qui
614 3517 691 3578 nobis
701 3518 753 3577 hoo
763 3538 820 3577 cer-
837 3524 857 3570 Α
874 3545 957 3600 σμος,
977 3521 1024 3580 καί
1037 3519 1081 3580 ἐπί
1096 3519 1197 3586 τούτοις
1220 3527 1301 3578 πᾶσιν
1318 3516 1505 3599 ἀγαλλόμενοι.
1520 3512 1645 3576 Ταῦτοδί

103 3625 191 3670 tumen
217 3611 369 3692 proposuit,
393 3623 419 3668 et
443 3610 495 3669 hoe
520 3609 660 3691 spirituale
675 3608 820 3683 ¹theatrum
875 3613 940 3673 αῦτδ
953 3611 1004 3673 ίδοι
1024 3636 1064 3680 τις
1075 3610 1118 3685 ἀν,
1134 3609 1177 3670 ότι
1197 3609 1265 3689 preli
1279 3608 1327 3681 τλν
1340 3607 1459 3690 φυλακὴν
1471 3606 1519 3666 καί
1530 3605 1581 3673 τὰς
1592 3608 1645 3664 λοι·

104 3702 274 3780 convocavit,
291 3704 401 3780 Paulus,
413 3701 537 3780 inquam,
547 3714 690 3782 postquam
702 3699 821 3761 innume·
875 3703 964 3786 δορίας
979 3701 1167 3783 μαστιχθίντες
1186 3699 1378 3773 ἀπηλαύνοντο,
1392 3698 1418 3756 τί
1433 3720 1530 3778 ρησινς
1545 3699 1582 3756 01
1602 3696 1645 3774 pt»

103 3792 330 3872 rassingulorum
343 3806 496 3852 sanctorum
509 3792 669 3853 afflictiones
681 3792 822 3868 recensuit,
876 3789 920 3856 ούν
943 3795 1097 3875 ἐπορεύοντο
1118 3793 1255 3876 χαίροντες
1271 3793 1324 3853 ἀπὸ
1348 3789 1492 3872 προσώπου
1520 3794 1567 3848 τοῦ
1590 3810 1646 3849 συν·

105 3906 171 3964 quas
182 3905 267 3963 neque
276 3905 347 3944 nilne
359 3885 484 3965 persequi
496 3884 660 3945 numerando
675 3885 754 3946 facile
763 3886 822 3945 fue-
877 3888 981 3969 εδρίου,
1005 3886 1047 3946 ότι
1074 3885 1276 3959 κατηξιώθησαν
1300 3881 1366 3965 ὑπὲρ
1388 3889 1434 3942 τοῦ
1455 3882 1587 3962 ἀνόματος
1604 3883 1647 3940 τοῦ

1 3976 152 4055 ·.rr.37.rit,
175 3975 299 4057 adjungit
322 3975 623 4036 dieenszssircuieruut
643 3981 676 4035 in
695 3978 822 4049 melotis,
879 3982 993 4061 Χριστοῦ
1008 3980 1199 4055 ἀτιμασθῆναι.

105 4073 137 4127 in
142 4069 269 4150 pellibus
280 4066 418 4149 cuprinis,
428 4080 552 4149 egentes,
563 4073 735 4149 nugttstiati,
745 4069 823 4154 effli-

104 4165 162 4233 cti,
179 4163 284 4241 quibus
305 4161 411 4240 dignus
425 4180 485 4217 non
504 4172 567 4218 erat
585 4161 720 4233 mundus,
737 4173 763 4219 et
779 4173 824 4218 ta·

105 4275 167 4314 men
183 4265 295 4335 propter
307 4251 366 4311 hec
387 4250 478 4310 omnia
491 4251 660 4311 letabuntur.
677 4251 735 4311 Hoc
759 4274 823 4312 vero

62 4376 65 4381 ’
106 4367 212 4407 eernere
227 4344 319 4424 quinis
328 4356 426 4425 potest,
441 4343 549 4422 quando
564 4358 623 4424 post
639 4365 783 4423 carcerem,
799 4360 825 4404 et

105 4438 206 4517 probra
228 4436 288 4496 eaesi
303 4434 462 4496 uerberibus
477 4434 652 4516 ejiciebantur
664 4459 671 4493 e
682 4436 749 4516 quid
763 4437 824 4496 ait?

3 4544 41 4590 ‚54
55 4546 95 4603 ηι.
106 4533 147 4590 Et
168 4531 215 4588 illi
230 4530 348 4610 quidem
369 4531 453 4587 ibant
465 4529 624 4608 gaudentes
638 4550 658 4587 a
671 4544 826 4610 conspeetu

106 4624 238 4699 consilii,
251 4625 393 4702 quoniam
417 4622 499 4701 digni
510 4623 604 4680 lautu
617 4634 684 4681 sunt
705 4643 758 4704 pro
773 4644 826 4681 no-

106 4719 186 4773 mine
198 4717 271 4773 lesu
281 4711 490 4771 contumeliam
500 4714 573 4792 pati.

145 4809 172 4865 l,
188 4809 293 4868 Verum
306 4804 380 4863 enim
397 4824 462 4863 vero
475 4802 532 4862 haec
545 4817 636 4864 nostra
648 4803 728 4864 etiam
745 4819 822 4865 aetate
916 4808 996 4871 Ἀλλδι
1009 4808 1059 4890 γὰρ
1072 4810 1117 4870 καί
1131 4808 1175 4870 ἐπί
1185 4812 1262 4887 ἡμῶν
1273 4812 1358 4866 ταῦτα
1372 4806 1480 4886 γέγονε·
1492 4806 1538 4866 καί
1552 4809 1574 4867 εἰ
1588 4804 1649 4885 βού-

104 4899 273 4976 contigerunt
280 4919 288 4971 3
305 4915 337 4956 ao
352 4894 376 4954 si
392 4895 474 4969 velit,
495 4894 593 4975 cogitet
605 4896 697 4973 quivis
716 4918 747 4956 ea
762 4919 822 4976 quae
876 4901 1019 4974 betelem,
1041 4899 1213 4979 ἐνθυμηθήτω
1234 4899 1248 4958 ὃ
1268 4897 1355 4978 λέγω,
1380 4899 1407 4956 ἐν
1428 4901 1467 4977 τῷ
1494 4901 1580 4979 καιρῷ
1601 4900 1653 4956 τῶν

105 4989 176 5061 dico,
191 4986 280 5065 qualia
292 4999 411 5066 tempore
421 4985 657 5066 persequutionum
666 4987 821 5051 acciderint.
876 4994 1000 5074 διωγμῶν
1021 4982 1065 5050 οἶα
1081 4993 1241 5052 σονέόαινεν.
1253 4990 1348 5072 Είσῇει
1366 4988 1496 5070 παρθένος
1507 4988 1598 5062 ἁπαλοίΙ
1609 4989 1653 5048 καὶ

140 5163 151 5184 “
166 5141 239 5196 0011)·
253 5153 402 5204 monaldus
413 5152 450 5198 καί
462 5158 501 5206 τῆς
512 5154 680 5215 μακροθυμίας·
889 5157 1012 5210 σπηλαίοις,
1022 5158 1058 5204 καί
1072 5164 1119 5212 ταῖς
1132 5161 1196 5212 ὀπαῖς
1212 5166 1252 5213 τῆς
1263 5164 1317 5218 γῆς,
1340 5155 1481 5218 διωκόμενοι,
1496 5150 1652 5221 ὑστερούμενοι

139 5227 152 5264 b
171 5224 230 5274 θύου.
244 5227 351 5292 δέρμασιν
364 5230 385 5276 lu
401 5230 504 5292 ίρυμίᾳις
522 5230 677 5293 πλανώμενοι,
690 5234 728 5286 καί
739 5234 817 5303 ὅριοι,
827 5241 863 5288 καί
889 5236 919 5286 o'u
930 5235 969 5284 σλκ
982 5235 1016 5292 ἦν.
1531 5250 1534 5255 ·
