3764 5992
104 394 172 484 154
429 415 458 464 s,
486 414 626 464 ussurus
652 414 831 462 cunrsosr.
863 414 1019 465 arcume-
1048 413 1319 464 cossranrruon.

99 556 126 601 et
139 551 288 600 convertar.
294 536 365 599 Sane
373 558 426 598 non
441 537 570 598 criminor
580 536 654 613 illos,
667 535 715 595 sed
725 535 818 595 admo
872 539 967 601 σαυτὸν
978 537 1051 619 ὕπνῳ
1061 539 1107 598 καί
1118 539 1234 619 ῥαθυμίᾳ
1244 535 1394 617 παραδοὺς,
1410 537 1450 615 μὴ
1464 538 1589 616 ἐγρειρῇς
1599 536 1643 614 μὲν

99 631 312 711 dumapprobo,
325 629 401 708 qnod
414 629 450 689 ad
468 630 636 690 voluntatem
653 628 703 688 Dei
718 629 817 687 coniu-
871 641 930 699 ταῖς
939 634 1048 710 ἀγαθαῖς
1061 628 1188 711 πράξεσι,
1207 630 1239 689 τὸ
1255 630 1283 688 δὲ
1304 635 1351 688 τοῦ
1368 632 1440 690 Θεοῦ
1459 631 1565 706 θέλημα
1583 653 1644 706 πρυ-

100 723 176 802 giant
186 745 195 798 3
205 721 252 780 sed
266 722 326 781 volo
341 735 371 780 ut
382 742 424 799 ea,
433 742 494 800 quae
504 740 585 800 penes
594 719 747 800 ipsossunt,
756 720 819 778 affe
873 725 959 804 θάλλῃ
975 723 1062 802 μόνον,
1073 722 1198 782 οὐδέποτέ
1215 745 1257 782 σοι
1271 720 1344 781 οὐδὲν
1363 724 1440 782 ἔσται
1457 726 1513 781 τῶν
1529 720 1643 780 δεόντων.

101 825 161 873 rant
167 859 177 887 ,
191 827 217 872 et
229 812 269 872 sic
280 811 383 887 dicant,
398 812 428 872 si
447 813 518 871 Deus
531 809 657 870 voluerit.
673 811 744 869 Nam
755 810 778 870 si
794 825 821 870 te
872 814 963 897 Ὅπερ
973 813 1026 896 γάρ
1040 815 1114 894 ἔφην,
1127 814 1230 892 ἀνάγκῃ
1252 813 1298 872 καλ
1317 813 1364 894 βία
1379 813 1473 874 οὐδένα
1486 812 1644 892 προσάγεταί

102 926 195 965 somno
202 927 234 964 ae
242 904 364 985 segnitiei
376 902 485 979 dedens,
492 924 546 963 non
558 904 736 963 conerisbona
743 901 822 963 odere
873 930 937 967 ποτε
950 913 965 967 θ
978 906 1058 974 Θεός·
1074 906 1143 966 ἀλλὰ
1159 906 1228 966 θεθει
1248 904 1297 983 μὲν
1311 907 1432 974 ἅπαντας
1446 910 1582 978 σωθῆναι,
1603 906 1644 963 σύνι

101 1018 194 1077 opera,
211 996 317 1056 sedDei
327 1009 432 1056 tantum
443 996 609 1056 voluntatem
622 995 764 1076 objeceris,
779 995 822 1054 ni·
874 998 1016 1079 ἀναγκάζει
1037 998 1065 1057 δὲ
1089 998 1192 1057 οὐδένα·
1206 996 1294 1064 καθὼς
1313 997 1359 1056 καλ
1376 997 1487 1062 flente<
1508 1018 1599 1076 φησιν,
1613 995 1643 1056 Ὁ

102 1088 144 1146 hil
160 1109 265 1165 eorum,
282 1086 381 1166 quihus
397 1109 465 1170 opus
480 1087 575 1164 hebes,
589 1086 746 1168 adipiseeris
760 1109 822 1147 um-
873 1089 954 1151 θίλων
969 1091 1070 1157 πάντας
1084 1087 1236 1170 ἀνθρώπους
1251 1093 1368 1160 σωθῆναι
1385 1088 1432 1147 καὶ
1451 1092 1490 1155 είς
1506 1088 1643 1165 ἐπίγνωσιν

104 1200 195 1256 quam.
207 1180 289 1255 Nam,
303 1191 333 1236 ut
342 1177 476 1256 dicebam,
490 1178 644 1239 necessitate
654 1199 686 1237 ae
696 1178 725 1238 ri
736 1178 822 1237 nemi·
873 1180 997 1253 ἀληθείας
1015 1182 1107 1241 ἐλθεῖν.
1129 1182 1191 1246 Πῶς
1210 1171 1255 1237 οὐν
1272 1182 1323 1259 οὐχ
1336 1180 1453 1246 ἅπαντες
1467 1179 1612 1252 σώζονται,
1624 1182 1643 1236 εἰ

104 1290 165 1328 nem
188 1291 317 1348 umquam
341 1269 433 1346 adigit·
447 1271 538 1328 Deus:
557 1267 606 1328 sed
630 1268 692 1327 vult
710 1267 854 1347 quidemtt
873 1268 942 1329 θέλει
954 1268 1056 1335 πάντας
1070 1273 1204 1341 redirem
1220 1267 1332 1339 Ἐπειδὴ
1351 1271 1401 1347 οὐχ
1418 1267 1547 1327 ἁπάντων
1561 1265 1643 1325 eent-

104 1381 196 1421 omnes
204 1358 374 1434 salvosfimi,
384 1358 485 1418 nemini
496 1378 560 1419 vero
583 1358 765 1419 necessitatem
776 1358 821 1417 in-
872 1360 947 1437 λημα
971 1364 1009 1440 τῷ
1028 1359 1158 1438 θελήματι
1179 1363 1259 1419 αὐτοῦ
1275 1359 1382 1432 θπεται,
1403 1358 1483 1425 αὐτὸς
1505 1356 1535 1418 tl
1558 1357 1643 1416 οὐδένα

0 1458 58 1501 ι’νννν.
72 1471 94 1503 2·
105 1450 192 1528 ducit,
202 1450 430 1530 quemadmodum
440 1465 467 1509 et
477 1450 577 1510 Paulus
585 1450 672 1510 dieite
687 1453 745 1530 Qui
754 1452 822 1511 vult
874 1452 1001 1531 βιάζεται.
1012 1452 1091 1512 Otito
1103 1453 1148 1512 νιαλ
1161 1450 1226 1534 πρὸς
1236 1449 1284 1523 τὴν
1299 1450 1476 1530 Ἰερουσαλήμ
1491 1473 1588 1530 φησιν·
1599 1449 1643 1509 ‘ie-

106 1566 205 1605 omnes
218 1547 349 1604 homines
358 1544 541 1625 salvosfieri,
549 1557 576 1602 et
589 1545 631 1602 ad
642 1547 821 1624 agnitionem
875 1543 1020 1625 ρουσαλὴμ,
1034 1543 1217 1627 Ἱεραισαλὴμ,
1228 1542 1467 1614 ποσάκιςήθελησα
1483 1545 1643 1619 ἐπισυναγα·

105 1641 242 1698 veritatis
263 1640 375 1696 venire.
386 1635 531 1708 Quomodo
553 1635 639 1714 igitur
658 1656 712 1695 non
730 1656 823 1695 omues
873 1646 927 1717 γεῖν
942 1636 977 1695 τὰ
989 1635 1070 1695 τέκνα
1081 1659 1139 1707 σου,
1153 1637 1199 1695 καὶ
1212 1637 1261 1694 οὐκ
1272 1634 1436 1706 ἠθιλιίσατες
1455 1632 1495 1693 Τί
1505 1624 1552 1694 οὖν
1561 1658 1571 1706 ;
1581 1631 1644 1692 Ἰδαλ

105 1729 176 1790 salvi
188 1729 268 1801 stunt,
281 1729 305 1789 si
318 1729 378 1789 vult
391 1748 483 1789 omues
493 1727 584 1788 salvos
595 1727 654 1786 fieri
664 1727 760 1799 tQuia
770 1748 822 1787 non
874 1727 980 1808 ἀφίεται
994 1732 1009 1786 θ
1023 1717 1094 1793 οἶκος
1108 1731 1181 1804 ὑμῶν
1196 1725 1301 1805 ἔρημος.
1315 1724 1398 1806 Ὁρᾷς
1411 1724 1473 1797 ὅτι,
1493 1723 1544 1782 κᾶν
1559 1721 1645 1802 θίλῃθ

106 1821 228 1881 omnium
243 1821 369 1882 voluntas
379 1822 437 1901 ejus
447 1820 615 1880 voluntatem
625 1819 766 1898 sequitur,
777 1819 824 1879 illc
874 1814 941 1882 Θεὸς
950 1817 1044 1887 σῶσαι,
1050 1819 1126 1891 ἡυεῖς
1135 1813 1163 1873 δὲ
1170 1810 1276 1879 ίαυτούς
1284 1812 1322 1892 μὴ
1329 1813 1473 1888 ἐπιθῶμεν,
1485 1811 1599 1889 μένομιν
1606 1810 1646 1870 eet

106 1935 169 1976 rem
184 1913 285 1975 nemini
307 1911 365 1972 vim
375 1913 465 1971 infert.
478 1911 525 1971 Sic
534 1926 561 1970 et
572 1910 608 1969 ad
615 1911 764 1973 Jerusalem
777 1910 824 1970 di·
875 1910 922 1976 τῆς
935 1904 1080 1979 derhirst
1094 1906 1135 1964 Oh
1149 1902 1201 1987 th?
1215 1903 1328 1975 dmm,
1342 1902 1402 1964 0532
1419 1903 1459 1980 μὴ
1477 1901 1645 1980 imi-immi

1 2004 160 2080 auserit:
185 2004 371 2078 Jerusalem,
392 2003 577 2075 Ιενιιιαίσιιι,
602 2007 715 2084 quoties
740 2005 825 2063 υυὶυι·
874 1993 1023 2075 ὅπνρλένοι
1035 1996 1178 2067 πολλάκις,
1194 1998 1252 2056 ἀλλ’
1267 1993 1361 2054 ἑκόντα
1374 1994 1421 2052 κοιλ
1438 1993 1645 2074 προαιρούμενον

106 2115 282 2176 congregare
284 2095 372 2176 filios
386 2107 461 2168 tuos,
473 2107 502 2154 et
517 2095 674 2153 noluistis?
687 2093 762 2169 Quid
769 2095 826 2174 igi·
875 2086 1088 2168 παρεσκεύασται
1099 2086 1191 2156 σώζειν
1202 2092 1217 2147 ὁ
1228 2088 1296 2154 Θειλς
1313 2086 1356 2146 τὸν
1370 2087 1520 2168 ἄνθρωπον.
1531 2084 1647 2167 Ἄνθριυ·

10 2215 44 2241 .ν.
55 2196 96 2245 35.
105 2187 171 2246 tur?
182 2189 260 2246 Ecce
272 2186 456 2267 relinquetur
469 2187 573 2246 domm
587 2199 686 2246 vestra
699 2188 824 2247 deserta.
876 2178 1036 2260 ποιμὲνγύρ
1045 2180 1091 2239 καὶ
1101 2180 1213 2239 ἑκόντων
1222 2179 1267 2239 καὶ
1279 2178 1397 2239 σἰκάντων
1406 2181 1460 2238 τῶν
1469 2181 1582 2238 οἰκετῶν
1590 2177 1648 2256 hoi-

105 2278 206 2341 Viden'
221 2275 295 2356 quod
310 2277 365 2346 etsi,
380 2279 453 2336 Deus
472 2277 537 2338 veh't
552 2298 601 2336 nos
620 2277 710 2338 salvos
728 2278 825 2353 faeere,
839 2285 858 2334 C
875 2276 966 2333 λυνται
979 2263 1062 2331 ἐἶναι
1076 2272 1122 2332 καλ
1133 2273 1281 2340 δεσπόζειν·
1293 2274 1322 2331 οὐ
1336 2270 1403 2352 πρὸς
1417 2271 1450 2330 πθ
1464 2280 1521 2338 τοῖς
1537 2268 1649 2338 οίιεάταις

105 2389 154 2428 nos
167 2382 258 2428 autem
273 2367 399 2428 aeoedere
410 2367 538 2443 nolimus,
553 2369 580 2426 in
592 2367 702 2428 interitu
712 2389 824 2433 manen,
876 2364 1018 2446 συμφέρον,
1033 2364 1102 2424 ἀλλὰ
1116 2364 1181 2445 πρὸς
1191 2362 1239 2436 τὴν
1250 2363 1350 2423 οἰκείαν
1368 2362 1462 2445 χρείαν
1473 2366 1587 2444 δρῶντας
1601 2363 1646 2420 αῦ-

105 2460 253 2520 mus?Non
266 2459 338 2519 enim
353 2459 700 2538 inritum,nonnolentem,
712 2473 742 2519 ut
754 2481 825 2540 sepe
875 2462 928 2519 τῶν
946 2459 1127 2527 διατάξουσιν·
1144 2463 1158 2517 ὁ
1173 2458 1202 2518 δὲ
1216 2458 1285 2526 Θεὸς
1302 2457 1423 2530 ἀνενδεὴς
1444 2455 1493 2531 ῶν,
1515 2455 1563 2515 καὶ
1584 2459 1647 2534 βοι-

106 2566 214 2633 repeto,
232 2550 280 2611 sed
302 2551 429 2612 libentem
447 2564 474 2610 et
486 2550 621 2613 volentem
643 2552 781 2613 hominem
794 2566 825 2613 ut
874 2549 984 2629 λόμενθς
998 2575 1040 2612 σοι
1055 2549 1152 2626 δεῖξαι,
1172 2549 1214 2609 ὅτι
1232 2548 1334 2616 οὐδενὸς
1351 2553 1405 2608 τῶν
1424 2545 1566 2627 ἡμετέρων
1590 2545 1648 2607 δεθ-

106 2643 213 2704 salrum
230 2643 311 2702 faeiat
323 2645 397 2703 Dens
417 2657 527 2724 paratus
546 2657 597 2704 est.
613 2643 741 2704 Homines
763 2643 824 2722 qui·
876 2667 964 2722 μενος,
978 2647 1027 2714 τῆς
1038 2639 1156 2710 δουλείας
1168 2645 1244 2720 ἡμῶν
1258 2640 1374 2722 θφίεται,
1386 2641 1446 2701 ἀλλ’
1463 2643 1501 2707 εἰς
1520 2638 1550 2699 δν
1569 2637 1646 2717 μόνον

106 2732 168 2793 dem
197 2734 307 2794 famulis
332 2734 486 2796 volentibus
507 2735 660 2795 nolentibus
688 2735 823 2796 dominari
875 2739 981 2795 σκοπῶν
1000 2735 1031 2794 τὸ
1045 2733 1176 2817 συμφέρον
1187 2738 1263 2812 ἡμῖν,
1281 2733 1328 2792 καὶ
1345 2736 1375 2792 οὐ
1393 2737 1441 2804 τῆς
1461 2734 1544 2791 αὐτοῦ
1557 2728 1648 2813 χροίας

106 2838 134 2884 et
154 2824 287 2904 imperare
311 2825 423 2901 volunt,
449 2845 502 2883 non
529 2823 565 2882 ad
589 2847 728 2886 servorum
748 2826 824 2885 utili·
875 2826 972 2898 ἕνεκεν,
986 2824 1055 2884 ἀλλὰ
1068 2831 1117 2898 τῆς
1127 2826 1258 2905 ἡμετέρας
1271 2824 1399 2905 ὐιρελείας
1408 2824 1516 2883 ἅπαντα
1527 2822 1649 2904 πράττει,

106 2928 200 2993 tatem,
212 2914 260 2974 sed
272 2914 308 2973 ad
321 2936 397 2974 suam
413 2913 604 2997 respicientes:
621 2918 763 2977 Densrero
774 2917 823 2996 qui
876 2917 908 2977 δν
920 2917 967 2994 μὲν
984 2917 1086 2985 ἑκόντες
1101 2918 1146 2978 καλ
1165 2916 1317 2997 βουλόμενοι
1341 2917 1386 2976 καὶ
1406 2916 1486 2996 χάριν
1507 2918 1583 2994 αὐτῷ
1602 2918 1649 2985 τῆς

106 3007 212 3076 nemine
227 3006 339 3086 indiget,
352 3029 414 3066 eum
435 3008 486 3068 tibi
509 3007 691 3070 demonstrare
710 3011 777 3071 velit
796 3033 824 3073 se
876 3009 994 3078 δουλείας
1025 3008 1121 3077 εἰδότες
1154 3008 1357 3092 προσέλθωμεν·
1379 3007 1490 3074 ἄκοντας
1513 3005 1560 3065 καὶ
1584 3009 1649 3066 άπα-

107 3097 182 3157 nulla
198 3119 288 3158 rerum
305 3112 459 3160 nostrarum
471 3100 653 3180 indigentem,
667 3101 824 3163 servitutem
876 3104 1015 3177 πηδῶντας
1028 3105 1075 3163 οὐκ
1090 3101 1249 3181 ἀναγκάζει,
1266 3099 1326 3160 οὐδὲ
1344 3099 1480 3180 βιάζεται,
1494 3099 1561 3160 αὐτὸ
1572 3103 1648 3158 ταῦτα

107 3203 227 3249 nostram
246 3204 384 3270 expetere,
398 3191 446 3253 sed
461 3190 497 3252 ad
511 3192 654 3254 utilitatem
668 3196 757 3255 solnm
773 3218 822 3257 no·
838 3212 859 3259 ιι
877 3191 994 3268 δεικνὺς,
1004 3192 1046 3253 ὅτι
1057 3195 1105 3253 οὒκ
1119 3191 1196 3260 αὐτὸς
1207 3197 1272 3270 ἡμῖν
1286 3190 1366 3272 χάριν
1379 3196 1427 3262 τῆς
1443 3189 1579 3260 δουλείας»
1591 3191 1649 3249 ἄλλ’

107 3294 190 3341 stram
207 3282 353 3362 respicere,
366 3304 398 3342 ac
409 3305 463 3345 non
475 3284 511 3346 ad
532 3306 611 3345 usum
624 3307 713 3362 suum,
726 3287 775 3348 sed
789 3290 826 3350 ad
876 3292 953 3364 ἡμεῖς
978 3289 1048 3365 αὐτῷ
1062 3285 1142 3366 χάριν
1163 3289 1211 3357 τῆς
1230 3282 1384 3351 δεσποτείας
1406 3281 1478 3362 igere
1499 3282 1649 3363 δρεθοριν.

107 3368 318 3428 emolumentum
338 3384 461 3431 nostrum
484 3393 514 3432 se
535 3371 626 3431 omnia
648 3374 748 3434 faeere:
772 3377 825 3436 nisi
878 3380 961 3438 Ταῦτ’
978 3367 1023 3436 οὐν
1034 3375 1148 3450 εἰδότες,
1166 3375 1212 3436 καλ
1225 3375 1274 3448 τὴν
1290 3381 1335 3434 τοῦ
1349 3374 1486 3435 Δεσπάτου
1500 3375 1649 3455 φιλανθρω-

107 3476 201 3542 sponte
210 3483 242 3522 ae
252 3463 371 3524 volentes
379 3464 548 3544 gratiamque
556 3465 694 3526 servitutis
703 3466 755 3548 ipsi
765 3468 826 3531 red·
878 3466 941 3526 πίαν
961 3465 1119 3538 ἐννοοῦντες,
1138 3463 1212 3532 ἀξίαν
1234 3467 1312 3524 αὐτοῦ
1331 3467 1378 3535 τῆς
1398 3461 1562 3543 ἀγαθότητυς
1581 3461 1649 3525 κατὰ

108 3553 826 3638 denteraceodamus,inritosaeresilienternumquam
879 3552 989 3631 δύναμιν
1007 3552 1056 3625 τὴν
1073 3552 1206 3632 ἡμετέραν
1227 3552 1363 3612 πολιτείαν
1384 3550 1596 3629 ἐπιδειξιίμεθα,
1607 3550 1648 3608 ίνα

108 3647 180 3727 ergit
199 3646 291 3707 neeri
311 3646 397 3728 adigit
414 3662 466 3726 ,ut
486 3649 619 3728 ostendat,
638 3671 692 3711 non
704 3672 732 3711 se
747 3653 827 3715 nobis
876 3645 922 3705 καὶ
946 3647 995 3715 τῆς
1024 3644 1159 3723 βασιλείας
1180 3648 1234 3704 τῶν
1262 3647 1378 3724 οὐρανῶν
1404 3643 1593 3722 ἐπετύχομεν·
1617 3633 1647 3713 ἧς

108 3738 223 3817 gratiam
234 3739 385 3818 servituris,
398 3740 447 3800 sed
460 3761 509 3801 ⁰03
526 3740 579 3823 ipsi
589 3742 705 3822 gratiam
718 3743 826 3805 habitu.
875 3738 976 3817 γένοιτο
989 3736 1091 3804 πάντας
1100 3742 1172 3815 ἡμᾶς
1185 3738 1330 3816 ἐπιτυχεῖν,
1342 3739 1432 3816 χάριτι
1443 3734 1488 3793 καί
1504 3737 1647 3814 φιλανθρυν·

109 3850 153 3888 ros
166 3850 222 3888 ense
234 3828 360 3888 dominii.
373 3830 436 3891 Haee
448 3831 538 3913 itaque
551 3854 615 3893 cum
626 3834 754 3909 sciamus,
769 3838 826 3896 Do-
876 3829 927 3914 πίρ
936 3835 982 3890 τοῦ
997 3829 1096 3911 Κυρίου
1107 3833 1184 3907 ἡμῶν
1198 3827 1287 3901 Ἰησοῦ
1301 3829 1433 3909 Χριστοῦ,
1454 3817 1478 3906 ᾧ
1494 3831 1513 3896 ἡ
1529 3826 1591 3895 hoie
1604 3825 1647 3886 καί

108 3919 176 3979 mini
189 3920 357 3980 dementiam
365 3921 571 3997 considerantes,
586 3924 701 4006 dignum
711 3928 769 4008 ejus
779 3928 825 3988 be-
876 3922 907 3982 τὸ
921 3920 1034 4003 κράτος,
1053 3920 1110 3998 ἅμα
1131 3924 1170 4001 τῷ
1184 3919 1273 4001 Πατρλ
1292 3919 1391 3999 καὶτῷ
1411 3917 1480 3999 ἁγίῳ
1495 3916 1646 3996 Πνεύματι,

108 4010 248 4092 nignitate,
258 4026 389 4091 quantum
399 4013 512 4075 facultas
523 4015 586 4094 erit,
595 4017 657 4076 vitae
671 4018 826 4082 institutum
876 4019 920 4073 νῦν
951 4011 998 4072 καί
1022 4011 1079 4087 ἀεὶ,
1111 4010 1156 4071 καλ
1184 4014 1221 4079 είς
1245 4008 1306 4078 τούς
1334 4012 1431 4078 αἰῶνας
1460 4013 1516 4069 τῶν
1542 4007 1646 4084 uidens.

109 4102 294 4179 exhibeamus,
310 4117 340 4162 ut
356 4118 383 4163 et
401 4125 515 4185 regnum
534 4107 664 4168 celorum
681 4129 827 4190 conseque·
878 4102 970 4181 Ἀμήν.

109 4216 172 4254 mur
183 4219 190 4252 :
203 4216 256 4274 quo
265 4215 314 4255 uos
324 4209 459 4256 consortes
470 4197 530 4257 fieri
541 4197 689 4279 contingat,
700 4202 787 4280 gratia
800 4216 826 4263 et

108 4288 277 4349 humanitate
288 4287 400 4348 Domini
412 4289 497 4350 nostri
507 4292 572 4351 Jern
585 4291 697 4369 Christi,
709 4294 753 4353 cui
767 4295 826 4374 glo-

109 4381 151 4440 ria
175 4393 201 4440 et
216 4379 360 4462 imperium
368 4426 378 4460 ,
391 4402 445 4440 una
460 4403 523 4441 eum
536 4385 616 4443 Patre
624 4397 651 4454 et
659 4398 752 4445 sancto
762 4387 826 4468 Spi-

109 4473 173 4548 ritu,
188 4494 259 4532 nune
277 4486 303 4532 et
322 4493 438 4553 semper,
454 4487 480 4533 et
495 4473 523 4533 in
537 4474 636 4535 secula
657 4477 826 4542 seculorum.

110 4567 208 4623 Amen.

143 4738 154 4765 ο
173 4723 221 4775 uic
232 4720 328 4791 aliquid
339 4721 475 4775 desiderari
487 4720 596 4775 ridetur.
610 4723 650 4790 [F.
663 4727 754 4796 κάρισο]

733 5016 1054 5063 ψ
