<?xml version="1.0" encoding="UTF-8"?>
<!DOCTYPE html PUBLIC "-//W3C//DTD XHTML 1.0 Transitional//EN"
    "http://www.w3.org/TR/xhtml1/DTD/xhtml1-transitional.dtd">
<html xmlns="http://www.w3.org/1999/xhtml" xml:lang="en" lang="en">
 <head>
  <title>
</title>
<meta http-equiv="Content-Type" content="text/html;charset=utf-8" />
  <meta name='ocr-system' content='tesseract 3.04.00' />
  <meta name='ocr-capabilities' content='ocr_page ocr_carea ocr_par ocr_line ocrx_word'/>
</head>
<body>
  <div class='ocr_page' id='page_1' title='image "./sanctipatrisnos03chrygoog/sanctipatrisnos03chrygoog_0200.png"; bbox 0 0 3810 6000; ppageno 0'>
   <div class='ocr_carea' id='block_1_1' title="bbox 580 587 1467 650">
    <p class='ocr_par' dir='ltr' id='par_1_1' title="bbox 580 587 1467 650">
     <span class='ocr_line' id='line_1_1' title="bbox 580 587 1467 650; baseline -0.001 -2"><span class='ocrx_word' id='word_1_1' title='bbox 580 600 610 648; x_wconf 83' lang='lat' dir='ltr'><strong>S.</strong></span> <span class='ocrx_word' id='word_1_2' title='bbox 631 587 779 648; x_wconf 69' lang='grc' dir='ltr'><strong>4ίθιλίίίίίὸ</strong></span> <span class='ocrx_word' id='word_1_3' title='bbox 805 599 987 649; x_wconf 73' lang='lat' dir='ltr'><strong>ClllllSOS&#39;l&#39;·</strong></span> <span class='ocrx_word' id='word_1_4' title='bbox 1012 600 1169 650; x_wconf 68' lang='lat' dir='ltr'><strong>tuentur.</strong></span> <span class='ocrx_word' id='word_1_5' title='bbox 1197 599 1467 650; x_wconf 72' lang='lat' dir='ltr'><strong>eonsrnnrtnot’.</strong></span> 
     </span>
    </p>
   </div>
   <div class='ocr_carea' id='block_1_2' title="bbox 247 793 1774 829">
    <p class='ocr_par' dir='ltr' id='par_1_2' title="bbox 247 793 1774 829">
     <span class='ocr_line' id='line_1_2' title="bbox 247 793 1774 829; baseline -0.004 -2"><span class='ocrx_word' id='word_1_6' title='bbox 247 793 1774 829; x_wconf 59' lang='lat' dir='ltr'><em>w</em></span> 
     </span>
    </p>
   </div>
   <div class='ocr_carea' id='block_1_3' title="bbox 726 1001 1313 1090">
    <p class='ocr_par' dir='ltr' id='par_1_3' title="bbox 726 1001 1313 1090">
     <span class='ocr_line' id='line_1_3' title="bbox 726 1001 1313 1090; baseline 0.002 -18"><span class='ocrx_word' id='word_1_7' title='bbox 726 1001 790 1075; x_wconf 87' lang='grc' dir='ltr'><strong>ΑΙ)</strong></span> <span class='ocrx_word' id='word_1_8' title='bbox 815 1001 1056 1077; x_wconf 84' lang='lat' dir='ltr'><strong>HOMlLlAM</strong></span> <span class='ocrx_word' id='word_1_9' title='bbox 1081 1001 1131 1077; x_wconf 89' lang='lat' dir='ltr'><strong>IN</strong></span> <span class='ocrx_word' id='word_1_10' title='bbox 1157 1003 1313 1090; x_wconf 85' lang='lat' dir='ltr'><strong>lLLUD,</strong></span> 
     </span>
    </p>
   </div>
   <div class='ocr_carea' id='block_1_4' title="bbox 371 1224 1667 1312">
    <p class='ocr_par' dir='ltr' id='par_1_4' title="bbox 371 1224 1667 1312">
     <span class='ocr_line' id='line_1_4' title="bbox 371 1224 1667 1312; baseline -0.006 -21"><span class='ocrx_word' id='word_1_11' title='bbox 371 1231 520 1291; x_wconf 84' lang='lat' dir='ltr'><em>SCIMUS</em></span> <span class='ocrx_word' id='word_1_12' title='bbox 538 1230 696 1291; x_wconf 83' lang='lat' dir='ltr'><em>AUTEM</em></span> <span class='ocrx_word' id='word_1_13' title='bbox 717 1232 920 1312; x_wconf 85' lang='lat' dir='ltr'><em>QUONIAM</em></span> <span class='ocrx_word' id='word_1_14' title='bbox 936 1229 1238 1294; x_wconf 83' lang='lat' dir='ltr'><em>DILIGENTIBUS</em></span> <span class='ocrx_word' id='word_1_15' title='bbox 1257 1230 1386 1289; x_wconf 82' lang='lat' dir='ltr'><em>DEUM</em></span> <span class='ocrx_word' id='word_1_16' title='bbox 1406 1227 1558 1305; x_wconf 82' lang='lat' dir='ltr'><em>OMNIA,</em></span> <span class='ocrx_word' id='word_1_17' title='bbox 1581 1224 1667 1285; x_wconf 86' lang='lat' dir='ltr'><strong>ETC.</strong></span> 
     </span>
    </p>
   </div>
   <div class='ocr_carea' id='block_1_5' title="bbox 698 1424 1233 1583">
    <p class='ocr_par' dir='ltr' id='par_1_5' title="bbox 698 1424 1233 1583">
     <span class='ocr_line' id='line_1_5' title="bbox 698 1424 1233 1583; baseline -0.011 -1"><span class='ocrx_word' id='word_1_18' title='bbox 698 1503 702 1510; x_wconf 93' lang='lat'>·</span> <span class='ocrx_word' id='word_1_19' title='bbox 772 1424 1233 1583; x_wconf 81' lang='lat' dir='ltr'><strong>ntouuuuu.</strong></span> 
     </span>
    </p>
   </div>
   <div class='ocr_carea' id='block_1_6' title="bbox 246 1735 1781 3208">
    <p class='ocr_par' dir='ltr' id='par_1_6' title="bbox 246 1735 1781 3119">
     <span class='ocr_line' id='line_1_6' title="bbox 285 1735 1781 1835; baseline -0.002 -23"><span class='ocrx_word' id='word_1_20' title='bbox 285 1753 376 1834; x_wconf 84' lang='lat' dir='ltr'><strong>liujus</strong></span> <span class='ocrx_word' id='word_1_21' title='bbox 387 1753 506 1812; x_wconf 82' lang='lat' dir='ltr'><strong>homiliae</strong></span> <span class='ocrx_word' id='word_1_22' title='bbox 524 1752 667 1813; x_wconf 84' lang='lat' dir='ltr'>exordium</span> <span class='ocrx_word' id='word_1_23' title='bbox 682 1773 793 1834; x_wconf 85' lang='lat' dir='ltr'><strong>prorsus</strong></span> <span class='ocrx_word' id='word_1_24' title='bbox 804 1754 893 1813; x_wconf 87' lang='lat' dir='ltr'><strong>simile</strong></span> <span class='ocrx_word' id='word_1_25' title='bbox 903 1756 943 1814; x_wconf 76' lang='lat' dir='ltr'><strong>ert</strong></span> <span class='ocrx_word' id='word_1_26' title='bbox 958 1753 1090 1835; x_wconf 89' lang='lat' dir='ltr'><strong>prooemio</strong></span> <span class='ocrx_word' id='word_1_27' title='bbox 1103 1754 1247 1815; x_wconf 89' lang='lat' dir='ltr'><strong>Concionis</strong></span> <span class='ocrx_word' id='word_1_28' title='bbox 1257 1754 1285 1813; x_wconf 92' lang='lat' dir='ltr'><strong>in</strong></span> <span class='ocrx_word' id='word_1_29' title='bbox 1301 1753 1450 1815; x_wconf 70' lang='lat' dir='ltr'><strong>debitorem</strong></span> <span class='ocrx_word' id='word_1_30' title='bbox 1468 1753 1562 1814; x_wconf 86' lang='lat' dir='ltr'><strong>docem</strong></span> <span class='ocrx_word' id='word_1_31' title='bbox 1573 1735 1693 1813; x_wconf 84' lang='lat' dir='ltr'><strong>millium</strong></span> <span class='ocrx_word' id='word_1_32' title='bbox 1704 1751 1781 1810; x_wconf 75' lang='lat' dir='ltr'><strong>taler-</strong></span> 
     </span>
     <span class='ocr_line' id='line_1_7' title="bbox 246 1842 1780 1928; baseline -0.001 -25"><span class='ocrx_word' id='word_1_33' title='bbox 246 1857 336 1904; x_wconf 89' lang='lat' dir='ltr'><strong>torum</strong></span> <span class='ocrx_word' id='word_1_34' title='bbox 347 1868 354 1902; x_wconf 76' lang='grc' dir='ltr'>τ</span> <span class='ocrx_word' id='word_1_35' title='bbox 367 1844 395 1902; x_wconf 89' lang='lat' dir='ltr'><strong>in</strong></span> <span class='ocrx_word' id='word_1_36' title='bbox 410 1859 525 1924; x_wconf 77' lang='lat' dir='ltr'><strong>linoque</strong></span> <span class='ocrx_word' id='word_1_37' title='bbox 537 1845 610 1905; x_wconf 90' lang='lat' dir='ltr'><strong>enim</strong></span> <span class='ocrx_word' id='word_1_38' title='bbox 629 1845 801 1905; x_wconf 82' lang='lat' dir='ltr'><strong>auditoribus</strong></span> <span class='ocrx_word' id='word_1_39' title='bbox 825 1846 977 1925; x_wconf 79' lang='lat' dir='ltr'>gratulatur</span> <span class='ocrx_word' id='word_1_40' title='bbox 999 1846 1220 1928; x_wconf 83' lang='lat' dir='ltr'><strong>Chrysostomus,</strong></span> <span class='ocrx_word' id='word_1_41' title='bbox 1233 1845 1308 1924; x_wconf 88' lang='lat' dir='ltr'><strong>quod</strong></span> <span class='ocrx_word' id='word_1_42' title='bbox 1327 1860 1388 1928; x_wconf 92' lang='lat' dir='ltr'><strong>post</strong></span> <span class='ocrx_word' id='word_1_43' title='bbox 1406 1847 1569 1906; x_wconf 89' lang='lat' dir='ltr'><strong>diuturnum</strong></span> <span class='ocrx_word' id='word_1_44' title='bbox 1588 1845 1729 1919; x_wconf 85' lang='lat' dir='ltr'><strong>morbum,</strong></span> <span class='ocrx_word' id='word_1_45' title='bbox 1743 1842 1780 1904; x_wconf 85' lang='lat' dir='ltr'><strong>sni</strong></span> 
     </span>
     <span class='ocr_line' id='line_1_8' title="bbox 246 1932 1781 2021; baseline 0.002 -28"><span class='ocrx_word' id='word_1_46' title='bbox 246 1949 380 1994; x_wconf 90' lang='lat' dir='ltr'><strong>amantem</strong></span> <span class='ocrx_word' id='word_1_47' title='bbox 395 1949 504 2009; x_wconf 77' lang='lat' dir='ltr'><strong>coetum,</strong></span> <span class='ocrx_word' id='word_1_48' title='bbox 516 1951 543 1997; x_wconf 93' lang='lat' dir='ltr'><strong>et</strong></span> <span class='ocrx_word' id='word_1_49' title='bbox 554 1937 603 1995; x_wconf 88' lang='lat' dir='ltr'><strong>abs</strong></span> <span class='ocrx_word' id='word_1_50' title='bbox 614 1957 641 1996; x_wconf 90' lang='lat' dir='ltr'><strong>sc</strong></span> <span class='ocrx_word' id='word_1_51' title='bbox 650 1937 709 2018; x_wconf 86' lang='lat' dir='ltr'><strong>pari</strong></span> <span class='ocrx_word' id='word_1_52' title='bbox 723 1936 806 1996; x_wconf 86' lang='lat' dir='ltr'><strong>animi</strong></span> <span class='ocrx_word' id='word_1_53' title='bbox 815 1937 914 1996; x_wconf 79' lang='lat' dir='ltr'><strong>affectu</strong></span> <span class='ocrx_word' id='word_1_54' title='bbox 929 1936 1109 2016; x_wconf 83' lang='lat' dir='ltr'><strong>redamatum,</strong></span> <span class='ocrx_word' id='word_1_55' title='bbox 1120 1940 1172 2000; x_wconf 93' lang='lat' dir='ltr'><strong>sibi</strong></span> <span class='ocrx_word' id='word_1_56' title='bbox 1187 1940 1264 2018; x_wconf 92' lang='lat' dir='ltr'><strong>quasi</strong></span> <span class='ocrx_word' id='word_1_57' title='bbox 1272 1960 1307 2000; x_wconf 81' lang='lat' dir='ltr'><strong>ex</strong></span> <span class='ocrx_word' id='word_1_58' title='bbox 1319 1939 1465 2020; x_wconf 85' lang='lat' dir='ltr'><strong>longinqua</strong></span> <span class='ocrx_word' id='word_1_59' title='bbox 1474 1937 1691 2021; x_wconf 79' lang='lat' dir='ltr'><strong>peregrinatione</strong></span> <span class='ocrx_word' id='word_1_60' title='bbox 1698 1932 1781 1996; x_wconf 74' lang='lat' dir='ltr'><strong>mdnd</strong></span> 
     </span>
     <span class='ocr_line' id='line_1_9' title="bbox 247 2024 1781 2111; baseline 0.001 -26"><span class='ocrx_word' id='word_1_61' title='bbox 247 2026 346 2086; x_wconf 88' lang='lat' dir='ltr'><strong>iterum</strong></span> <span class='ocrx_word' id='word_1_62' title='bbox 359 2028 502 2087; x_wconf 86' lang='lat' dir='ltr'><strong>convenire</strong></span> <span class='ocrx_word' id='word_1_63' title='bbox 515 2043 542 2088; x_wconf 94' lang='lat' dir='ltr'><strong>et</strong></span> <span class='ocrx_word' id='word_1_64' title='bbox 559 2028 661 2108; x_wconf 84' lang='lat' dir='ltr'><strong>alloqui</strong></span> <span class='ocrx_word' id='word_1_65' title='bbox 674 2028 763 2088; x_wconf 90' lang='lat' dir='ltr'><strong>liceat.</strong></span> <span class='ocrx_word' id='word_1_66' title='bbox 783 2028 852 2088; x_wconf 90' lang='lat' dir='ltr'><strong>Inde</strong></span> <span class='ocrx_word' id='word_1_67' title='bbox 862 2049 927 2089; x_wconf 81' lang='lat' dir='ltr'><strong>uero</strong></span> <span class='ocrx_word' id='word_1_68' title='bbox 942 2044 1061 2110; x_wconf 91' lang='lat' dir='ltr'><strong>arguunt</strong></span> <span class='ocrx_word' id='word_1_69' title='bbox 1072 2032 1125 2092; x_wconf 84' lang='lat' dir='ltr'><strong>viri</strong></span> <span class='ocrx_word' id='word_1_70' title='bbox 1138 2029 1250 2110; x_wconf 86' lang='lat' dir='ltr'><strong>quidam</strong></span> <span class='ocrx_word' id='word_1_71' title='bbox 1269 2029 1353 2107; x_wconf 91' lang='lat' dir='ltr'><strong>docti,</strong></span> <span class='ocrx_word' id='word_1_72' title='bbox 1374 2052 1437 2091; x_wconf 85' lang='lat' dir='ltr'><strong>curn</strong></span> <span class='ocrx_word' id='word_1_73' title='bbox 1451 2030 1497 2090; x_wconf 92' lang='lat' dir='ltr'><strong>illa</strong></span> <span class='ocrx_word' id='word_1_74' title='bbox 1526 2029 1603 2111; x_wconf 89' lang='lat' dir='ltr'><strong>prior</strong></span> <span class='ocrx_word' id='word_1_75' title='bbox 1617 2024 1781 2089; x_wconf 78' lang='lat' dir='ltr'><strong>Homrlia&#39;tle</strong></span> 
     </span>
     <span class='ocr_line' id='line_1_10' title="bbox 247 2118 1781 2202; baseline 0 -24"><span class='ocrx_word' id='word_1_76' title='bbox 247 2118 340 2178; x_wconf 87' lang='lat' dir='ltr'><strong>decem</strong></span> <span class='ocrx_word' id='word_1_77' title='bbox 351 2119 468 2178; x_wconf 93' lang='lat' dir='ltr'><strong>millium</strong></span> <span class='ocrx_word' id='word_1_78' title='bbox 480 2122 643 2180; x_wconf 88' lang='lat' dir='ltr'><strong>talentorum</strong></span> <span class='ocrx_word' id='word_1_79' title='bbox 654 2119 777 2181; x_wconf 80' lang='lat' dir='ltr'><strong>debitore</strong></span> <span class='ocrx_word' id='word_1_80' title='bbox 786 2120 935 2180; x_wconf 72' lang='lat' dir='ltr'><strong>Antiochia</strong></span> <span class='ocrx_word' id='word_1_81' title='bbox 949 2120 1130 2202; x_wconf 84' lang='lat' dir='ltr'><strong>proculdubio</strong></span> <span class='ocrx_word' id='word_1_82' title='bbox 1142 2120 1237 2181; x_wconf 88' lang='lat' dir='ltr'><strong>habita</strong></span> <span class='ocrx_word' id='word_1_83' title='bbox 1256 2122 1337 2182; x_wconf 86' lang='lat' dir='ltr'><strong>fuerit</strong></span> <span class='ocrx_word' id='word_1_84' title='bbox 1350 2143 1420 2182; x_wconf 90' lang='lat' dir='ltr'><strong>anno</strong></span> <span class='ocrx_word' id='word_1_85' title='bbox 1433 2123 1503 2196; x_wconf 73' lang='lat'><strong>587,</strong></span> <span class='ocrx_word' id='word_1_86' title='bbox 1520 2120 1592 2181; x_wconf 91' lang='lat' dir='ltr'><strong>hanc</strong></span> <span class='ocrx_word' id='word_1_87' title='bbox 1606 2118 1781 2182; x_wconf 70' lang='lat' dir='ltr'><strong>verisimiliter</strong></span> 
     </span>
     <span class='ocr_line' id='line_1_11' title="bbox 248 2203 1779 2293; baseline 0.001 -23"><span class='ocrx_word' id='word_1_88' title='bbox 248 2203 480 2292; x_wconf 77' lang='lat' dir='ltr'><strong>Constantinopoli</strong></span> <span class='ocrx_word' id='word_1_89' title='bbox 494 2212 595 2272; x_wconf 89' lang='lat' dir='ltr'><strong>dictam</strong></span> <span class='ocrx_word' id='word_1_90' title='bbox 608 2212 700 2274; x_wconf 84' lang='lat' dir='ltr'><strong>fuisse.</strong></span> <span class='ocrx_word' id='word_1_91' title='bbox 716 2215 775 2272; x_wconf 87' lang='lat' dir='ltr'><strong>Non</strong></span> <span class='ocrx_word' id='word_1_92' title='bbox 785 2212 869 2286; x_wconf 89' lang='lat' dir='ltr'><strong>enim,</strong></span> <span class='ocrx_word' id='word_1_93' title='bbox 884 2213 1021 2291; x_wconf 92' lang='lat' dir='ltr'><strong>inquiunt,</strong></span> <span class='ocrx_word' id='word_1_94' title='bbox 1043 2213 1138 2273; x_wconf 90' lang='lat' dir='ltr'><strong>eodem</strong></span> <span class='ocrx_word' id='word_1_95' title='bbox 1151 2214 1262 2276; x_wconf 87' lang='lat' dir='ltr'><strong>exordio</strong></span> <span class='ocrx_word' id='word_1_96' title='bbox 1274 2237 1339 2274; x_wconf 91' lang='lat' dir='ltr'><strong>usus</strong></span> <span class='ocrx_word' id='word_1_97' title='bbox 1354 2229 1423 2275; x_wconf 88' lang='lat' dir='ltr'><strong>esset</strong></span> <span class='ocrx_word' id='word_1_98' title='bbox 1436 2215 1464 2273; x_wconf 93' lang='lat' dir='ltr'><strong>in</strong></span> <span class='ocrx_word' id='word_1_99' title='bbox 1479 2235 1531 2274; x_wconf 89' lang='lat' dir='ltr'><strong>una</strong></span> <span class='ocrx_word' id='word_1_100' title='bbox 1546 2213 1695 2293; x_wconf 87' lang='lat' dir='ltr'><strong>eademqne</strong></span> <span class='ocrx_word' id='word_1_101' title='bbox 1705 2209 1779 2285; x_wconf 68' lang='lat' dir='ltr'><strong>utbct</strong></span> 
     </span>
     <span class='ocr_line' id='line_1_12' title="bbox 248 2302 1781 2386; baseline 0 -25"><span class='ocrx_word' id='word_1_102' title='bbox 248 2302 296 2362; x_wconf 90' lang='lat' dir='ltr'><strong>sed</strong></span> <span class='ocrx_word' id='word_1_103' title='bbox 309 2323 371 2361; x_wconf 92' lang='lat' dir='ltr'><strong>cum</strong></span> <span class='ocrx_word' id='word_1_104' title='bbox 386 2303 536 2363; x_wconf 76' lang='lat' dir='ltr'><strong>Antiochia</strong></span> <span class='ocrx_word' id='word_1_105' title='bbox 549 2303 709 2384; x_wconf 72' lang='lat' dir='ltr'><strong>egritudine</strong></span> <span class='ocrx_word' id='word_1_106' title='bbox 721 2303 838 2381; x_wconf 84' lang='lat' dir='ltr'><strong>levatus,</strong></span> <span class='ocrx_word' id='word_1_107' title='bbox 854 2304 906 2363; x_wconf 90' lang='lat' dir='ltr'><strong>hoc</strong></span> <span class='ocrx_word' id='word_1_108' title='bbox 918 2325 1030 2364; x_wconf 85' lang='lat' dir='ltr'><strong>exorsus</strong></span> <span class='ocrx_word' id='word_1_109' title='bbox 1041 2320 1109 2365; x_wconf 90' lang='lat' dir='ltr'><strong>esset</strong></span> <span class='ocrx_word' id='word_1_110' title='bbox 1122 2304 1214 2380; x_wconf 88' lang='lat' dir='ltr'><strong>modo,</strong></span> <span class='ocrx_word' id='word_1_111' title='bbox 1225 2321 1317 2386; x_wconf 90' lang='lat' dir='ltr'><strong>postea</strong></span> <span class='ocrx_word' id='word_1_112' title='bbox 1332 2327 1441 2386; x_wconf 89' lang='lat' dir='ltr'><strong>quoquc</strong></span> <span class='ocrx_word' id='word_1_113' title='bbox 1459 2303 1708 2386; x_wconf 81' lang='lat' dir='ltr'><strong>Constantinopoli,</strong></span> <span class='ocrx_word' id='word_1_114' title='bbox 1728 2314 1781 2384; x_wconf 66' lang='lat' dir='ltr'><strong>pon</strong></span> 
     </span>
     <span class='ocr_line' id='line_1_13' title="bbox 248 2395 1780 2479; baseline 0.001 -26"><span class='ocrx_word' id='word_1_115' title='bbox 248 2409 423 2455; x_wconf 84' lang='lat' dir='ltr'><strong>restauratam</strong></span> <span class='ocrx_word' id='word_1_116' title='bbox 436 2396 534 2456; x_wconf 89' lang='lat' dir='ltr'><strong>iterum</strong></span> <span class='ocrx_word' id='word_1_117' title='bbox 541 2396 736 2472; x_wconf 85' lang='lat' dir='ltr'><strong>valetudinem,</strong></span> <span class='ocrx_word' id='word_1_118' title='bbox 747 2395 819 2456; x_wconf 88' lang='lat' dir='ltr'><strong>idem</strong></span> <span class='ocrx_word' id='word_1_119' title='bbox 828 2397 992 2479; x_wconf 72' lang='lat' dir='ltr'><strong>prooemium</strong></span> <span class='ocrx_word' id='word_1_120' title='bbox 1001 2398 1075 2479; x_wconf 88' lang='lat' dir='ltr'><strong>apud</strong></span> <span class='ocrx_word' id='word_1_121' title='bbox 1082 2397 1228 2474; x_wconf 83' lang='lat' dir='ltr'><strong>auditores,</strong></span> <span class='ocrx_word' id='word_1_122' title='bbox 1238 2419 1354 2477; x_wconf 79' lang='lat' dir='ltr'><strong>qtrorum</strong></span> <span class='ocrx_word' id='word_1_123' title='bbox 1365 2398 1457 2457; x_wconf 90' lang='lat' dir='ltr'><strong>nullus</strong></span> <span class='ocrx_word' id='word_1_124' title='bbox 1467 2397 1506 2456; x_wconf 88' lang='lat' dir='ltr'><strong>sic</strong></span> <span class='ocrx_word' id='word_1_125' title='bbox 1517 2417 1650 2476; x_wconf 82' lang='lat' dir='ltr'><strong>umquam</strong></span> <span class='ocrx_word' id='word_1_126' title='bbox 1662 2413 1780 2456; x_wconf 79' lang='lat' dir='ltr'><strong>exorsum</strong></span> 
     </span>
     <span class='ocr_line' id='line_1_14' title="bbox 247 2487 1780 2572; baseline 0.001 -26"><span class='ocrx_word' id='word_1_127' title='bbox 247 2487 378 2564; x_wconf 89' lang='lat' dir='ltr'><strong>audierat,</strong></span> <span class='ocrx_word' id='word_1_128' title='bbox 388 2489 568 2571; x_wconf 85' lang='lat' dir='ltr'><strong>usurpaverit.</strong></span> <span class='ocrx_word' id='word_1_129' title='bbox 577 2489 610 2549; x_wconf 92' lang='lat' dir='ltr'><strong>ld</strong></span> <span class='ocrx_word' id='word_1_130' title='bbox 624 2512 676 2551; x_wconf 91' lang='lat' dir='ltr'><strong>non</strong></span> <span class='ocrx_word' id='word_1_131' title='bbox 687 2511 797 2572; x_wconf 88' lang='lat' dir='ltr'><strong>prorsus</strong></span> <span class='ocrx_word' id='word_1_132' title='bbox 806 2489 929 2550; x_wconf 87' lang='lat' dir='ltr'><strong>absimile</strong></span> <span class='ocrx_word' id='word_1_133' title='bbox 939 2512 1003 2552; x_wconf 82' lang='lat' dir='ltr'><strong>vero</strong></span> <span class='ocrx_word' id='word_1_134' title='bbox 1015 2489 1122 2551; x_wconf 82' lang='lat' dir='ltr'><strong>videtur</strong></span> <span class='ocrx_word' id='word_1_135' title='bbox 1130 2513 1139 2568; x_wconf 82' lang='lat'>3</span> <span class='ocrx_word' id='word_1_136' title='bbox 1148 2489 1265 2549; x_wconf 88' lang='lat' dir='ltr'><strong>sedcum</strong></span> <span class='ocrx_word' id='word_1_137' title='bbox 1277 2489 1488 2571; x_wconf 71' lang='lat' dir='ltr'><strong>chrysostomus</strong></span> <span class='ocrx_word' id='word_1_138' title='bbox 1503 2487 1654 2548; x_wconf 75' lang='lat' dir='ltr'><strong>Antiochia·</strong></span> <span class='ocrx_word' id='word_1_139' title='bbox 1666 2488 1780 2565; x_wconf 70' lang='lat' dir='ltr'><strong>frequen</strong></span> 
     </span>
     <span class='ocr_line' id='line_1_15' title="bbox 248 2575 1780 2663; baseline -0.001 -25"><span class='ocrx_word' id='word_1_140' title='bbox 248 2592 289 2638; x_wconf 89' lang='lat' dir='ltr'><strong>ter</strong></span> <span class='ocrx_word' id='word_1_141' title='bbox 306 2578 421 2639; x_wconf 82' lang='lat' dir='ltr'><strong>adversa</strong></span> <span class='ocrx_word' id='word_1_142' title='bbox 432 2579 590 2640; x_wconf 80' lang='lat' dir='ltr'><strong>ualetudine</strong></span> <span class='ocrx_word' id='word_1_143' title='bbox 602 2581 774 2656; x_wconf 86' lang='lat' dir='ltr'><strong>laboraverit,</strong></span> <span class='ocrx_word' id='word_1_144' title='bbox 785 2595 817 2640; x_wconf 90' lang='lat' dir='ltr'><strong>nt</strong></span> <span class='ocrx_word' id='word_1_145' title='bbox 836 2603 871 2641; x_wconf 86' lang='lat' dir='ltr'><strong>ex</strong></span> <span class='ocrx_word' id='word_1_146' title='bbox 891 2581 985 2642; x_wconf 90' lang='lat' dir='ltr'><strong>multis</strong></span> <span class='ocrx_word' id='word_1_147' title='bbox 1008 2582 1066 2663; x_wconf 83' lang='lat' dir='ltr'><strong>ejus</strong></span> <span class='ocrx_word' id='word_1_148' title='bbox 1088 2580 1208 2641; x_wconf 89' lang='lat' dir='ltr'><strong>homiliis</strong></span> <span class='ocrx_word' id='word_1_149' title='bbox 1230 2580 1365 2660; x_wconf 77' lang='lat' dir='ltr'><strong>arguitur,</strong></span> <span class='ocrx_word' id='word_1_150' title='bbox 1380 2594 1406 2639; x_wconf 93' lang='lat' dir='ltr'><strong>et</strong></span> <span class='ocrx_word' id='word_1_151' title='bbox 1420 2579 1540 2660; x_wconf 86' lang='lat' dir='ltr'><strong>alioquin</strong></span> <span class='ocrx_word' id='word_1_152' title='bbox 1560 2576 1656 2638; x_wconf 79' lang='lat' dir='ltr'><strong>eadem</strong></span> <span class='ocrx_word' id='word_1_153' title='bbox 1669 2578 1699 2637; x_wconf 89' lang='lat' dir='ltr'><strong>in</strong></span> <span class='ocrx_word' id='word_1_154' title='bbox 1719 2575 1780 2636; x_wconf 78' lang='lat' dir='ltr'><strong>urbe</strong></span> 
     </span>
     <span class='ocr_line' id='line_1_16' title="bbox 247 2669 1780 2754; baseline -0.001 -25"><span class='ocrx_word' id='word_1_155' title='bbox 247 2670 396 2730; x_wconf 79' lang='lat' dir='ltr'><strong>Antiochiae</strong></span> <span class='ocrx_word' id='word_1_156' title='bbox 413 2692 465 2731; x_wconf 93' lang='lat' dir='ltr'><strong>non</strong></span> <span class='ocrx_word' id='word_1_157' title='bbox 480 2671 561 2732; x_wconf 90' lang='lat' dir='ltr'><strong>modo</strong></span> <span class='ocrx_word' id='word_1_158' title='bbox 575 2673 715 2754; x_wconf 73' lang='lat' dir='ltr'><strong>prooemia,</strong></span> <span class='ocrx_word' id='word_1_159' title='bbox 729 2672 867 2733; x_wconf 86' lang='lat' dir='ltr'><strong>sedetiam</strong></span> <span class='ocrx_word' id='word_1_160' title='bbox 880 2673 1020 2735; x_wconf 86' lang='lat' dir='ltr'><strong>conciones</strong></span> <span class='ocrx_word' id='word_1_161' title='bbox 1035 2674 1162 2753; x_wconf 85' lang='lat' dir='ltr'><strong>integras,</strong></span> <span class='ocrx_word' id='word_1_162' title='bbox 1178 2685 1343 2748; x_wconf 87' lang='lat' dir='ltr'><strong>retractatas,</strong></span> <span class='ocrx_word' id='word_1_163' title='bbox 1359 2685 1385 2731; x_wconf 86' lang='lat' dir='ltr'><strong>et</strong></span> <span class='ocrx_word' id='word_1_164' title='bbox 1398 2691 1545 2753; x_wconf 86' lang='lat' dir='ltr'><strong>parumper</strong></span> <span class='ocrx_word' id='word_1_165' title='bbox 1557 2683 1696 2746; x_wconf 87' lang='lat' dir='ltr'><strong>mutatas,</strong></span> <span class='ocrx_word' id='word_1_166' title='bbox 1708 2669 1780 2729; x_wconf 84' lang='lat' dir='ltr'><strong>inter·</strong></span> 
     </span>
     <span class='ocr_line' id='line_1_17' title="bbox 247 2759 1778 2846; baseline -0.001 -25"><span class='ocrx_word' id='word_1_167' title='bbox 247 2775 371 2822; x_wconf 87' lang='lat' dir='ltr'><strong>currente</strong></span> <span class='ocrx_word' id='word_1_168' title='bbox 382 2761 501 2841; x_wconf 90' lang='lat' dir='ltr'><strong>quodam</strong></span> <span class='ocrx_word' id='word_1_169' title='bbox 514 2784 646 2823; x_wconf 89' lang='lat' dir='ltr'><strong>annorum</strong></span> <span class='ocrx_word' id='word_1_170' title='bbox 657 2764 753 2845; x_wconf 89' lang='lat' dir='ltr'><strong>spatio,</strong></span> <span class='ocrx_word' id='word_1_171' title='bbox 765 2779 881 2846; x_wconf 88' lang='lat' dir='ltr'><strong>repetere</strong></span> <span class='ocrx_word' id='word_1_172' title='bbox 901 2765 997 2825; x_wconf 89' lang='lat' dir='ltr'><strong>solitus</strong></span> <span class='ocrx_word' id='word_1_173' title='bbox 1015 2765 1061 2844; x_wconf 91' lang='lat' dir='ltr'><strong>sit,</strong></span> <span class='ocrx_word' id='word_1_174' title='bbox 1074 2778 1104 2823; x_wconf 91' lang='lat' dir='ltr'><strong>nt</strong></span> <span class='ocrx_word' id='word_1_175' title='bbox 1114 2765 1173 2845; x_wconf 86' lang='lat' dir='ltr'><strong>jam</strong></span> <span class='ocrx_word' id='word_1_176' title='bbox 1186 2784 1255 2845; x_wconf 83' lang='lat' dir='ltr'><strong>saepe</strong></span> <span class='ocrx_word' id='word_1_177' title='bbox 1269 2762 1390 2823; x_wconf 88' lang='lat' dir='ltr'><strong>vidimus</strong></span> <span class='ocrx_word' id='word_1_178' title='bbox 1403 2786 1410 2819; x_wconf 83' lang='grc' dir='ltr'>ι</span> <span class='ocrx_word' id='word_1_179' title='bbox 1423 2761 1492 2822; x_wconf 93' lang='lat' dir='ltr'><strong>nihil</strong></span> <span class='ocrx_word' id='word_1_180' title='bbox 1505 2761 1592 2821; x_wconf 86' lang='lat' dir='ltr'><strong>officit</strong></span> <span class='ocrx_word' id='word_1_181' title='bbox 1611 2781 1667 2840; x_wconf 89' lang='lat' dir='ltr'><strong>quo</strong></span> <span class='ocrx_word' id='word_1_182' title='bbox 1680 2759 1778 2835; x_wconf 81' lang='lat' dir='ltr'><strong>mium,</strong></span> 
     </span>
     <span class='ocr_line' id='line_1_18' title="bbox 247 2853 1779 2944; baseline -0.001 -32"><span class='ocrx_word' id='word_1_183' title='bbox 247 2853 322 2944; x_wconf 84' lang='lat' dir='ltr'><strong>qnod</strong></span> <span class='ocrx_word' id='word_1_184' title='bbox 330 2875 400 2913; x_wconf 92' lang='lat' dir='ltr'><strong>anno</strong></span> <span class='ocrx_word' id='word_1_185' title='bbox 408 2854 792 2936; x_wconf 76' lang='lat' dir='ltr'><strong>587Antiochiaeprooemium</strong></span> <span class='ocrx_word' id='word_1_186' title='bbox 800 2856 917 2933; x_wconf 84' lang='lat' dir='ltr'><strong>dixerat,</strong></span> <span class='ocrx_word' id='word_1_187' title='bbox 930 2856 1033 2937; x_wconf 88' lang='lat' dir='ltr'><strong>aliquot</strong></span> <span class='ocrx_word' id='word_1_188' title='bbox 1041 2855 1240 2937; x_wconf 83' lang='lat' dir='ltr'><strong>posteaelapsis</strong></span> <span class='ocrx_word' id='word_1_189' title='bbox 1257 2855 1344 2930; x_wconf 89' lang='lat' dir='ltr'><strong>annis,</strong></span> <span class='ocrx_word' id='word_1_190' title='bbox 1355 2855 1450 2915; x_wconf 90' lang='lat' dir='ltr'><strong>morbo</strong></span> <span class='ocrx_word' id='word_1_191' title='bbox 1456 2854 1632 2933; x_wconf 88' lang='lat' dir='ltr'><strong>aliquo(nam</strong></span> <span class='ocrx_word' id='word_1_192' title='bbox 1639 2854 1779 2931; x_wconf 79' lang='lat' dir='ltr'><strong>frequenter</strong></span> 
     </span>
     <span class='ocr_line' id='line_1_19' title="bbox 246 2943 1780 3030; baseline 0.001 -27"><span class='ocrx_word' id='word_1_193' title='bbox 246 2944 406 3023; x_wconf 77' lang='lat' dir='ltr'><strong>egrotabat)</strong></span> <span class='ocrx_word' id='word_1_194' title='bbox 417 2946 532 3022; x_wconf 88' lang='lat' dir='ltr'><strong>levatus,</strong></span> <span class='ocrx_word' id='word_1_195' title='bbox 545 2946 616 3005; x_wconf 87' lang='lat' dir='ltr'><strong>idem</strong></span> <span class='ocrx_word' id='word_1_196' title='bbox 625 2946 715 3027; x_wconf 90' lang='lat' dir='ltr'><strong>ipsum</strong></span> <span class='ocrx_word' id='word_1_197' title='bbox 726 2947 851 3006; x_wconf 88' lang='lat' dir='ltr'><strong>eademin</strong></span> <span class='ocrx_word' id='word_1_198' title='bbox 861 2949 929 3007; x_wconf 89' lang='lat' dir='ltr'><strong>urbe</strong></span> <span class='ocrx_word' id='word_1_199' title='bbox 937 2961 1078 3030; x_wconf 86' lang='lat' dir='ltr'><strong>repeteret.</strong></span> <span class='ocrx_word' id='word_1_200' title='bbox 1090 2947 1183 3007; x_wconf 88' lang='lat' dir='ltr'><strong>Potuit</strong></span> <span class='ocrx_word' id='word_1_201' title='bbox 1192 2947 1276 3026; x_wconf 90' lang='lat' dir='ltr'><strong>igitur</strong></span> <span class='ocrx_word' id='word_1_202' title='bbox 1289 2946 1448 3024; x_wconf 80' lang='lat' dir='ltr'><strong>Antiochiae,</strong></span> <span class='ocrx_word' id='word_1_203' title='bbox 1463 2945 1552 3027; x_wconf 89' lang='lat' dir='ltr'><strong>potuit</strong></span> <span class='ocrx_word' id='word_1_204' title='bbox 1562 2958 1589 3005; x_wconf 89' lang='lat' dir='ltr'><strong>et</strong></span> <span class='ocrx_word' id='word_1_205' title='bbox 1599 2943 1780 3005; x_wconf 79' lang='lat' dir='ltr'><strong>Constantinu-</strong></span> 
     </span>
     <span class='ocr_line' id='line_1_20' title="bbox 247 3035 1521 3119; baseline 0.003 -26"><span class='ocrx_word' id='word_1_206' title='bbox 247 3035 305 3115; x_wconf 87' lang='lat' dir='ltr'><strong>poli</strong></span> <span class='ocrx_word' id='word_1_207' title='bbox 317 3035 387 3094; x_wconf 89' lang='lat' dir='ltr'><strong>hanc</strong></span> <span class='ocrx_word' id='word_1_208' title='bbox 398 3035 540 3095; x_wconf 89' lang='lat' dir='ltr'><strong>homiliam</strong></span> <span class='ocrx_word' id='word_1_209' title='bbox 553 3036 700 3096; x_wconf 74' lang='lat' dir='ltr'><strong>haberezin</strong></span> <span class='ocrx_word' id='word_1_210' title='bbox 711 3050 771 3096; x_wconf 90' lang='lat' dir='ltr'><strong>utra</strong></span> <span class='ocrx_word' id='word_1_211' title='bbox 782 3051 871 3098; x_wconf 89' lang='lat' dir='ltr'><strong>autem</strong></span> <span class='ocrx_word' id='word_1_212' title='bbox 887 3040 954 3100; x_wconf 90' lang='lat' dir='ltr'><strong>urbe</strong></span> <span class='ocrx_word' id='word_1_213' title='bbox 968 3039 1105 3119; x_wconf 84' lang='lat' dir='ltr'><strong>habuerit,</strong></span> <span class='ocrx_word' id='word_1_214' title='bbox 1119 3060 1173 3100; x_wconf 94' lang='lat' dir='ltr'><strong>non</strong></span> <span class='ocrx_word' id='word_1_215' title='bbox 1186 3039 1224 3099; x_wconf 94' lang='lat' dir='ltr'><strong>ita</strong></span> <span class='ocrx_word' id='word_1_216' title='bbox 1237 3039 1317 3100; x_wconf 82' lang='lat' dir='ltr'><strong>facile</strong></span> <span class='ocrx_word' id='word_1_217' title='bbox 1330 3053 1369 3099; x_wconf 88' lang='lat' dir='ltr'><strong>est</strong></span> <span class='ocrx_word' id='word_1_218' title='bbox 1381 3039 1521 3119; x_wconf 88' lang='lat' dir='ltr'><strong>augurari.</strong></span> 
     </span>
    </p>

    <p class='ocr_par' dir='ltr' id='par_1_7' title="bbox 287 3127 910 3208">
     <span class='ocr_line' id='line_1_21' title="bbox 287 3127 910 3208; baseline 0.008 -24"><span class='ocrx_word' id='word_1_219' title='bbox 287 3127 474 3208; x_wconf 84' lang='lat' dir='ltr'><strong>interpretatio</strong></span> <span class='ocrx_word' id='word_1_220' title='bbox 490 3127 587 3187; x_wconf 90' lang='lat' dir='ltr'><strong>Latina</strong></span> <span class='ocrx_word' id='word_1_221' title='bbox 598 3142 637 3188; x_wconf 87' lang='lat' dir='ltr'><strong>est</strong></span> <span class='ocrx_word' id='word_1_222' title='bbox 652 3129 795 3190; x_wconf 88' lang='lat' dir='ltr'><strong>Frontonis</strong></span> <span class='ocrx_word' id='word_1_223' title='bbox 807 3130 910 3191; x_wconf 82' lang='lat' dir='ltr'><strong>Dueaei.</strong></span> 
     </span>
    </p>
   </div>
   <div class='ocr_carea' id='block_1_7' title="bbox 245 3347 1772 3380">
    <p class='ocr_par' dir='ltr' id='par_1_8' title="bbox 245 3347 1772 3380">
     <span class='ocr_line' id='line_1_22' title="bbox 245 3347 1772 3380; baseline 0.005 -7"><span class='ocrx_word' id='word_1_224' title='bbox 245 3347 1772 3380; x_wconf 41' lang='lat' dir='ltr'><strong>m*</strong></span> 
     </span>
    </p>
   </div>
   <div class='ocr_carea' id='block_1_8' title="bbox 98 3520 1773 3949">
    <p class='ocr_par' dir='ltr' id='par_1_9' title="bbox 98 3520 1772 3699">
     <span class='ocr_line' id='line_1_23' title="bbox 288 3520 1724 3621; baseline 0.006 -40"><span class='ocrx_word' id='word_1_225' title='bbox 288 3525 340 3583; x_wconf 86' lang='lat' dir='ltr'><strong>IN</strong></span> <span class='ocrx_word' id='word_1_226' title='bbox 354 3526 524 3587; x_wconf 85' lang='lat' dir='ltr'><em>DICTUM</em></span> <span class='ocrx_word' id='word_1_227' title='bbox 540 3527 669 3586; x_wconf 83' lang='lat' dir='ltr'><em>ILLUD</em></span> <span class='ocrx_word' id='word_1_228' title='bbox 690 3526 898 3586; x_wconf 81' lang='lat' dir='ltr'><em>APOSTOLI</em></span> <span class='ocrx_word' id='word_1_229' title='bbox 910 3569 919 3602; x_wconf 92' lang='lat'><strong>,</strong></span> <span class='ocrx_word' id='word_1_230' title='bbox 971 3520 1008 3621; x_wconf 51' lang='grc' dir='ltr'><strong>’ἲ</strong></span> <span class='ocrx_word' id='word_1_231' title='bbox 1077 3528 1162 3587; x_wconf 77' lang='grc' dir='ltr'><strong>ἘΙΣ</strong></span> <span class='ocrx_word' id='word_1_232' title='bbox 1194 3530 1273 3590; x_wconf 88' lang='grc' dir='ltr'><strong>ΤΗΝ</strong></span> <span class='ocrx_word' id='word_1_233' title='bbox 1305 3529 1581 3589; x_wconf 75' lang='grc' dir='ltr'><strong>ΑΠΟΣΤΟΛΙΚΗΝ</strong></span> <span class='ocrx_word' id='word_1_234' title='bbox 1612 3530 1724 3589; x_wconf 63' lang='lat' dir='ltr'><strong>rnatu</strong></span> 
     </span>
     <span class='ocr_line' id='line_1_24' title="bbox 98 3611 1772 3699; baseline 0.004 -27"><span class='ocrx_word' id='word_1_235' title='bbox 98 3629 237 3681; x_wconf 48' lang='lat' dir='ltr'><strong>nomena.</strong></span> <span class='ocrx_word' id='word_1_236' title='bbox 248 3611 355 3673; x_wconf 88' lang='lat' dir='ltr'><strong>Scimus</strong></span> <span class='ocrx_word' id='word_1_237' title='bbox 381 3627 472 3673; x_wconf 87' lang='lat' dir='ltr'><strong>autom</strong></span> <span class='ocrx_word' id='word_1_238' title='bbox 500 3613 630 3693; x_wconf 86' lang='lat' dir='ltr'><strong>quoniam</strong></span> <span class='ocrx_word' id='word_1_239' title='bbox 666 3613 843 3694; x_wconf 81' lang='lat' dir='ltr'><strong>diligentibus</strong></span> <span class='ocrx_word' id='word_1_240' title='bbox 874 3615 964 3672; x_wconf 89' lang='lat' dir='ltr'><strong>Deum</strong></span> <span class='ocrx_word' id='word_1_241' title='bbox 1016 3616 1076 3690; x_wconf 79' lang='grc' dir='ltr'><strong>Τὴν</strong></span> <span class='ocrx_word' id='word_1_242' title='bbox 1093 3617 1233 3698; x_wconf 76' lang='grc' dir='ltr'>λέγουσαν,</span> <span class='ocrx_word' id='word_1_243' title='bbox 1247 3623 1366 3698; x_wconf 78' lang='grc' dir='ltr'>Οἴδαμεν</span> <span class='ocrx_word' id='word_1_244' title='bbox 1386 3619 1428 3680; x_wconf 79' lang='grc' dir='ltr'><strong>ὅτι</strong></span> <span class='ocrx_word' id='word_1_245' title='bbox 1449 3627 1503 3687; x_wconf 90' lang='grc' dir='ltr'>τοῖς</span> <span class='ocrx_word' id='word_1_246' title='bbox 1521 3622 1647 3699; x_wconf 78' lang='grc' dir='ltr'>ἀγαπῶσι</span> <span class='ocrx_word' id='word_1_247' title='bbox 1660 3622 1704 3682; x_wconf 79' lang='grc' dir='ltr'><strong>τὸν</strong></span> <span class='ocrx_word' id='word_1_248' title='bbox 1717 3619 1772 3680; x_wconf 67' lang='grc' dir='ltr'>Θεία</span> 
     </span>
    </p>

    <p class='ocr_par' dir='ltr' id='par_1_10' title="bbox 286 3704 1773 3793">
     <span class='ocr_line' id='line_1_25' title="bbox 286 3704 1773 3793; baseline 0.003 -29"><span class='ocrx_word' id='word_1_249' title='bbox 286 3705 376 3765; x_wconf 91' lang='lat' dir='ltr'><strong>omnia</strong></span> <span class='ocrx_word' id='word_1_250' title='bbox 384 3720 560 3788; x_wconf 85' lang='lat' dir='ltr'><strong>cooperantur</strong></span> <span class='ocrx_word' id='word_1_251' title='bbox 568 3704 599 3764; x_wconf 92' lang='lat' dir='ltr'><strong>in</strong></span> <span class='ocrx_word' id='word_1_252' title='bbox 609 3705 721 3780; x_wconf 89' lang='lat' dir='ltr'><strong>honum,</strong></span> <span class='ocrx_word' id='word_1_253' title='bbox 730 3718 758 3765; x_wconf 89' lang='lat' dir='ltr'><strong>et</strong></span> <span class='ocrx_word' id='word_1_254' title='bbox 767 3707 804 3764; x_wconf 86' lang='lat' dir='ltr'><strong>de</strong></span> <span class='ocrx_word' id='word_1_255' title='bbox 808 3706 964 3787; x_wconf 82' lang='lat' dir='ltr'><strong>patientia,</strong></span> <span class='ocrx_word' id='word_1_256' title='bbox 1058 3708 1145 3768; x_wconf 79' lang='grc' dir='ltr'>πάντα</span> <span class='ocrx_word' id='word_1_257' title='bbox 1160 3721 1278 3793; x_wconf 78' lang='grc' dir='ltr'>συνεργεῖ</span> <span class='ocrx_word' id='word_1_258' title='bbox 1291 3715 1327 3779; x_wconf 87' lang='grc' dir='ltr'>είς</span> <span class='ocrx_word' id='word_1_259' title='bbox 1335 3712 1448 3791; x_wconf 75' lang='grc' dir='ltr'>ἀγαθὸν,</span> <span class='ocrx_word' id='word_1_260' title='bbox 1460 3710 1505 3769; x_wconf 86' lang='grc' dir='ltr'>κοιλ</span> <span class='ocrx_word' id='word_1_261' title='bbox 1517 3711 1579 3791; x_wconf 78' lang='grc' dir='ltr'>περὶ</span> <span class='ocrx_word' id='word_1_262' title='bbox 1590 3714 1729 3792; x_wconf 73' lang='grc' dir='ltr'>ὑπομονῆς,</span> <span class='ocrx_word' id='word_1_263' title='bbox 1737 3705 1773 3768; x_wconf 79' lang='grc' dir='ltr'>καί</span> 
     </span>
    </p>

    <p class='ocr_par' dir='ltr' id='par_1_11' title="bbox 289 3798 1463 3884">
     <span class='ocr_line' id='line_1_26' title="bbox 289 3798 1463 3884; baseline 0.004 -29"><span class='ocrx_word' id='word_1_264' title='bbox 289 3809 318 3855; x_wconf 88' lang='lat' dir='ltr'><strong>et</strong></span> <span class='ocrx_word' id='word_1_265' title='bbox 325 3812 468 3879; x_wconf 82' lang='lat' dir='ltr'><strong>quantum</strong></span> <span class='ocrx_word' id='word_1_266' title='bbox 477 3799 590 3858; x_wconf 83' lang='lat' dir='ltr'><strong>lucrum</strong></span> <span class='ocrx_word' id='word_1_267' title='bbox 599 3819 636 3856; x_wconf 79' lang='lat' dir='ltr'><strong>ex</strong></span> <span class='ocrx_word' id='word_1_268' title='bbox 643 3798 883 3858; x_wconf 79' lang='lat' dir='ltr'><strong>tribulationibus</strong></span> <span class='ocrx_word' id='word_1_269' title='bbox 890 3799 965 3856; x_wconf 76' lang='lat' dir='ltr'><strong>orin-</strong></span> <span class='ocrx_word' id='word_1_270' title='bbox 1057 3798 1118 3860; x_wconf 79' lang='grc' dir='ltr'>ὅσον</span> <span class='ocrx_word' id='word_1_271' title='bbox 1129 3805 1181 3860; x_wconf 86' lang='grc' dir='ltr'><strong>τῶν</strong></span> <span class='ocrx_word' id='word_1_272' title='bbox 1194 3801 1305 3882; x_wconf 75' lang='grc' dir='ltr'>θλίψεων</span> <span class='ocrx_word' id='word_1_273' title='bbox 1319 3802 1350 3862; x_wconf 80' lang='grc' dir='ltr'><strong>τὸ</strong></span> <span class='ocrx_word' id='word_1_274' title='bbox 1363 3801 1463 3884; x_wconf 80' lang='grc' dir='ltr'>κέρδος.</span> 
     </span>
    </p>

    <p class='ocr_par' dir='ltr' id='par_1_12' title="bbox 292 3903 348 3949">
     <span class='ocr_line' id='line_1_27' title="bbox 292 3903 348 3949; baseline -0.071 0"><span class='ocrx_word' id='word_1_275' title='bbox 292 3903 348 3949; x_wconf 82' lang='lat' dir='ltr'><strong>tur.</strong></span> 
     </span>
    </p>
   </div>
   <div class='ocr_carea' id='block_1_9' title="bbox 248 4051 1788 5253">
    <p class='ocr_par' dir='ltr' id='par_1_13' title="bbox 248 4051 1788 5253">
     <span class='ocr_line' id='line_1_28' title="bbox 290 4051 1776 4153; baseline 0.003 -24"><span class='ocrx_word' id='word_1_276' title='bbox 290 4075 317 4131; x_wconf 90' lang='grc' dir='ltr'><strong>ί.</strong></span> <span class='ocrx_word' id='word_1_277' title='bbox 329 4072 416 4147; x_wconf 87' lang='lat' dir='ltr'><strong>Quasi</strong></span> <span class='ocrx_word' id='word_1_278' title='bbox 430 4073 511 4153; x_wconf 91' lang='lat' dir='ltr'><strong>longo</strong></span> <span class='ocrx_word' id='word_1_279' title='bbox 523 4074 632 4133; x_wconf 84' lang='lat' dir='ltr'><strong>veniam</strong></span> <span class='ocrx_word' id='word_1_280' title='bbox 645 4074 681 4134; x_wconf 92' lang='lat' dir='ltr'><strong>ad</strong></span> <span class='ocrx_word' id='word_1_281' title='bbox 701 4095 751 4134; x_wconf 85' lang='lat' dir='ltr'><strong>vos</strong></span> <span class='ocrx_word' id='word_1_282' title='bbox 762 4074 915 4148; x_wconf 81' lang='lat' dir='ltr'><strong>intervallo,</strong></span> <span class='ocrx_word' id='word_1_283' title='bbox 927 4074 966 4134; x_wconf 90' lang='lat' dir='ltr'><strong>sic</strong></span> <span class='ocrx_word' id='word_1_284' title='bbox 1059 4065 1106 4133; x_wconf 75' lang='grc' dir='ltr'><strong>Ὦς</strong></span> <span class='ocrx_word' id='word_1_285' title='bbox 1120 4067 1163 4126; x_wconf 66' lang='grc' dir='ltr'><strong>διὰ</strong></span> <span class='ocrx_word' id='word_1_286' title='bbox 1179 4051 1281 4147; x_wconf 63' lang='grc' dir='ltr'>μίκροῧ</span> <span class='ocrx_word' id='word_1_287' title='bbox 1293 4070 1338 4124; x_wconf 73' lang='grc' dir='ltr'><strong>τοῦ</strong></span> <span class='ocrx_word' id='word_1_288' title='bbox 1349 4066 1445 4149; x_wconf 75' lang='grc' dir='ltr'>χρόνου</span> <span class='ocrx_word' id='word_1_289' title='bbox 1454 4066 1519 4147; x_wconf 68' lang='grc' dir='ltr'>πρὸς</span> <span class='ocrx_word' id='word_1_290' title='bbox 1528 4068 1600 4145; x_wconf 73' lang='grc' dir='ltr'>ὑμᾶς</span> <span class='ocrx_word' id='word_1_291' title='bbox 1611 4064 1776 4148; x_wconf 57' lang='lat' dir='ltr'><strong>romule-²</strong></span> 
     </span>
     <span class='ocr_line' id='line_1_29' title="bbox 252 4155 1778 4240; baseline 0.003 -20"><span class='ocrx_word' id='word_1_292' title='bbox 252 4162 383 4220; x_wconf 81' lang='lat' dir='ltr'><strong>affectum</strong></span> <span class='ocrx_word' id='word_1_293' title='bbox 407 4160 538 4221; x_wconf 86' lang='lat' dir='ltr'><strong>hodierno</strong></span> <span class='ocrx_word' id='word_1_294' title='bbox 564 4162 608 4221; x_wconf 85' lang='lat' dir='ltr'><strong>die</strong></span> <span class='ocrx_word' id='word_1_295' title='bbox 632 4183 675 4221; x_wconf 87' lang='lat' dir='ltr'><strong>me</strong></span> <span class='ocrx_word' id='word_1_296' title='bbox 687 4162 781 4221; x_wconf 86' lang='lat' dir='ltr'><strong>sentio.</strong></span> <span class='ocrx_word' id='word_1_297' title='bbox 791 4165 966 4240; x_wconf 86' lang='lat' dir='ltr'><strong>Quamquam</strong></span> <span class='ocrx_word' id='word_1_298' title='bbox 1019 4179 1070 4229; x_wconf 77' lang='grc' dir='ltr'><strong>νος,</strong></span> <span class='ocrx_word' id='word_1_299' title='bbox 1085 4155 1153 4216; x_wconf 72' lang='lat' dir='ltr'><strong>oleo</strong></span> <span class='ocrx_word' id='word_1_300' title='bbox 1162 4156 1298 4236; x_wconf 74' lang='grc' dir='ltr'>διάκειμαι</span> <span class='ocrx_word' id='word_1_301' title='bbox 1309 4158 1435 4240; x_wconf 76' lang='grc' dir='ltr'>σήμερον.</span> <span class='ocrx_word' id='word_1_302' title='bbox 1446 4159 1481 4217; x_wconf 82' lang='lat' dir='ltr'><strong>El</strong></span> <span class='ocrx_word' id='word_1_303' title='bbox 1490 4157 1543 4237; x_wconf 73' lang='grc' dir='ltr'><strong>γὰρ</strong></span> <span class='ocrx_word' id='word_1_304' title='bbox 1552 4157 1600 4217; x_wconf 76' lang='grc' dir='ltr'><strong>καί</strong></span> <span class='ocrx_word' id='word_1_305' title='bbox 1609 4157 1679 4219; x_wconf 73' lang='grc' dir='ltr'>οἴκοι</span> <span class='ocrx_word' id='word_1_306' title='bbox 1688 4163 1778 4237; x_wconf 64' lang='lat' dir='ltr'><strong>uoltu</strong></span> 
     </span>
     <span class='ocr_line' id='line_1_30' title="bbox 248 4245 1778 4334; baseline -0.005 -21"><span class='ocrx_word' id='word_1_307' title='bbox 248 4253 319 4313; x_wconf 91' lang='lat' dir='ltr'><strong>enim</strong></span> <span class='ocrx_word' id='word_1_308' title='bbox 329 4252 410 4312; x_wconf 90' lang='lat' dir='ltr'><strong>domo</strong></span> <span class='ocrx_word' id='word_1_309' title='bbox 420 4252 561 4312; x_wconf 86' lang='lat' dir='ltr'><strong>conclusus</strong></span> <span class='ocrx_word' id='word_1_310' title='bbox 574 4267 682 4333; x_wconf 88' lang='lat' dir='ltr'><strong>propter</strong></span> <span class='ocrx_word' id='word_1_311' title='bbox 691 4252 810 4334; x_wconf 90' lang='lat' dir='ltr'><strong>corporis</strong></span> <span class='ocrx_word' id='word_1_312' title='bbox 824 4253 967 4312; x_wconf 83' lang='lat' dir='ltr'><strong>infirmita·</strong></span> <span class='ocrx_word' id='word_1_313' title='bbox 1019 4247 1114 4327; x_wconf 82' lang='grc' dir='ltr'>γμένος</span> <span class='ocrx_word' id='word_1_314' title='bbox 1130 4246 1272 4328; x_wconf 68' lang='grc' dir='ltr'>ἐτύγχανον</span> <span class='ocrx_word' id='word_1_315' title='bbox 1288 4248 1333 4309; x_wconf 70' lang='lat' dir='ltr'><strong>duh</strong></span> <span class='ocrx_word' id='word_1_316' title='bbox 1347 4249 1395 4321; x_wconf 82' lang='grc' dir='ltr'><strong>τλν</strong></span> <span class='ocrx_word' id='word_1_317' title='bbox 1415 4254 1461 4308; x_wconf 83' lang='grc' dir='ltr'><strong>τοῦ</strong></span> <span class='ocrx_word' id='word_1_318' title='bbox 1483 4246 1606 4325; x_wconf 83' lang='grc' dir='ltr'>σώματος</span> <span class='ocrx_word' id='word_1_319' title='bbox 1625 4245 1778 4330; x_wconf 78' lang='grc' dir='ltr'>ἀρρωστίαι,</span> 
     </span>
     <span class='ocr_line' id='line_1_31' title="bbox 249 4336 1779 4426; baseline 0.001 -20"><span class='ocrx_word' id='word_1_320' title='bbox 249 4361 307 4408; x_wconf 92' lang='lat' dir='ltr'><strong>tem</strong></span> <span class='ocrx_word' id='word_1_321' title='bbox 338 4346 481 4406; x_wconf 84' lang='lat' dir='ltr'><strong>manebam</strong></span> <span class='ocrx_word' id='word_1_322' title='bbox 498 4369 505 4402; x_wconf 94' lang='lat'><strong>:</strong></span> <span class='ocrx_word' id='word_1_323' title='bbox 528 4359 615 4404; x_wconf 88' lang='lat' dir='ltr'><strong>tamen</strong></span> <span class='ocrx_word' id='word_1_324' title='bbox 629 4344 741 4426; x_wconf 86' lang='lat' dir='ltr'><strong>perinde</strong></span> <span class='ocrx_word' id='word_1_325' title='bbox 767 4345 844 4424; x_wconf 86' lang='lat' dir='ltr'><strong>quasi</strong></span> <span class='ocrx_word' id='word_1_326' title='bbox 866 4344 966 4404; x_wconf 85' lang='lat' dir='ltr'><strong>alicubi</strong></span> <span class='ocrx_word' id='word_1_327' title='bbox 1021 4338 1080 4398; x_wconf 68' lang='grc' dir='ltr'><strong>ἀλλ’</strong></span> <span class='ocrx_word' id='word_1_328' title='bbox 1095 4343 1130 4408; x_wconf 80' lang='grc' dir='ltr'><strong>ὡς</strong></span> <span class='ocrx_word' id='word_1_329' title='bbox 1145 4339 1250 4420; x_wconf 74' lang='grc' dir='ltr'>μακράν</span> <span class='ocrx_word' id='word_1_330' title='bbox 1262 4364 1312 4399; x_wconf 87' lang='grc' dir='ltr'><strong>που</strong></span> <span class='ocrx_word' id='word_1_331' title='bbox 1328 4340 1512 4420; x_wconf 78' lang='grc' dir='ltr'>ἀπῳκισμένος</span> <span class='ocrx_word' id='word_1_332' title='bbox 1524 4343 1572 4411; x_wconf 81' lang='grc' dir='ltr'><strong>τῆς</strong></span> <span class='ocrx_word' id='word_1_333' title='bbox 1586 4336 1779 4423; x_wconf 65' lang='grc' dir='ltr'>ὕμετὲραςῦτί·</span> 
     </span>
     <span class='ocr_line' id='line_1_32' title="bbox 249 4430 1780 4522; baseline 0.001 -25"><span class='ocrx_word' id='word_1_334' title='bbox 249 4439 345 4522; x_wconf 92' lang='lat' dir='ltr'><strong>procul</strong></span> <span class='ocrx_word' id='word_1_335' title='bbox 360 4460 376 4497; x_wconf 86' lang='lat' dir='ltr'><strong>a</strong></span> <span class='ocrx_word' id='word_1_336' title='bbox 390 4452 479 4499; x_wconf 82' lang='lat' dir='ltr'><strong>uestra</strong></span> <span class='ocrx_word' id='word_1_337' title='bbox 493 4437 603 4497; x_wconf 87' lang='lat' dir='ltr'><strong>caritate</strong></span> <span class='ocrx_word' id='word_1_338' title='bbox 627 4438 772 4496; x_wconf 87' lang='lat' dir='ltr'><strong>translatus</strong></span> <span class='ocrx_word' id='word_1_339' title='bbox 785 4435 918 4516; x_wconf 79' lang='lat' dir='ltr'><strong>degerem,</strong></span> <span class='ocrx_word' id='word_1_340' title='bbox 928 4436 967 4497; x_wconf 89' lang='lat' dir='ltr'><strong>sic</strong></span> <span class='ocrx_word' id='word_1_341' title='bbox 1020 4456 1072 4505; x_wconf 76' lang='lat' dir='ltr'><strong>rm&lt;</strong></span> <span class='ocrx_word' id='word_1_342' title='bbox 1081 4478 1089 4506; x_wconf 93' lang='lat'><strong>,</strong></span> <span class='ocrx_word' id='word_1_343' title='bbox 1108 4431 1177 4491; x_wconf 71' lang='grc' dir='ltr'>οὕτω</span> <span class='ocrx_word' id='word_1_344' title='bbox 1196 4431 1339 4510; x_wconf 79' lang='grc' dir='ltr'>διεκείμην.</span> <span class='ocrx_word' id='word_1_345' title='bbox 1354 4430 1388 4491; x_wconf 90' lang='lat'><strong>‘0</strong></span> <span class='ocrx_word' id='word_1_346' title='bbox 1403 4430 1454 4511; x_wconf 76' lang='grc' dir='ltr'>γὰρ</span> <span class='ocrx_word' id='word_1_347' title='bbox 1472 4433 1555 4511; x_wconf 75' lang='grc' dir='ltr'>φιλεῖν</span> <span class='ocrx_word' id='word_1_348' title='bbox 1573 4430 1650 4498; x_wconf 77' lang='grc' dir='ltr'>εἰδὼς</span> <span class='ocrx_word' id='word_1_349' title='bbox 1664 4430 1780 4512; x_wconf 58' lang='lat' dir='ltr'><strong>danitis,</strong></span> 
     </span>
     <span class='ocr_line' id='line_1_33' title="bbox 249 4521 1781 4609; baseline -0.005 -20"><span class='ocrx_word' id='word_1_350' title='bbox 249 4531 340 4591; x_wconf 86' lang='lat' dir='ltr'><strong>animo</strong></span> <span class='ocrx_word' id='word_1_351' title='bbox 350 4530 497 4590; x_wconf 85' lang='lat' dir='ltr'><strong>afficiebar.</strong></span> <span class='ocrx_word' id='word_1_352' title='bbox 510 4528 566 4602; x_wconf 89' lang='lat' dir='ltr'><strong>Qui</strong></span> <span class='ocrx_word' id='word_1_353' title='bbox 577 4528 648 4588; x_wconf 90' lang='lat' dir='ltr'><strong>enim</strong></span> <span class='ocrx_word' id='word_1_354' title='bbox 664 4528 768 4589; x_wconf 88' lang='lat' dir='ltr'><strong>sincere</strong></span> <span class='ocrx_word' id='word_1_355' title='bbox 781 4529 895 4609; x_wconf 87' lang='lat' dir='ltr'><strong>diligere</strong></span> <span class='ocrx_word' id='word_1_356' title='bbox 916 4549 965 4589; x_wconf 89' lang='lat' dir='ltr'><strong>no·</strong></span> <span class='ocrx_word' id='word_1_357' title='bbox 984 4539 1002 4587; x_wconf 83' lang='lat' dir='ltr'>B</span> <span class='ocrx_word' id='word_1_358' title='bbox 1021 4525 1083 4585; x_wconf 81' lang='grc' dir='ltr'>ὅταν</span> <span class='ocrx_word' id='word_1_359' title='bbox 1108 4523 1145 4603; x_wconf 78' lang='grc' dir='ltr'>μὴ</span> <span class='ocrx_word' id='word_1_360' title='bbox 1170 4523 1215 4602; x_wconf 80' lang='grc' dir='ltr'><strong>ἐξῇ</strong></span> <span class='ocrx_word' id='word_1_361' title='bbox 1235 4527 1273 4604; x_wconf 80' lang='grc' dir='ltr'><strong>τῷ</strong></span> <span class='ocrx_word' id='word_1_362' title='bbox 1296 4524 1444 4606; x_wconf 77' lang='grc' dir='ltr'>φιλουμένῳ</span> <span class='ocrx_word' id='word_1_363' title='bbox 1466 4523 1651 4604; x_wconf 80' lang='grc' dir='ltr'>συγγίνεσθαι,</span> <span class='ocrx_word' id='word_1_364' title='bbox 1673 4526 1721 4586; x_wconf 80' lang='grc' dir='ltr'><strong>κάν</strong></span> <span class='ocrx_word' id='word_1_365' title='bbox 1741 4521 1781 4596; x_wconf 69' lang='lat' dir='ltr'><strong>vlt</strong></span> 
     </span>
     <span class='ocr_line' id='line_1_34' title="bbox 249 4615 1781 4703; baseline -0.003 -21"><span class='ocrx_word' id='word_1_366' title='bbox 249 4623 301 4702; x_wconf 84' lang='lat' dir='ltr'><strong>vit,</strong></span> <span class='ocrx_word' id='word_1_367' title='bbox 318 4645 380 4682; x_wconf 84' lang='lat' dir='ltr'><strong>crum</strong></span> <span class='ocrx_word' id='word_1_368' title='bbox 392 4623 420 4683; x_wconf 91' lang='lat' dir='ltr'><strong>in</strong></span> <span class='ocrx_word' id='word_1_369' title='bbox 434 4643 606 4703; x_wconf 87' lang='lat' dir='ltr'><strong>congressum</strong></span> <span class='ocrx_word' id='word_1_370' title='bbox 627 4621 718 4681; x_wconf 85' lang='lat' dir='ltr'><strong>venire</strong></span> <span class='ocrx_word' id='word_1_371' title='bbox 738 4643 791 4682; x_wconf 93' lang='lat' dir='ltr'><strong>non</strong></span> <span class='ocrx_word' id='word_1_372' title='bbox 804 4620 886 4681; x_wconf 86' lang='lat' dir='ltr'><strong>datur</strong></span> <span class='ocrx_word' id='word_1_373' title='bbox 910 4624 967 4703; x_wconf 85' lang='lat' dir='ltr'><strong>ejus</strong></span> <span class='ocrx_word' id='word_1_374' title='bbox 1021 4617 1103 4688; x_wconf 81' lang='grc' dir='ltr'>αὗτλν</span> <span class='ocrx_word' id='word_1_375' title='bbox 1127 4615 1204 4676; x_wconf 84' lang='grc' dir='ltr'>πόλιν</span> <span class='ocrx_word' id='word_1_376' title='bbox 1227 4618 1305 4696; x_wconf 78' lang='grc' dir='ltr'>οἰκῇ,</span> <span class='ocrx_word' id='word_1_377' title='bbox 1327 4620 1380 4675; x_wconf 85' lang='grc' dir='ltr'><strong>τῶν</strong></span> <span class='ocrx_word' id='word_1_378' title='bbox 1402 4617 1429 4674; x_wconf 76' lang='grc' dir='ltr'><strong>ἐν</strong></span> <span class='ocrx_word' id='word_1_379' title='bbox 1454 4615 1582 4698; x_wconf 71' lang='grc' dir='ltr'>ἀλλοτρίᾳ</span> <span class='ocrx_word' id='word_1_380' title='bbox 1606 4615 1781 4701; x_wconf 56' lang='lat' dir='ltr'><strong>tempium</strong></span> 
     </span>
     <span class='ocr_line' id='line_1_35' title="bbox 254 4706 1783 4795; baseline -0.003 -21"><span class='ocrx_word' id='word_1_381' title='bbox 254 4737 334 4794; x_wconf 86' lang='lat' dir='ltr'><strong>quem</strong></span> <span class='ocrx_word' id='word_1_382' title='bbox 348 4714 456 4795; x_wconf 88' lang='lat' dir='ltr'><strong>diligit,</strong></span> <span class='ocrx_word' id='word_1_383' title='bbox 468 4713 594 4794; x_wconf 86' lang='lat' dir='ltr'><strong>quamvis</strong></span> <span class='ocrx_word' id='word_1_384' title='bbox 607 4713 729 4773; x_wconf 89' lang='lat' dir='ltr'><strong>eamdem</strong></span> <span class='ocrx_word' id='word_1_385' title='bbox 743 4713 838 4772; x_wconf 90' lang='lat' dir='ltr'><strong>urbem</strong></span> <span class='ocrx_word' id='word_1_386' title='bbox 850 4713 968 4788; x_wconf 88' lang='lat' dir='ltr'><strong>incolat,</strong></span> <span class='ocrx_word' id='word_1_387' title='bbox 1020 4708 1092 4769; x_wconf 80' lang='grc' dir='ltr'>οὐδὲν</span> <span class='ocrx_word' id='word_1_388' title='bbox 1106 4708 1214 4768; x_wconf 86' lang='grc' dir='ltr'>ἔλαττον</span> <span class='ocrx_word' id='word_1_389' title='bbox 1229 4706 1397 4768; x_wconf 84' lang='grc' dir='ltr'>διακείσεται.</span> <span class='ocrx_word' id='word_1_390' title='bbox 1415 4708 1470 4767; x_wconf 83' lang='grc' dir='ltr'>Καί</span> <span class='ocrx_word' id='word_1_391' title='bbox 1481 4712 1558 4767; x_wconf 82' lang='grc' dir='ltr'>τοῦτο</span> <span class='ocrx_word' id='word_1_392' title='bbox 1577 4707 1667 4769; x_wconf 76' lang='grc' dir='ltr'>ἴσασιν</span> <span class='ocrx_word' id='word_1_393' title='bbox 1682 4708 1736 4770; x_wconf 73' lang='grc' dir='ltr'>ὅσοι</span> <span class='ocrx_word' id='word_1_394' title='bbox 1745 4732 1783 4790; x_wconf 77' lang='lat' dir='ltr'><strong>pt-</strong></span> 
     </span>
     <span class='ocr_line' id='line_1_36' title="bbox 250 4798 1784 4885; baseline -0.004 -19"><span class='ocrx_word' id='word_1_395' title='bbox 250 4829 302 4867; x_wconf 91' lang='lat' dir='ltr'><strong>non</strong></span> <span class='ocrx_word' id='word_1_396' title='bbox 319 4808 397 4866; x_wconf 88' lang='lat' dir='ltr'><strong>aliter</strong></span> <span class='ocrx_word' id='word_1_397' title='bbox 410 4806 529 4866; x_wconf 85' lang='lat' dir='ltr'><strong>afficitur</strong></span> <span class='ocrx_word' id='word_1_398' title='bbox 539 4804 600 4864; x_wconf 89' lang='lat' dir='ltr'><strong>acsi</strong></span> <span class='ocrx_word' id='word_1_399' title='bbox 613 4805 642 4863; x_wconf 95' lang='lat' dir='ltr'><strong>in</strong></span> <span class='ocrx_word' id='word_1_400' title='bbox 653 4805 741 4865; x_wconf 88' lang='lat' dir='ltr'><strong>aliena</strong></span> <span class='ocrx_word' id='word_1_401' title='bbox 753 4804 861 4885; x_wconf 91' lang='lat' dir='ltr'><strong>regione</strong></span> <span class='ocrx_word' id='word_1_402' title='bbox 872 4826 962 4865; x_wconf 84' lang='lat' dir='ltr'><strong>versa·</strong></span> <span class='ocrx_word' id='word_1_403' title='bbox 1020 4802 1075 4860; x_wconf 87' lang='grc' dir='ltr'>λεῖν</span> <span class='ocrx_word' id='word_1_404' title='bbox 1090 4799 1173 4859; x_wconf 88' lang='grc' dir='ltr'>ίσασι.</span> <span class='ocrx_word' id='word_1_405' title='bbox 1189 4798 1329 4879; x_wconf 84' lang='grc' dir='ltr'>Σῦγγνωτε</span> <span class='ocrx_word' id='word_1_406' title='bbox 1340 4799 1426 4858; x_wconf 87' lang='grc' dir='ltr'>τοίνυν</span> <span class='ocrx_word' id='word_1_407' title='bbox 1438 4803 1513 4876; x_wconf 81' lang='grc' dir='ltr'>ἡμῖν,</span> <span class='ocrx_word' id='word_1_408' title='bbox 1524 4802 1694 4879; x_wconf 82' lang='grc' dir='ltr'>παρακαλῶ·</span> <span class='ocrx_word' id='word_1_409' title='bbox 1704 4799 1784 4882; x_wconf 74' lang='grc' dir='ltr'>οθγάρ</span> 
     </span>
     <span class='ocr_line' id='line_1_37' title="bbox 251 4881 1784 4976; baseline -0.005 -19"><span class='ocrx_word' id='word_1_410' title='bbox 251 4913 335 4958; x_wconf 86' lang='lat' dir='ltr'><strong>retur.</strong></span> <span class='ocrx_word' id='word_1_411' title='bbox 354 4899 412 4959; x_wconf 88' lang='lat' dir='ltr'><strong>Hoc</strong></span> <span class='ocrx_word' id='word_1_412' title='bbox 435 4911 534 4958; x_wconf 88' lang='lat' dir='ltr'><strong>norunt</strong></span> <span class='ocrx_word' id='word_1_413' title='bbox 548 4897 596 4976; x_wconf 89' lang='lat' dir='ltr'><strong>qui</strong></span> <span class='ocrx_word' id='word_1_414' title='bbox 613 4917 676 4956; x_wconf 84' lang='lat' dir='ltr'><strong>vere</strong></span> <span class='ocrx_word' id='word_1_415' title='bbox 689 4896 819 4975; x_wconf 90' lang='lat' dir='ltr'><strong>diligunt.</strong></span> <span class='ocrx_word' id='word_1_416' title='bbox 834 4896 968 4976; x_wconf 84' lang='lat' dir='ltr'><strong>Ignoscite</strong></span> <span class='ocrx_word' id='word_1_417' title='bbox 1022 4892 1075 4952; x_wconf 84' lang='grc' dir='ltr'><strong>ἀπὸ</strong></span> <span class='ocrx_word' id='word_1_418' title='bbox 1095 4889 1223 4975; x_wconf 77' lang='grc' dir='ltr'>ρορθυμίας</span> <span class='ocrx_word' id='word_1_419' title='bbox 1237 4894 1301 4968; x_wconf 82' lang='grc' dir='ltr'>ἡμῖν</span> <span class='ocrx_word' id='word_1_420' title='bbox 1322 4895 1336 4950; x_wconf 84' lang='grc' dir='ltr'>θ</span> <span class='ocrx_word' id='word_1_421' title='bbox 1350 4890 1486 4972; x_wconf 80' lang='grc' dir='ltr'>χωρισμὸς</span> <span class='ocrx_word' id='word_1_422' title='bbox 1505 4881 1580 4960; x_wconf 71' lang='grc' dir='ltr'>οὗτος</span> <span class='ocrx_word' id='word_1_423' title='bbox 1597 4891 1719 4971; x_wconf 83' lang='grc' dir='ltr'>γέγονεν,</span> <span class='ocrx_word' id='word_1_424' title='bbox 1732 4889 1784 4953; x_wconf 75' lang='grc' dir='ltr'>ἀλλ’</span> 
     </span>
     <span class='ocr_line' id='line_1_38' title="bbox 252 4973 1786 5069; baseline -0.001 -22"><span class='ocrx_word' id='word_1_425' title='bbox 252 4989 337 5069; x_wconf 88' lang='lat' dir='ltr'><strong>igitur</strong></span> <span class='ocrx_word' id='word_1_426' title='bbox 358 4989 447 5067; x_wconf 89' lang='lat' dir='ltr'><strong>nobis,</strong></span> <span class='ocrx_word' id='word_1_427' title='bbox 461 5008 635 5069; x_wconf 76' lang='lat' dir='ltr'><strong>quaesoznon</strong></span> <span class='ocrx_word' id='word_1_428' title='bbox 648 4986 720 5047; x_wconf 90' lang='lat' dir='ltr'><strong>enim</strong></span> <span class='ocrx_word' id='word_1_429' title='bbox 744 5008 778 5047; x_wconf 86' lang='lat' dir='ltr'><strong>ox</strong></span> <span class='ocrx_word' id='word_1_430' title='bbox 803 4987 967 5068; x_wconf 89' lang='lat' dir='ltr'><strong>negligentia</strong></span> <span class='ocrx_word' id='word_1_431' title='bbox 1022 4982 1155 5049; x_wconf 78' lang='grc' dir='ltr'>ἀσθενείας</span> <span class='ocrx_word' id='word_1_432' title='bbox 1170 4973 1335 5059; x_wconf 63' lang='lat' dir='ltr'><strong>reluctarit</strong></span> <span class='ocrx_word' id='word_1_433' title='bbox 1349 4986 1367 5053; x_wconf 80' lang='grc' dir='ltr'>ἡ</span> <span class='ocrx_word' id='word_1_434' title='bbox 1381 4981 1453 5060; x_wconf 72' lang='grc' dir='ltr'>σιγή.</span> <span class='ocrx_word' id='word_1_435' title='bbox 1470 4981 1524 5042; x_wconf 75' lang='grc' dir='ltr'><strong>Καί</strong></span> <span class='ocrx_word' id='word_1_436' title='bbox 1541 4973 1601 5040; x_wconf 77' lang='grc' dir='ltr'>οἶδα</span> <span class='ocrx_word' id='word_1_437' title='bbox 1622 4982 1786 5067; x_wconf 66' lang='grc' dir='ltr'>μὲνάτιχαί·</span> 
     </span>
     <span class='ocr_line' id='line_1_39' title="bbox 253 5072 1787 5162; baseline -0.003 -23"><span class='ocrx_word' id='word_1_438' title='bbox 253 5095 343 5141; x_wconf 84' lang='lat' dir='ltr'><strong>nostra</strong></span> <span class='ocrx_word' id='word_1_439' title='bbox 363 5082 495 5162; x_wconf 88' lang='lat' dir='ltr'><strong>separatio</strong></span> <span class='ocrx_word' id='word_1_440' title='bbox 509 5081 560 5141; x_wconf 85' lang='lat' dir='ltr'><strong>ista</strong></span> <span class='ocrx_word' id='word_1_441' title='bbox 574 5093 664 5139; x_wconf 89' lang='lat' dir='ltr'><strong>ortum</strong></span> <span class='ocrx_word' id='word_1_442' title='bbox 684 5078 790 5156; x_wconf 88' lang='lat' dir='ltr'><strong>hahuit,</strong></span> <span class='ocrx_word' id='word_1_443' title='bbox 806 5078 854 5138; x_wconf 89' lang='lat' dir='ltr'><strong>sod</strong></span> <span class='ocrx_word' id='word_1_444' title='bbox 868 5079 968 5140; x_wconf 91' lang='lat' dir='ltr'><strong>silentii</strong></span> <span class='ocrx_word' id='word_1_445' title='bbox 1023 5099 1079 5156; x_wconf 87' lang='grc' dir='ltr'>ρετε</span> <span class='ocrx_word' id='word_1_446' title='bbox 1089 5081 1133 5135; x_wconf 82' lang='grc' dir='ltr'><strong>νῦν</strong></span> <span class='ocrx_word' id='word_1_447' title='bbox 1147 5073 1242 5142; x_wconf 77' lang='grc' dir='ltr'>πάντες</span> <span class='ocrx_word' id='word_1_448' title='bbox 1256 5077 1330 5151; x_wconf 79' lang='grc' dir='ltr'>ὑμεῖς</span> <span class='ocrx_word' id='word_1_449' title='bbox 1344 5072 1385 5132; x_wconf 78' lang='grc' dir='ltr'><strong>ὅτι</strong></span> <span class='ocrx_word' id='word_1_450' title='bbox 1396 5072 1547 5151; x_wconf 79' lang='grc' dir='ltr'>ἀπεθέμεθα</span> <span class='ocrx_word' id='word_1_451' title='bbox 1562 5072 1612 5146; x_wconf 75' lang='grc' dir='ltr'><strong>τὴν</strong></span> <span class='ocrx_word' id='word_1_452' title='bbox 1628 5075 1787 5160; x_wconf 73' lang='grc' dir='ltr'>ἀρρωστίαν·</span> 
     </span>
     <span class='ocr_line' id='line_1_40' title="bbox 252 5165 1788 5253; baseline 0 -22"><span class='ocrx_word' id='word_1_453' title='bbox 252 5193 359 5232; x_wconf 86' lang='lat' dir='ltr'><strong>causam</strong></span> <span class='ocrx_word' id='word_1_454' title='bbox 368 5171 511 5233; x_wconf 83' lang='lat' dir='ltr'><strong>infirmitas</strong></span> <span class='ocrx_word' id='word_1_455' title='bbox 518 5171 638 5253; x_wconf 89' lang='lat' dir='ltr'><strong>corporis</strong></span> <span class='ocrx_word' id='word_1_456' title='bbox 645 5169 744 5231; x_wconf 88' lang='lat' dir='ltr'><strong>attulit.</strong></span> <span class='ocrx_word' id='word_1_457' title='bbox 752 5171 789 5230; x_wconf 79' lang='lat' dir='ltr'><strong>do</strong></span> <span class='ocrx_word' id='word_1_458' title='bbox 798 5192 846 5232; x_wconf 78' lang='lat' dir='ltr'><strong>vos</strong></span> <span class='ocrx_word' id='word_1_459' title='bbox 854 5170 966 5252; x_wconf 87' lang='lat' dir='ltr'><strong>quidem</strong></span> <span class='ocrx_word' id='word_1_460' title='bbox 1022 5166 1074 5248; x_wconf 73' lang='grc' dir='ltr'><strong>ἐγὼ</strong></span> <span class='ocrx_word' id='word_1_461' title='bbox 1091 5165 1230 5247; x_wconf 78' lang='grc' dir='ltr'>δίχαίρω,</span> <span class='ocrx_word' id='word_1_462' title='bbox 1243 5167 1293 5247; x_wconf 79' lang='grc' dir='ltr'><strong>οὐχ</strong></span> <span class='ocrx_word' id='word_1_463' title='bbox 1312 5165 1352 5225; x_wconf 81' lang='grc' dir='ltr'><strong>ὅτι</strong></span> <span class='ocrx_word' id='word_1_464' title='bbox 1365 5166 1414 5237; x_wconf 73' lang='grc' dir='ltr'><strong>τὴν</strong></span> <span class='ocrx_word' id='word_1_465' title='bbox 1429 5165 1578 5247; x_wconf 72' lang='grc' dir='ltr'>ἀρρωστίαν</span> <span class='ocrx_word' id='word_1_466' title='bbox 1599 5167 1681 5244; x_wconf 84' lang='grc' dir='ltr'>μόνον</span> <span class='ocrx_word' id='word_1_467' title='bbox 1702 5166 1788 5231; x_wconf 72' lang='lat' dir='ltr'><strong>duell·</strong></span> 
     </span>
    </p>
   </div>
   <div class='ocr_carea' id='block_1_10' title="bbox 286 5324 711 5429">
    <p class='ocr_par' dir='ltr' id='par_1_14' title="bbox 286 5324 711 5429">
     <span class='ocr_line' id='line_1_41' title="bbox 286 5324 711 5429; baseline -0.005 -16"><span class='ocrx_word' id='word_1_468' title='bbox 286 5377 296 5403; x_wconf 80' lang='lat'><em>¹</em></span> <span class='ocrx_word' id='word_1_469' title='bbox 313 5324 411 5413; x_wconf 81' lang='lat' dir='ltr'><strong>collau</strong></span> <span class='ocrx_word' id='word_1_470' title='bbox 423 5376 481 5411; x_wconf 86' lang='lat' dir='ltr'><strong>cum</strong></span> <span class='ocrx_word' id='word_1_471' title='bbox 490 5362 535 5412; x_wconf 78' lang='lat' dir='ltr'><strong>lio.</strong></span> <span class='ocrx_word' id='word_1_472' title='bbox 550 5361 628 5429; x_wconf 77' lang='lat' dir='ltr'><strong>negto</strong></span> <span class='ocrx_word' id='word_1_473' title='bbox 639 5362 711 5412; x_wconf 73' lang='lat'>¹974.</span> 
     </span>
    </p>
   </div>
   <div class='ocr_carea' id='block_1_11' title="bbox 0 0 1916 6000">
    <p class='ocr_par' dir='ltr' id='par_1_15' title="bbox 0 0 1916 6000">
     <span class='ocr_line' id='line_1_42' title="bbox 0 0 1916 6000; baseline 0 0"><span class='ocrx_word' id='word_1_474' title='bbox 0 0 1916 6000; x_wconf 95' lang='lat' dir='ltr'><strong> </strong></span> 
     </span>
    </p>
   </div>
  </div>
 </body>
</html>
