3764 5992
752 495 935 546 urrunnun.
1092 477 1096 485 '
1542 469 1614 565 643

72 617 141 697 χέῃ,
162 619 203 679 ὅτι
223 623 252 681 οὐ
275 619 411 701 δακρύοις,
433 621 491 681 ἀλλ’
513 621 542 680 εν
560 620 648 682 ἀνέσει
669 619 716 682 καί
735 621 846 702 εὐθυμία
873 619 938 679 θα
951 631 983 678 ut
994 638 1081 698 neque
1091 618 1182 681 numo
1194 617 1369 701 perturberis,
1381 636 1467 701 nequa
1479 617 1615 700 lacrymas

73 709 182 789 διάγεις.
899 707 1032 788 effundas,
1045 709 1358 789 sedtranquilleetcum
1369 709 1471 792 gaudio
1479 708 1572 792 degas.

281 909 354 992 Πρδς
367 909 449 985 uiris
460 909 586 986 ἐπιστολὴ
602 910 636 991 β’.
1074 905 1130 966 Ad
1141 909 1272 967 eamdem
1286 908 1384 988 Epist.
1398 908 1443 968 ΙΙ.

115 1103 228 1186 ’Ἤρκει
247 1103 295 1184 μὲν
314 1105 390 1181 καὶὴ
405 1104 497 1188 πρῴην
512 1109 622 1168 ἐλθοῦσα
640 1106 766 1182 ἐπιστολὴ
780 1107 846 1190 πρὸς
939 1107 969 1164 l.
986 1102 1157 1184 Quamquam
1168 1104 1282 1185 epistola
1293 1126 1335 1184 ea,
1348 1126 1430 1185 quam
1442 1126 1530 1189 nuper
1541 1105 1578 1167 ad
1587 1113 1710 1165 εοοιιεαεο
1726 1127 1768 1167 w.

73 1194 124 1267 τὴν
140 1196 284 1275 ἐμμέλειαν
299 1197 347 1270 τὴν
363 1198 421 1274 σὴν,
439 1194 616 1260 καταστεῖλαι(
626 1225 672 1260 σου
691 1206 738 1274 τῆς
753 1200 846 1275 ὀδύνης
899 1197 976 1274 misi,
994 1195 1030 1256 ad
1050 1197 1151 1257 doloris
1171 1197 1212 1257 tui
1230 1212 1364 1258 tumorem
1382 1174 1717 1281 uomprimmdum'⁰4⁰i·

73 1287 124 1362 τὴν
144 1290 308 1370 ρλεγμοιήν·
330 1291 421 1364 ἐπειδὴ
437 1292 465 1352 δέ
484 1317 514 1353 σε
532 1292 633 1374 σφόδρα
653 1292 846 1374 κατειργάσατο
898 1288 1007 1348 abunde
1020 1289 1172 1349 sufficiebat
1183 1314 1190 1347 :
1200 1304 1289 1350 tamen
1300 1289 1364 1369 quia
1377 1290 1500 1351 moeruris
1512 1290 1617 1353 acerbi-

73 1383 123 1450 τῆς
133 1381 246 1459 ἀθυμίας
259 1389 275 1455 ἡ
290 1383 426 1462 τυραννίς,
440 1387 583 1464 ἀναγκαῖον
599 1374 667 1444 εἶναι
679 1384 788 1463 ἐνόμισα
800 1385 846 1445 καί
899 1395 940 1442 tas
949 1383 1079 1464 majorem
1088 1383 1115 1442 in
1125 1382 1237 1443 modum
1248 1396 1274 1443 te
1281 1382 1392 1459 afflixit,
1402 1382 1503 1444 idcirco
1512 1404 1617 1445 οοοεαοο

74 1470 199 1553 δευτέραν
214 1479 367 1553 apostatum
380 1479 413 1552 τῇ
433 1475 565 1557 προτέρη,
580 1473 648 1535 ὥστε
663 1499 693 1536 σε
708 1474 777 1553 μετὰ
799 1476 846 1534 δα·
862 1482 881 1530 Β
899 1474 967 1533 mihi
982 1495 1038 1534 esse
1051 1475 1206 1535 existimavi
1226 1476 1339 1536 alterum
1353 1496 1458 1555 quoque
1472 1474 1616 1558 epistulam

73 1563 178 1642 ψιλείας
189 1566 288 1637 πολλῆς
302 1564 494 1646 καρπώσασθαι
507 1567 747 1648 τὴνταράκλησιν,
759 1567 804 1626 καὶ
817 1571 845 1627 ἐν
898 1565 1029 1649 superiori
1038 1565 1197 1648 adjungere,
1211 1559 1305 1646 quotu
1320 1566 1455 1647 copiosam
1468 1580 1494 1626 et
1504 1566 1616 1627 uberem

74 1655 188 1734 ἀσφαλεῖ
214 1679 256 1715 σοι
277 1657 311 1717 τδι
333 1663 380 1729 τῆς
399 1657 487 1738 ὑγείας
506 1649 573 1718 εἶναι
590 1658 691 1719 λοιπόν.
709 1663 793 1741 Δεῦρο
811 1657 843 1731 δὴ
898 1658 1107 1719 consolationem
1117 1658 1259 1742 percipias,
1273 1680 1305 1719 ac
1314 1660 1372 1739 jam
1384 1657 1512 1721 valetudo
1527 1672 1572 1719 tua
1586 1658 1614 1722 iu

73 1736 118 1803 σύν
140 1746 186 1805 καὶ
206 1748 331 1826 ἑτέρωθεν
354 1749 520 1809 διασκεδάσαι
541 1753 650 1821 σαυτῆς
669 1749 782 1828 ἀθυμίας
795 1738 845 1823 τὴν
897 1763 956 1811 tuto
965 1763 1096 1811 versetur.
1110 1753 1167 1832 Age
1176 1750 1270 1831 igitur,
1284 1749 1393 1810 aliunde
1404 1771 1511 1830 quoque
1520 1751 1616 1833 pulve-

72 1836 154 1896 κόνιν.
169 1839 223 1897 Καί
236 1838 287 1918 γδιρ
309 1840 362 1900 ἀπὸ
375 1839 466 1909 ἐλκονς
489 1842 534 1900 καλ
554 1842 705 1920 οἰδημάτων
719 1844 844 1922 χαλεπῶν
896 1863 954 1902 rem
975 1865 1049 1919 eum,
1066 1863 1145 1921 quum
1162 1841 1295 1902 exanimi
1308 1864 1423 1903 moerore
1435 1843 1615 1924 contraxisti,
1678 1885 1681 1893 ,

72 1929 145 1987 κόνιν
159 1920 234 2008 οἶμαι
254 1931 336 2004 αὐτὴν
349 1938 513 2013 γεγενῆσθαι.
527 1932 604 2004 Πλὴν
618 1934 677 1992 ἀλλ’
691 1936 749 1991 οὖδέ
761 1932 844 2003 οὕτως
896 1932 1049 1995 discutiam.
1074 1933 1215 2014 Siquidem
1236 1957 1299 1996 erum
1322 1957 1357 1995 ex
1379 1935 1468 1995 ulcere
1486 1935 1617 2016 gravissi-

73 2023 220 2099 ἀμελητέον
233 2028 281 2095 τῆς
294 2025 446 2104 ἐπιμελείας
458 2031 505 2097 τῆς
517 2030 583 2099 σῆς,
600 2025 658 2085 ἐπεὶ
671 2024 716 2084 καὶ
736 2031 753 2098 η
774 2026 845 2093 κόνις
898 2027 1003 2106 misque
1017 2027 1168 2095 tumorrlnus
1183 2027 1211 2087 in
1224 2027 1367 2109 pulverem
1380 2049 1538 2092 conversum
1559 2050 1617 2091 esse

72 2114 119 2173 τὸν
130 2112 167 2192 μὴ
184 2114 252 2193 μετδι
264 2116 378 2189 σπουδῆς
390 2116 471 2191 αὐτὴν
483 2115 634 2177 ἐκκλίνοντα
647 2118 675 2178 ἐν
688 2120 726 2198 τῷ
737 2140 845 2197 καιριω-
897 2117 1030 2176 existimo.
1045 2118 1152 2178 Verum
1163 2139 1196 2177 ne
1209 2118 1247 2178 sic
1261 2117 1370 2196 quidem
1384 2118 1549 2179 ualetudinis
1561 2132 1616 2182 tuae

71 2205 148 2287 πάτῳ
170 2210 222 2264 τῶν
245 2209 333 2284 μελῶν
347 2207 442 2287 ἐπάγει
455 2207 504 2279 τὴν
522 2206 620 2287 λύμην,
641 2206 672 2267 τὸ
691 2207 784 2277 διειδές
798 2212 846 2282 τῆς
898 2231 963 2269 cura
976 2206 1122 2268 deserenda
1142 2221 1180 2267 est
1192 2208 1308 2267 :etenim
1321 2208 1414 2291 pulvis
1429 2230 1546 2289 quoque,
1561 2210 1616 2271 nisi

70 2296 154 2378 κόρης
164 2301 294 2373 θολοῦσα,
309 2299 354 2360 καί
366 2299 509 2415 ὁλόκληρον
523 2299 733 2381 διαταράττουσα
743 2308 789 2361 τοῦ
801 2307 846 2386 pq·
899 2301 960 2380 quis
970 2321 1031 2360 eum
1042 2322 1148 2361 summo
1158 2299 1248 2360 studio
1255 2301 1399 2383 propellat,
1412 2302 1484 2383 parti
1492 2303 1616 2367 omnium

71 2392 213 2465 θυμοῦντος
226 2390 256 2449 τὸ
270 2390 354 2470 όμμα.
376 2390 425 2450 ‘lu’
443 2414 488 2449 ουν
507 2391 545 2470 μὴ
570 2391 615 2451 καί
636 2394 749 2452 ἐνταῦθα
769 2399 846 2453 τοῦτο
861 2400 880 2448 C
897 2392 1123 2474 praestantissima
1132 2392 1247 2452 exitium
1256 2392 1343 2469 affut,
1362 2391 1475 2474 pupilla
1484 2394 1616 2458 nimirum

69 2480 197 2559 γένηται,
210 2481 279 2559 μετά
298 2486 414 2555 σπουδῆς
428 2486 529 2555 πολλῆς
542 2483 588 2543 καὶ
598 2484 630 2544 τό
640 2484 763 2566 λείψανον
781 2485 844 2547 ἀνέ-
897 2483 1116 2565 perspicuitatem
1128 2483 1260 2559 inliciens,
1271 2505 1303 2543 ac
1311 2496 1398 2543 totum
1408 2484 1544 2545 moereutis
1552 2506 1615 2546 ocu·

69 2575 161 2650 λωμεν
175 2580 220 2634 τοῦ
236 2581 327 2635 κακοῦ.
346 2574 426 2636 Ἀλλδι
442 2576 613 2650 διανάστηθι,
629 2577 674 2637 καί
687 2586 765 2659 χεῖρα
779 2583 843 2657 ἡμῖν
896 2575 955 2635 lum
972 2577 1094 2635 turbans.
1110 2578 1152 2636 Ne
1163 2576 1247 2657 igitur
1258 2576 1308 2637 hoc
1320 2597 1426 2655 quoque
1437 2575 1484 2635 hic
1497 2577 1613 2653 accidat,

70 2663 169 2745 ὄρεξον.
187 2664 277 2749 Ὅπερ
295 2668 347 2749 γάρ
367 2669 412 2728 ἐπί
432 2674 485 2728 τῶν
505 2668 539 2729 τά
560 2668 673 2747 σώματα
691 2669 843 2748 καμνόντων
897 2667 963 2727 mali
977 2668 1103 2749 reliquias
1117 2690 1222 2728 summa
1237 2690 1300 2728 cura
1313 2682 1339 2728 et
1351 2668 1441 2728 studio
1455 2668 1612 2733 evellamus.

70 2756 226 2835 ονμόαίνειν
248 2759 348 2833 είωθεν,
373 2759 404 2819 ἂν
426 2761 460 2821 τά
483 2764 536 2820 τῶν
562 2764 659 2842 ἰατρῶν
683 2761 730 2841 μὲν
752 2761 844 2843 εἰσρέ-
898 2764 935 2820 At
946 2774 976 2820 tu
987 2781 1096 2841 quoque
1108 2775 1134 2820 te
1148 2761 1231 2841 erige,
1243 2781 1408 2841 manumque
1420 2761 1498 2823 nobis
1510 2763 1613 2843 prabe.

71 2873 164 2930 ρηται,
186 2848 221 2909 τά
244 2851 272 2910 δέ
292 2849 397 2911 ἐκείνων
418 2853 586 2934 ἐλλιμπάνη,
607 2854 779 2916 διακόπτεται
796 2858 844 2927 τῆς
897 2853 967 2911 Nam
976 2851 1203 2932 quemadmodum
1214 2853 1241 2913 in
1253 2853 1287 2913 iis
1297 2852 1343 2932 qui
1353 2875 1425 2935 aegro
1434 2869 1616 2937 corporesunt

68 2940 161 3019 ὑγείας
179 2943 210 3002 τὸ
232 2943 338 3026 κέρδος,
356 2934 438 3006 ’τοῦτο
458 2947 504 3005 καὶ
527 2947 571 3005 ἐπὶ
592 2952 640 3020 τῆς
661 2948 748 3028 ψυχῆς
768 2947 842 3026 γίνε-
898 2942 1005 3003 evenire
1019 2945 1094 3020 solet,
1110 2958 1150 3016 ut,
1160 2945 1182 3005 si
1194 2944 1292 3005 medici
1303 2944 1414 3024 quidem
1429 2966 1471 3025 ea,
1482 2967 1544 3026 quae
1554 2969 1616 3008 mu·

69 3038 133 3093 σθαι
142 3034 264 3116 πέρωιεν.
274 3035 325 3096 Ἵν·
334 3030 377 3097 σύν
389 3037 427 3117 μὴ
439 3036 548 3117 γένηται
561 3045 656 3116 τοῦτο,
670 3040 716 3100 καὶ
725 3039 758 3099 τά
767 3035 842 3119 παρά
898 3035 969 3096 neris
988 3038 1031 3097 sui
1044 3051 1117 3116 suut,
1133 3052 1268 3120 praestent,
1288 3037 1331 3097 illi
1344 3051 1434 3098 autem
1451 3053 1541 3121 partes
1553 3062 1617 3102 suas

69 3131 184 3197 σεαυτῆς
203 3128 270 3203 μετὰ
289 3132 338 3199 τῆς
351 3129 536 3207 προσηκούσης
552 3152 594 3190 σοι
615 3130 742 3197 συνέσεως
756 3129 841 3191 σπού-
897 3127 1010 3189 minime
1020 3130 1165 3212 expleant,
1179 3130 1301 3190 sanitatis
1313 3131 1421 3191 lucrum
1434 3129 1615 3216 interrumpa-

68 3216 132 3286 δαζε
150 3219 278 3300 εἰσρέρειν
297 3224 372 3299 ἡμῖν,
386 3219 455 3281 ὥστε
471 3221 631 3304 ἑκατέρωθεν
649 3222 751 3296 πολλὴν
769 3223 842 3301 γενέ·
897 3229 962 3279 tur:
975 3220 1069 3281 eodem
1082 3220 1164 3280 modo
1179 3223 1207 3281 in
1220 3222 1309 3281 anima
1323 3244 1431 3302 quoque
1441 3244 1484 3283 res
1497 3244 1554 3284 sese
1562 3225 1616 3285 ha·

68 3315 130 3370 σθαι
144 3310 193 3382 τὴν
207 3311 344 3391 ὠφέλειαν.
364 3311 443 3372 Ἀλλὰ
459 3312 588 3394 βούλομαι
602 3313 660 3393 μέν,
681 3314 743 3381 ίσιος
756 3317 840 3395 ἐρεῖς,
895 3312 1115 3375 bereconsuevit.
1126 3316 1321 3391 Quamobrem,
1334 3315 1429 3374 nehuc
1439 3315 1554 3394 accidat,
1563 3338 1615 3400 pru

67 3404 99 3462 οὗ
114 3402 229 3482 δύναμαι
248 3405 290 3464 δέ·
305 3405 365 3467 ὀὐδὲ
379 3405 431 3489 γάρ
443 3409 516 3486 ἀρκῶ
533 3406 741 3488 διακρούσασθαι
755 3409 786 3469 τδ
798 3407 840 3467 νέ-
896 3427 926 3465 ea
939 3407 1091 3488 prudentia,
1101 3430 1160 3487 quae
1170 3408 1219 3467 abs
1230 3422 1256 3467 te
1267 3407 1429 3488 postulatur,
1441 3407 1476 3466 da
1486 3429 1613 3491 operam,

67 3518 115 3575 ρος
129 3496 159 3555 τὸ
170 3496 267 3555 πυκνὸν
281 3497 326 3555 καί
345 3500 517 3578 ζορῶδεςτῆς
529 3499 654 3577 ἀθυμίας,
670 3499 757 3559 καίτοι
778 3501 840 3583 ορό-
857 3510 876 3557 Ι)
896 3510 927 3557 ut
948 3511 1008 3558 tuas
1027 3520 1133 3578 quoque
1155 3512 1243 3579 partes
1261 3498 1340 3559 clueas
1353 3525 1359 3559 :
1373 3520 1428 3578 quo
1445 3512 1558 3579 utraque
1578 3520 1612 3560 ex

67 3589 119 3670 δρα
138 3591 329 3667 φιλονεικοῦσα.
346 3592 450 3671 Σκῆψις
468 3598 552 3650 ταῦτα
568 3591 614 3651 καί
629 3591 774 3674 πρόρασις·
787 3593 840 3674 ἐγὼ
894 3603 971 3670 parte
981 3591 1076 3671 ingens
1087 3589 1191 3649 utilitas
1205 3590 1315 3649 oriatur.
1331 3593 1368 3650 At
1380 3592 1448 3651 sorte
1460 3588 1552 3666 dices,
1566 3612 1613 3650 cu·

65 3678 119 3759 γδιρ
135 3670 192 3740 οἶδά
212 3705 257 3742 σου
274 3686 326 3741 τῶν
345 3684 480 3762 λογισμῶν
496 3681 544 3755 τὴν
562 3683 700 3762 εὐγένειαν,
719 3676 778 3744 οἶδα
793 3689 841 3757 τῆς
895 3682 941 3763 pio
950 3682 1061 3763 quidem
1073 3680 1161 3761 istud,
1177 3703 1273 3742 verum
1284 3705 1403 3764 nequeo,
1418 3704 1475 3759 nec,
1487 3683 1614 3763 quamvis

66 3771 193 3839 εὖλαόοῦς
207 3796 252 3833 σου
268 3777 356 3854 ύωχῆς
369 3773 417 3846 τὴν
432 3773 520 3855 lupius,
536 3765 595 3834 οἶδα
607 3778 655 3846 τῆς
670 3773 797 3845 συνέσεως
810 3776 841 3837 τὸ
895 3773 976 3833 etiam
995 3792 1121 3854 magnam
1142 3774 1338 3834 contentionem
1355 3774 1501 3852 adhibens,
1524 3773 1614 3837 dusae

66 3865 183 3939 πλῆθος,
205 3869 252 3936 τῆς
268 3864 421 3946 ριλοσορίας
434 3865 483 3937 τὴν
504 3866 624 3945 δύναμιν,
644 3866 690 3926 καί
709 3872 745 3936 ὡς
764 3873 840 3949 ἀρκεῖ
896 3876 983 3922 tamen
1005 3876 1086 3941 arque
1107 3876 1172 3922 atrae
1186 3862 1311 3922 moeroris
1334 3861 1400 3923 nubi
1422 3860 1614 3944 propulsandae

66 3981 109 4017 σοι
120 3955 198 4035 μόνον
215 3956 338 4026 ἐπιτάξαι
347 3961 386 4038 τῷ
399 3957 551 4041 μαινομένῳ
564 3962 611 4031 τῆς
626 3959 737 4037 ἀθυμίας
753 3961 843 4021 πελά-“
895 3977 1030 4039 parsum.
1049 3959 1133 4017 illerae
1145 3954 1327 4016 excusationes
1341 3976 1373 4014 ac
1384 3952 1452 4015 meri
1465 3969 1613 4038 praetextus

65 4072 125 4128 γει,
147 4049 193 4108 καί
206 4049 294 4108 πάντα
307 4055 418 4122 ποιῆσαι
431 4048 558 4128 γαλήνην.
576 4048 637 4111 Ἵνα
660 4053 687 4111 δέ
703 4076 743 4113 σοι
762 4061 838 4115 rouro
895 4049 1035 4108 istasunt:
1046 4047 1190 4108 novienim
1201 4047 1298 4108 mentis
1308 4061 1361 4106 tua
1372 4046 1550 4125 nobilitatem,
1559 4047 1612 4130 piae

65 4140 112 4201 καί
126 4144 299 4224 εὐκολώτερον
319 4142 442 4222 γένηται,
454 4142 500 4204 καλ
511 4143 546 4203 τδι
558 4147 622 4227 παρ’
637 4148 736 4206 ἑαυτῶν
757 4146 838 4208 εἶσοί-
894 4153 948 4198 111ae
959 4139 1055 4199 animae
1066 4140 1160 4214 robur,
1168 4138 1319 4221 prudentiae
1329 4138 1553 4218 magnitudinem,
1568 4160 1611 4199 sa·

65 4257 165 4311 σωμεν.
185 4237 250 4302 Πῶς
268 4225 313 4293 σύν
327 4234 423 4316 ρορδίως
437 4236 535 4315 δυνήοη
551 4241 628 4296 τοῦτο
640 4242 764 4312 notium,
785 4239 838 4298 Καὶ
894 4231 1001 4315 pientiae
1016 4232 1085 4308 viru,
1106 4231 1215 4312 scioque
1233 4244 1273 4290 sat
1285 4231 1337 4290 tibi
1355 4252 1411 4290 esse
1424 4230 1523 4291 surrenti
1544 4229 1612 4290 huic

63 4324 100 4384 τὰ
122 4327 149 4382 ἐν
174 4331 208 4406 τῇ
233 4326 349 4409 προτέρη
371 4331 496 4407 ἐπιστολῇ
523 4329 728 4410 άναλογιζομένη
750 4331 837 4392 πάντα
893 4324 1025 4386 moestitiae
1035 4325 1252 4406 mariimpcrare,
1261 4337 1288 4381 ut
1297 4322 1534 4402 tranquillaomuia
1546 4320 1611 4389 red-

64 4417 132 4490 (καί
143 4416 195 4500 γάρ
205 4418 291 4478 πολλά
305 4418 403 4492 ταύτης
416 4419 502 4480 ένεκεν
516 4427 580 4500 ἡμῖν
595 4421 699 4504 είρηται
710 4428 757 4494 τῆς
769 4430 837 4486 ὑπο·
854 4436 873 4485 F.
892 4418 1002 4480 danuu.
1018 4421 1123 4481 Verum
1137 4439 1191 4498 quo
1208 4416 1238 4477 id
1252 4417 1358 4476 facilius
1372 4414 1497 4494 consequi
1510 4414 1610 4497 possis,

64 4509 162 4577 θέσεως
174 4513 199 4568 ἐν
211 4509 312 4592 ἐκείνη)
322 4558 328 4580 ,
338 4512 384 4571 καί
396 4517 453 4591 μετ’
467 4512 572 4573 ἐκείνων
583 4513 628 4573 καὶ
639 4520 715 4575 τοῦτο
724 4521 837 4577 ποιοῦσα
891 4532 922 4571 ea
935 4531 1042 4592 quoque
1055 4532 1115 4589 qua
1130 4523 1282 4569 nostrarum
1297 4508 1417 4589 partium
1430 4519 1505 4583 sunt,
1519 4507 1611 4567 conse·

62 4602 131 4681 ὅπερ
152 4599 284 4663 ἐπιτάττω
297 4608 341 4661 νῦν
357 4605 420 4682 ἐγώ.
440 4603 477 4664 Τί
495 4606 522 4665 δέ
542 4605 620 4664 τοῦτό
642 4610 728 4680 ἐστιν;
748 4605 835 4668 Ὅταν
891 4625 991 4664 manus.
1004 4604 1127 4674 Quanam
1136 4602 1221 4682 igitur
1230 4602 1333 4661 ratione
1343 4601 1370 4661 id
1378 4601 1483 4662 officere
1493 4602 1609 4683 poteris?

61 4694 178 4774 ἀκούσης
199 4694 310 4755 ὅτιτῶν
330 4699 498 4769 Ἐκκλησιῶν
520 4704 537 4771 ἡ
561 4696 608 4776 μέν
635 4698 744 4774 κατέδυ,
765 4707 783 4775 η
807 4700 835 4762 δὲ
891 4698 995 4779 Nempe
1003 4696 1203 4768 sieteaumuia,
1215 4696 1419 4777 quaesuperiore
1427 4695 1608 4778 epistolacon·

60 4786 217 4859 σαλεόεται,
241 4787 318 4870 έτέρα
341 4792 468 4870 χαλεποῖς
490 4791 686 4872 περιαντλεῖται
709 4790 835 4871 κύμασιν,
891 4789 1029 4866 tinentur,
1051 4801 1138 4847 tccum
1152 4786 1302 4847 consideres
1320 4787 1474 4867 (siquidem
1490 4788 1608 4849 multaa

59 4880 131 4952 άλλη
145 4877 179 4937 τά
200 4879 268 4939 ἄλλα
289 4879 323 4939 τδι
342 4880 475 4952 ἀνήκεστα
495 4881 631 4958 πέπονθεν,
652 4889 669 4955 ἡ
691 4882 738 4962 μέν
756 4884 834 4946 λύκον
891 4905 953 4959 me,
981 4901 1040 4961 quae
1055 4879 1091 4939 ad
1106 4880 1158 4939 hoe
1173 4893 1363 4959 argumentum
1377 4894 1513 4962 spectent,
1531 4880 1559 4940 iu
1576 4903 1608 4942 ea

59 4972 121 5031 uiuat
134 4970 406 5050 nuptialemque,
419 4979 436 5045 ἡ
452 4973 479 5035 δέ
494 4975 622 5058 πειρατὴν
638 4976 697 5036 ἀντὶ
708 4977 835 5059 κνύερνή-
892 4987 1099 5035 commemorata
1110 4985 1172 5031 sunt
1181 4978 1209 5050 ),
1220 4993 1251 5032 ac
1261 4987 1389 5055 praterea
1399 4973 1451 5032 hoc
1459 4993 1523 5054 agas
1534 4973 1608 5054 quud

94 5145 105 5168 ε
128 5127 171 5181 Sic
183 5127 273 5196 incipit
284 5129 337 5181 haec
354 5130 459 5197 epistola
475 5134 501 5182 iu
513 5131 693 5185 omnihuafere
705 5136 766 5191 illua,
779 5147 820 5186 οε·
846 5152 935 5187 uocem
955 5133 1009 5184 trac
1031 5129 1109 5183 haber
1125 5132 1217 5198 Regius
1235 5145 1298 5180 unus
1315 5130 1342 5181 ln
1360 5127 1479 5181 inferiore
1493 5132 1606 5199 margine

59 5227 110 5275 que
120 5209 154 5259 ita
167 5208 227 5277 legit
239 5212 376 5276 Interpres‚
391 5213 422 5261 Iu
435 5213 502 5278 prius
514 5210 596 5263 Euius
605 5211 746 5281 legebatur:
758 5224 821 5286 ἤρκει
846 5216 927 5280 primu
945 5230 1036 5264 manu:
1049 5213 1171 5282 ἐμμέλεια
1177 5253 1184 5278 ,
1195 5221 1209 5273 ἡ
1229 5215 1356 5276 mitreum
1375 5216 1405 5273 ὧν
1421 5220 1449 5268 ἂν
1464 5220 1525 5270 alnos
1542 5235 1577 5276 τες
1590 5224 1606 5277 ά

59 5296 104 5355 μὲν
122 5297 189 5349 καὶὴ
210 5302 290 5362 πρώτη
307 5297 415 5352 ἀποστολὴ
431 5299 487 5364 πμδς
504 5301 545 5351 τὴν
562 5298 693 5359 ἐμμέλειαν,
712 5295 743 5345 lu
756 5293 821 5345 lianc
847 5300 973 5362 ἐπιμέλεια.
