3764 5992
841 470 1022 521 ortamno.
1633 446 1702 521 835

161 598 332 668 Ἐκκλησιῶν
353 596 547 677 γεγενημένην,
564 596 613 668 τὴν
631 595 741 676 στεῤῥάν
761 596 807 655 καὶ
826 595 936 674 γνησίαν
987 592 1081 654 cienda
1101 591 1274 675 praestitistis,
1286 593 1395 654 firmam
1418 592 1499 655 etiam
1522 612 1554 653 ae
1573 591 1704 657 olnooeam

162 689 290 764 διάθεσιν,
315 687 364 761 τὴν
391 687 511 770 ἀνδρείαν
535 687 581 747 καὶ
603 686 794 770 ἀπερίτρεπτον
817 683 1210 773 γνώμην,,,,ί)οοσνοίοπέἰειπ,
1223 683 1418 763 fortitudinem,
1431 685 1515 747 animi
1526 685 1703 746 oomhntiam

161 781 212 852 τὴν
229 779 386 861 καρτερίαν,
399 779 431 852 ἣν
449 778 493 838 ἐπὶ
510 783 633 839 τοσοῦτον
652 776 818 847 ἐπεδείξασθε
831 777 935 857 χρόνον.
950 788 1019 837 A‘ae
1032 776 1210 854 tolerantiam,
1221 799 1302 856 quam
1316 777 1421 838 tamdiu
1432 799 1489 859 pra
1500 776 1579 838 vobis
1590 776 1703 852 tulistis,

162 872 290 933 Μάλιστα
303 870 330 932 δέ
344 871 524 949 ἐξεπλάγημεν
539 875 584 930 νῦν
596 869 641 929 τὸν
652 868 735 928 πολθν
759 870 833 946 θμῦν
850 867 936 947 τόνον,
986 870 1115 951 majorem
1129 869 1157 929 in
1171 867 1283 928 modum
1296 869 1462 929 admirabar.
1476 869 1557 931 Nune
1565 876 1655 929 autern
1667 889 1702 930 ex

163 964 233 1024 οθτω
253 961 358 1045 μακρδν
380 963 429 1042 καλ
448 962 604 1023 διαπόντιον
619 959 772 1040 ἀποδημίαν
792 959 936 1039 ἐλομίνων,
986 961 1088 1043 ingenti
1098 960 1182 1021 animi
1190 961 1273 1023 vestri
1282 962 1376 1042 vigore
1384 973 1493 1043 stupore
1502 961 1615 1023 affeetm
1624 978 1701 1023 nrm:

162 1056 209 1116 καλ
219 1054 307 1116 πόνων
315 1055 361 1115 καὶ
375 1052 492 1135 ἱδρώτων
506 1054 650 1135 γέμωσον,
660 1051 728 1133 ῦπέρ
738 1054 792 1112 τῶν
805 1059 864 1120 ταῖς
873 1051 937 1112 Ἐκ·
986 1052 1206 1135 quippequitam
1216 1054 1325 1134 longam
1338 1055 1518 1131 aemariuam,
1524 1053 1704 1132 laborumque

163 1146 285 1221 κληαίαις
302 1145 496 1228 συμφερόντων.
514 1145 569 1206 Καὶ
580 1143 743 1222 ἐάονλόμεθα
756 1143 805 1221 μίν
818 1143 863 1203 καί
876 1145 937 1204 iser-
985 1157 1012 1206 et
1033 1142 1163 1204 sudorum
1178 1143 1288 1226 plenam
1304 1144 1548 1226 peregrinationem
1563 1142 1656 1223 robis,
1671 1158 1703 1204 ut

162 1237 281 1298 στίλλειν
294 1240 421 1318 συνεχῶς,
436 1236 483 1296 καὶ
502 1235 550 1309 τὴν
568 1233 791 1316 όφειλομένηντῇ
815 1235 938 1316 εὖλαδείρ
988 1235 1114 1297 Ecclesia
1133 1237 1281 1297 commodis
1302 1236 1486 1314 consuleretis,
1504 1235 1704 1320 suscipiendam

162 1334 238 1409 ὑμῶν
259 1329 412 1390 ἀποδιδόναι
432 1328 589 1411 πρόσρησιν.
600 1328 671 1388 Ἀλλ’
685 1326 776 1401 ἐπειδὴ
794 1333 871 1389 τοῦτο
891 1331 938 1388 οδκ
986 1325 1128 1389 duxeritis.
1143 1330 1182 1388 Ae
1194 1328 1293 1390 veliem
1306 1329 1417 1409 quidem
1429 1329 1498 1395 mihi
1511 1349 1618 1410 quoque
1633 1348 1705 1413 saepe

163 1420 202 1481 ἐνι
215 1419 328 1500 (σχεδόν
341 1419 394 1499 γάρ
417 1419 517 1480 taam
534 1428 588 1489 τοῖς
614 1422 721 1488 πολλοῖς
743 1422 865 1496 οἰκοῦμεν
883 1441 938 1498 χω·
987 1419 1113 1494 seribere,
1121 1418 1295 1499 debitamque
1307 1420 1386 1481 vobis
1400 1419 1588 1481 salutationem
1597 1419 1704 1503 persol-

164 1511 229 1589 ρίον,
258 1511 357 1593 ἐρημία
375 1511 503 1572 πάντοθεν
527 1511 795 1592 ἀποτετειχισμένον),
816 1517 860 1574 νῦν
880 1513 939 1570 ἐπι·
987 1531 1050 1573 vere
1071 1511 1174 1571 liceret.
1192 1509 1329 1583 Quoniam
1341 1524 1432 1571 autem
1450 1510 1481 1571 id
1500 1509 1612 1573 minim
1627 1509 1702 1590 lieet,

163 1602 306 1681 λαθόμενοι
317 1611 364 1664 τοῦ
378 1625 428 1683 κυρ
431 1603 470 1664 ίου
414 1626 535 1683 ρμου
552 1627 599 1664 του
581 1603 775 1681 τιμιωτάτου
795 1602 842 1663 καλ
862 1604 938 1662 εὐλα
987 1600 1085 1682 quod
1076 1597 1105 1663 ru
1121 1623 1153 1663 eo
1171 1603 1231 1663 loeo
1253 1603 1373 1664 habitam
1376 1605 1442 1682 ,qui
1460 1623 1528 1686 pene
1542 1622 1615 1664 omm
1607 1602 1704 1663 odini

164 1696 293 1756 ἀεστάτου
317 1694 466 1777 πρεαδυτίρ
467 1719 511 1766 ου,
537 1693 767 1776 προσαγορεύομεν
792 1695 867 1775 ὑμῶν
889 1693 938 1767 τὴν
987 1708 1068 1772 earet,
1075 1695 1258 1757 etsohtudme
1266 1695 1396 1775 undique
1402 1710 1540 1774 tamquam
1549 1714 1628 1755 muro
1636 1715 1705 1773 quo

163 1787 283 1866 ἀγάπην,
302 1786 349 1847 καί
368 1790 576 1871 παρακαλοῦμεν
590 1795 643 1853 τοῖς
662 1783 810 1866 προοιμίοις
824 1784 939 1865 συμόαῑ·
953 1786 1082 1850 Bdam
1053 1799 1236 1868 ,interceptus
1249 1801 1297 1861 est,
1309 1786 1413 1846 ideireo
1426 1807 1498 1847 nunc
1508 1784 1704 1848 mammio

162 1903 206 1939 νον
228 1881 356 1938 ἐπιθεῖναι
377 1879 460 1945 τέλος.
473 1876 546 1939 'lere
559 1876 610 1958 γάρ
631 1876 689 1944 δσος
712 1880 774 1955 ὑμῖν
795 1875 925 1937 ἐσται
891 1899 940 1948 της
988 1898 1064 1937 mum
1077 1898 1108 1937 ao
1128 1876 1361 1958 religiosissimum
1378 1876 1522 1939 <lominum
1541 1896 1632 1938 meum
1641 1897 1704 1959 pre-

163 1972 298 2047 ὓπομονης
312 1975 327 2030 δ
341 1969 448 2048 μισθὸς,
462 1969 508 2029 καὶ
523 1967 584 2030 ὅσαι
597 1992 636 2028 πα
638 1967 671 2047 pt
689 1973 735 2028 τοῦ
753 1966 938 2048 φιλανθρώπων
987 1969 1129 2051 ὼγτεειιιπ
1141 1982 1247 2042 nactus,
1260 1969 1402 2029 cantarem
1409 1982 1528 2031 vestram
1537 1967 1634 2047 saluto,
1641 1989 1704 2031 vos·

164 2063 236 2119 Θεοῦ
251 2064 280 2119 αῖ
294 2059 438 2128 ἀντιδόσεις
457 2058 525 2140 θπέρ
539 2060 594 2129 ’τῆς
608 2062 699 2131 κοινῆς
712 2057 818 2139 εἰρήνης
840 2079 938 2118 πονου·
987 2083 1041 2141 que
1053 2081 1149 2120 moneo
1157 2082 1189 2121 ac
1198 2082 1273 2142 rogo,
1280 2075 1310 2121 ut
1320 2062 1403 2121 finem
1413 2061 1555 2144 principiis
1566 2075 1704 2123 oouseota·

164 2151 261 2231 μένοις,
273 2152 320 2212 καὶ
333 2157 456 2213 τοσοῦτον
470 2149 671 2232 ἀναδεχομένοις
684 2151 784 2230 ἀγῶνα.
987 2153 1229 2234 neumimponatis.
1239 2152 1320 2214 Scitis
1328 2152 1400 2213 enim
1410 2153 1596 2233 quantavobis
1602 2154 1705 2235 patieu-

986 2245 1031 2305 tiae
1051 2251 1152 2304 meroes'
1169 2246 1259 2304 futura
1280 2244 1324 2319 sit,
1338 2257 1491 2324 quantaque
1509 2243 1544 2304 iis
1555 2265 1572 2304 a
1585 2244 1705 2326 benigno

988 2339 1047 2397 Deo
1056 2335 1167 2419 prumia
1177 2336 1330 2412 constituta,
1345 2335 1391 2415 qui
1405 2357 1456 2418 pro
1466 2335 1576 2419 publiea
1589 2358 1655 2419 paee
1664 2336 1705 2399 la-

988 2429 1067 2488 bores
1081 2426 1206 2506 rubeum,
1222 2447 1254 2487 ac
1273 2440 1378 2489 tantum
1394 2441 1528 2489 certamen
1546 2429 1706 2512 suscipiunt.

427 2614 492 2705 pm'.
507 2624 571 2690 Τοῖς
585 2625 680 2689 «θεοῖο
1227 2629 1361 2691 CLVIII.
1375 2631 1493 2692 Iisdem.

201 2841 243 2899 Οὐ
256 2837 353 2920 μικρὰν
366 2838 412 2898 καὶ
426 2840 534 2919 ἀμπ’
504 2845 593 2906 αυτοῖς
606 2834 740 2918 οτεράνων
752 2833 884 2910 ὑπόθεσιν,
894 2834 939 2894 καὶ
1032 2838 1092 2899 Non
1100 2858 1213 2920 parvam
1221 2850 1247 2899 et
1252 2839 1405 2921 vobisipsis
1413 2859 1571 2903 coronamm
1579 2848 1782 2923 segetem,tnno

163 2930 435 3012 ἡμῖνπαρακλήσεως
449 2930 571 3013 ἀφορμὴν
585 2928 683 2990 duo*
649 2953 697 3002 της
712 2927 940 3006 καλλίστηςθμῦν
989 2943 1016 2991 et
1031 2929 1110 2990 uobis
1122 2930 1333 2991 consolationum
1343 2929 1776 3013 materiampraectariasimom
1719 2923 1776 2960 δ’δ’
1787 2859 1859 2974 δ’,

166 3021 266 3095 ταύτης
279 3023 412 3097 σπουδῆς,
423 3022 526 3083 καθ’
489 3046 542 3083 των
564 3022 667 3096 πόνων,
685 3020 781 3081 καθ’
745 3044 798 3080 των
822 3017 939 3100 ἱδρώτων
989 3021 1627 3106 hocvestmstudiolaboribusqreoomparastis.
1633 3025 1708 3100 Quo·

164 3113 386 3175 κατεσκευάσατε.
408 3112 456 3173 no
476 3114 522 3174 καλ
537 3119 567 3176 ἐκ
585 3113 710 3175 τοσούτου
724 3111 869 3191 καθήμενοι
883 3112 940 3170 δια·
954 3115 1014 3170 G'
989 3137 1061 3177 cirea
1074 3127 1148 3175 tanto
1158 3114 1240 3175 etiam
1256 3114 1361 3176 itineris
1373 3115 1516 3178 intervallo
1528 3136 1546 3177 a
1561 3114 1642 3180 vobis
1652 3115 1710 3178 dis·

165 3204 314 3281 στόματος,
330 3205 545 3287 ἀνακηρύττομεν
567 3207 653 3286 θμδς,
668 3205 780 3287 χάριτας
799 3206 940 3282 θμολογοῦ·
989 3207 1045 3283 siti,
1064 3205 1159 3267 laudes
1178 3220 1280 3268 vestras
1302 3206 1494 3290 predicamus,
1510 3207 1589 3270 vobis
1610 3209 1710 3290 ffatim

164 3319 227 3372 μεν,
242 3296 288 3356 καί
309 3303 503 3379 στερανοῦμεν,
518 3297 565 3358 καλ
586 3296 777 3378 μακαρίζομεν.
793 3293 847 3356 Καὶ
862 3294 940 3355 ἐόου-
990 3298 1109 3380 agimus,
1123 3319 1173 3361 vos
1186 3297 1302 3378 denique
1314 3320 1411 3359 corona
1425 3298 1568 3376 donamus,
1576 3322 1608 3361 ae
1617 3301 1710 3361 beatos

161 3388 262 3466 λάμεθα
284 3387 332 3466 μὲν
352 3389 399 3448 καί
418 3389 606 3471 συνεχίστερον
620 3387 787 3450 ίπιατίλλειν
800 3409 807 3425 ·
821 3387 868 3446 καλ
888 3386 940 3468 γάρ
989 3411 1136 3451 censemus.
1146 3393 1185 3450 Ac
1193 3389 1619 3470 vellemusquidemirequeutius
1628 3391 1710 3451 etiam

163 3479 289 3559 μεγίστην
301 3484 439 3540 ’ἐντεῦθεν
460 3482 492 3541 ἂν
511 3480 725 3560 ἐκαρπωσάμεθα
746 3477 795 3551 τὴν
815 3501 940 3560 παρομυ·
990 3482 1025 3543 ad
1041 3504 1090 3545 vos
1104 3483 1221 3543 scrihere
1233 3482 1312 3541 nobis
1325 3482 1417 3542 liceret
1424 3505 1435 3560 ς
1448 3503 1511 3542 nam
1525 3481 1592 3541 hine
1604 3502 1711 3562 quoque

163 3570 235 3646 θίαν,
249 3570 274 3630 εί
285 3596 316 3651 γε
329 3575 382 3630 τῶν
396 3570 430 3630 τά
443 3571 593 3653 γράμματα
609 3571 816 3650 διακομιζόντων
830 3573 940 3648 ἐπετυγ-
990 3575 1143 3636 maximum
1154 3574 1282 3635 solatium
1298 3593 1474 3653 caperemus5
1488 3571 1513 3633 si
1534 3571 1644 3651 quidem
1661 3575 1710 3654 qui

163 3662 288 3742 χάνομεν.
302 3661 415 3736 Ἐπειδὴ
430 3662 457 3723 δέ
469 3667 499 3724 οθ
510 3663 601 3745 ῥηίδιον
613 3667 678 3742 ἡμῖν
689 3670 767 3724 τοῦτο
780 3661 846 3744 πρὸς
859 3660 940 3729 αθτάς
990 3666 1083 3727 literas
1099 3666 1198 3726 terrem
1212 3663 1329 3725 nanusci
1347 3685 1496 3744 possemus.
1512 3663 1648 3739 Quoniam
1661 3687 1711 3726 au·

163 3753 211 3822 τδις
232 3753 358 3835 ἐσχατιὰς
370 3758 418 3826 τῆς
437 3755 590 3834 οἰκουμίνης
602 3754 799 3836 ἀπῳκισμίνοις
806 3797 817 3826 ,
833 3752 880 3814 καὶ
895 3756 941 3813 σθ·
991 3773 1045 3818 tem
1057 3757 1145 3834 nobis,
1154 3757 1204 3836 qui
1214 3755 1252 3816 ad
1260 3769 1394 3815 extremos
1405 3774 1489 3834 usque
1501 3755 1576 3816 orbis
1584 3755 1653 3816 fines
1663 3777 1710 3818 re-
1774 3773 1776 3777 '

164 3845 234 3913 δενδς
247 3850 311 3924 ἡμῖν
331 3846 436 3928 ταγέως
448 3846 636 3929 ἐπιχωριάζειν
653 3846 815 3926 δυναμένου,
835 3851 880 3906 νῦν
897 3842 941 3904 ότι
990 3851 1072 3931 legati
1085 3872 1190 3923 sumus,
1200 3848 1229 3909 id
1248 3847 1360 3909 minime
1377 3847 1456 3908 facile
1465 3860 1516 3926 est,
1522 3868 1586 3908 cum
1597 3870 1711 3930 prm.

163 3937 325 4017 ἐπετύχομεν
346 3944 394 3999 τοῦ
414 3939 505 4020 κυρίου
520 3963 570 4018 μου
588 3945 635 4001 τοῦ
656 3939 819 4019 τιμιωτάτου
834 3937 881 3999 καὶ
899 3940 940 3998 εθ-
991 3943 1043 4003 tim
1056 3939 1613 4020 haud'i'aeilequisqnamadnosacoedere
1621 3955 1711 4021 queat,

162 4029 327 4089 λαάεστάτου
346 4030 541 4114 πρεσὸυτίρου,
557 4031 606 4105 τὴν
617 4030 790 4114 ἀφελομένην
805 4029 939 4092 ἀποδεδώ-
954 4050 974 4097 ι)
990 4031 1092 4092 ideireo
1105 4052 1188 4105 nune,
1203 4051 1266 4091 cum
1279 4028 1532 4091 reverendissimum
1555 4051 1588 4090 ae
1601 4030 1713 4112 religio·

163 4143 248 4198 καμεν
263 4120 421 4202 πρόσρησιν,
431 4122 478 4182 καλ
486 4126 694 4205 παρακαλοῦμεν
707 4126 781 4201 ὑμῶν
794 4120 844 4193 τὴν
858 4120 939 4181 εὖλά·
990 4122 1280 4186 sissimumdominum
1290 4143 1381 4183 meum
1395 4123 1586 4205 presbyterum
1593 4124 1665 4184 noeti
1676 4123 1712 4185 si·

163 4212 251 4285 άειαν,
274 4214 424 4282 ἐννοοῦντας
443 4220 489 4275 τοῦ
507 4213 714 4296 κατορθώματος
730 4212 761 4274 τὸ
775 4212 898 4292 μέγεθος,
916 4215 940 4272 εἰ
990 4215 1185 4294 mus,debitam
1194 4214 1381 4276 salutationem
1389 4214 1467 4274 vobis
1478 4213 1635 4295 pendimus3
1646 4234 1712 4275 vos·

161 4302 207 4363 καί
226 4301 306 4368 πολὺς
325 4308 340 4364 ὁ
358 4304 497 4387 παρελθών
511 4306 635 4380 ἀνηλώθη
653 4305 762 4389 χρόνος,
775 4305 822 4366 καὶ
843 4305 888 4366 ἐπὶ
907 4304 938 4364 τδ
989 4328 1042 4386 que
1054 4326 1192 4387 rogamus,
1204 4319 1235 4364 ut
1249 4303 1298 4375 rei,
1311 4303 1334 4363 si
1346 4302 1483 4375 succedat,
1497 4301 1711 4382 magnitudinem

161 4405 249 4477 χεῖρον
261 4401 314 4457 τῶν
335 4397 542 4479 ἐναντιουμένων
562 4397 697 4471 αὔξεταιὴ
711 4397 873 4479 φιλονεικία,
892 4397 938 4457 καὶ
990 4397 1081 4459 animo
1102 4397 1245 4470 intuentes,
1255 4393 1358 4455 etiamsi
1372 4392 1474 4470 alioqui
1490 4392 1641 4473 plurimum
1654 4394 1713 4476 jam

163 4488 269 4566 μένωσι
295 4495 430 4558 νοσοῦντες
467 4489 578 4562 ἀνίατα,
612 4488 648 4550 τά
671 4497 732 4570 γοῦν
764 4493 828 4571 παρ’
864 4489 937 4567 ὑμῶν
991 4489 1119 4571 temporis
1133 4489 1162 4548 in
1176 4509 1206 4547 ea
1225 4507 1254 4546 re
1269 4497 1440 4546 consumtum
1454 4498 1503 4562 est,
1516 4498 1597 4565 atque
1606 4484 1713 4548 adver-

165 4577 202 4655 μὴ
226 4580 356 4640 διαλιπεῖν
373 4584 412 4648 είς
431 4581 570 4665 διόρθωσιν
584 4584 637 4640 τῶν
650 4581 833 4661 γεγενημένων
848 4581 938 4660 είσρέ-
991 4581 1124 4643 sariorum
1138 4577 1289 4662 peruicacia
1304 4577 1476 4657 ingravescit,
1488 4597 1537 4638 nec
1547 4577 1712 4639 curationem

165 4694 264 4751 pontu<
276 4671 355 4754 Ὅσιρ
374 4671 426 4754 γάρ
448 4674 576 4746 πλείωνη
591 4673 718 4734 δυσκολία
726 4671 867 4754 τ,οσοιίτιρ
878 4673 939 4785 μεί-
993 4674 1078 4735 ullam
1087 4688 1236 4734 etiamnum
1248 4668 1380 4744 admitut
1386 4683 1473 4729 tamen
1474 4684 1712 4749 ,quaevestrarum

164 4766 214 4830 ζων
243 4763 288 4822 καὶ
319 4765 496 4848 δαψιλεστέρα
532 4765 606 4826 ἔσται
639 4770 690 4825 τῶν
726 4768 814 4824 καλῶν
841 4762 939 4823 τούτων
993 4766 1112 4847 partium
1126 4776 1197 4839 sunt,
1210 4760 1247 4821 ad
1262 4760 1424 4820 detrimenta
1439 4760 1577 4821 sarcienda
1592 4762 1712 4825 eouierre
1748 4832 1751 4837 ,

165 4855 273 4932 ἀγώνιον
285 4859 347 4932 ὑμῖν
360 4861 378 4928 ἡ
392 4856 492 4934 ἀμοιόὴ
509 4857 583 4940 παρὰ
603 4881 647 4919 του
631 4855 845 4938 φιλανθρώπου
859 4857 940 4915 Θεοῦ.
994 4880 1026 4918 no
1039 4857 1182 4918 desistatis.
1193 4856 1255 4928 Quo
1270 4854 1342 4913 enim
1356 4855 1442 4934 major
1456 4853 1604 4914 difficultas
1615 4868 1665 4933 σεε,
1681 4875 1712 4916 eo

993 4970 1100 5030 quoque
1110 4949 1194 5029 major
1207 4960 1232 5007 et
1242 4945 1353 5005 uberior
1362 4944 1532 5025 egregiorum
1544 4944 1642 5006 horum
1653 4966 1710 5006 cer·

994 5044 1126 5102 taminum
1142 5060 1242 5101 merres
1254 5061 1268 5098 a
1278 5037 1395 5120 benigno
1407 5037 1465 5097 Deo
1480 5037 1558 5098 vobis
1569 5037 1712 5100 constitue-

995 5149 1048 5194 tur.
