3810 6000
527 446 563 512 ni
589 463 828 514 rananrrrcou
853 464 1027 516 neurssuu
1052 467 1116 516 een
1143 433 1291 517 necron.
1623 449 1670 523 55

131 577 165 659 ἦν,
176 584 269 657 άδηλον
284 575 338 656 ἦν·
357 590 439 646 τοῦτο
458 585 488 646 δέ
502 590 526 647 εἰ
547 589 593 649 καί
606 589 714 650 ἔλαττον
728 582 771 666 ἦν,
787 590 897 673 φανερδν
952 590 1097 650 obscurum
1109 606 1166 652 erat
1176 615 1182 649 ι
1194 592 1246 652 hoe
1259 612 1324 654 vero
1339 593 1388 652 etsi
1401 591 1491 654 minus
1504 606 1571 673 erat,
1585 599 1672 658 mani·

130 670 166 749 ἦν.
179 676 286 749 Ἐπειδὴ
302 676 397 736 τοίνυν
423 679 517 755 μέλλει
540 681 606 761 τρδς
627 681 676 752 τὴν
701 681 833 752 ἀπόδειξιν
850 688 897 742 τοῦ
952 685 1048 743 festum
1062 685 1361 765 eratQuoniamigitur
1372 686 1406 746 ad
1416 686 1672 750 demonstrationem

131 768 231 846 μείζονος
271 773 316 849 τῷ
354 770 478 830 ἐλάττονι
512 778 675 852 κεχρῆσθαι,
706 774 823 850 δεικνὺς,
857 779 898 835 ὅτι
951 770 1062 851 majoris
1076 793 1174 832 usurus
1185 787 1224 832 est
1238 773 1346 851 minori,
1357 775 1498 837 ostendens
1509 799 1538 837 se
1560 791 1670 859 propter

130 862 162 919 id
183 861 229 932 τὴν
252 860 400 921 ἀσθένειαν
413 860 464 934 τὴν
485 862 593 923 ἐκείνων
604 863 686 933 οὕτως
710 865 836 941 ἐποίησε,
851 866 897 925 καί
951 861 1063 922 illorum
1100 864 1284 925 infirmitatem
1320 867 1357 926 ita
1388 868 1489 942 iecisse,
1527 866 1608 949 atque
1631 869 1668 931 ad

130 952 340 1031 τυγιιαταόαίνων
373 955 462 1013 αὐτῶν
493 960 526 1035 τῇ
554 956 723 1029 ταπεινότητί
749 980 831 1038 φησι·
859 956 897 1018 Τί
951 952 1062 1015 illorum
1077 957 1257 1018 humilitatem
1272 959 1460 1032 edomuisse,
1475 964 1554 1041 Quid
1566 976 1609 1023 est
1620 965 1672 1043 fa·

62 1111 64 1128 Ι
129 1047 185 1103 tear
228 1044 419 1127 εὐκοπώτερον
462 1050 567 1123 εἰπεῖν,
609 1049 741 1130 ἀφέωνταί
782 1074 828 1109 σου
866 1053 894 1109 αἰ
910 1089 936 1127 γ,
950 1049 1670 1134 cilius,inquit,dicere,Dimittunturpeecatrttua,

128 1137 256 1218 ίμαρτίαι,
281 1138 303 1209 ἢ
332 1143 436 1212 εἰπεῖν,
461 1140 562 1222 ἔγειραι
586 1142 631 1201 καί
655 1142 816 1224 περιπάτει;
841 1142 894 1204 Τί·
912 1146 933 1191 Α
949 1159 991 1197 an
1008 1142 1115 1217 dicere,
1130 1141 1221 1220 Surge
1235 1154 1263 1201 et
1285 1146 1428 1204 ambula?
1447 1147 1504 1204 Cur
1530 1146 1616 1226 igitur
1631 1145 1668 1206 acl

127 1253 159 1297 υτ
174 1220 217 1289 οὖν
243 1230 336 1291 ἕνεκεν
363 1231 409 1291 ἐπὶ
429 1232 461 1292 rt
480 1231 588 1292 ἔλαττον
610 1233 677 1316 ἐρχη
703 1237 737 1294 δι’
762 1234 892 1310 ἐκείνους;
948 1231 1037 1290 minus
1048 1245 1157 1312 propter
1168 1232 1476 1306 illosvenisiQuoniam
1487 1236 1668 1315 idquodma·

128 1322 223 1396 Ἐπειδὴ
236 1324 270 1384 τδ
289 1324 407 1406 φανερὸν
423 1329 471 1383 τοῦ
484 1329 597 1405 ἀφανοῦς
609 1326 767 1410 τρανοτέραν
778 1327 893 1409 παρέχε-
947 1328 1074 1388 nisestum
1087 1342 1135 1404 est,
1143 1331 1263 1389 ‘obscuro
1282 1329 1422 1390 clariorem
1434 1330 1669 1392 exhibetdemon·

128 1414 217 1485 ται-ην
231 1414 385 1483 ἀπόδειξιν.
401 1415 453 1476 Au
467 1417 722 1500 τοθτσούττρότερον
738 1419 816 1479 αὐτὸν
833 1419 892 1480 tvt-
947 1419 1111 1477 strationem.
1130 1419 1273 1499 Propterea
1291 1440 1344 1478 non
1373 1419 1449 1500 prius
1472 1420 1551 1478 illum
1571 1421 1668 1497 erexit,

126 1529 214 1580 στησεν,
225 1506 279 1573 ἕως
293 1498 327 1565 οὗ
341 1498 416 1567 εἶπεν
430 1510 532 1577 αὐτοῖς·
547 1508 604 1569 Ἱνα
615 1510 642 1570 δὲ
654 1512 757 1586 εἰδῆτε,
770 1510 891 1580 δτιέξου-
946 1529 1026 1587 quam
1037 1509 1110 1569 dixit
1124 1509 1200 1569 illis:
1219 1514 1258 1570 lJt
1270 1524 1369 1570 eutem
1383 1516 1495 1590 scietis,
1520 1517 1592 1593 quia
1613 1517 1814 1594 Ῑίί-Μιιιιαρσ,

126 1597 169 1657 eles
187 1598 352 1679 ἐχειὸἱῖδς
367 1604 415 1657 ro'o'
428 1600 567 1682 ἀνθρώπου
584 1601 690 1683 ἐφιέναι
701 1601 834 1687 ἁμαρτίας
847 1603 892 1664 ἐπί
946 1601 1003 1661 lius
1013 1603 1141 1662 hominis
1151 1605 1241 1662 habet
1249 1615 1423 1682 potestatem
1436 1607 1468 1660 in
1478 1616 1559 1663 terre
1570 1604 1667 1665 dimit·

125 1695 159 1761 tit
176 1697 246 1772 γῆς,
271 1693 336 1751 τότε
355 1693 421 1772 φησί
436 1695 476 1772 τῷ
497 1694 687 1775 παραλυτικῷ,
700 1692 823 1777 Ἔγειραι
844 1695 890 1756 καί
946 1695 1027 1752 tendi
1036 1707 1170 1773 peecata,
1185 1708 1254 1753 tune
1270 1699 1313 1754 eit
1331 1695 1513 1774 paralytico,
1529 1695 1620 1776 Surge
1638 1709 1669 1757 et

124 1784 265 1862 πριτάτει,
291 1783 395 1844 ὡσανεὶ
417 1783 507 1864 ἐλιγε·
528 1788 615 1863 μεῖζον
640 1785 688 1866 μέν
707 1789 764 1846 ἐστι
780 1798 889 1867 σημεῖον
945 1786 1065 1844 ambulo
1078 1809 1087 1842 .·
1100 1785 1178 1864 quasi
1199 1784 1309 1863 diceret,
1324 1788 1413 1867 majus
1427 1786 1542 1866 quidem
1558 1787 1666 1867 signum

123 1880 202 1945 ἡτῶν
226 1876 438 1957 ἁμαρτημάτων
463 1875 569 1958 όφεοις·
590 1876 634 1937 διὰ
653 1877 683 1937 δέ
702 1882 772 1959 ὑμᾶς
795 1881 840 1939 καί
859 1881 891 1942 τδ
944 1892 983 1938 est
998 1878 1120 1939 remissio
1135 1894 1316 1960 peecatorum,
1337 1879 1385 1939 sed
1398 1892 1510 1961 propter
1527 1900 1577 1939 ros
1591 1879 1677 1959 quotl-

120 1967 213 2026 δτι-ιον
240 1968 428 2048 προστίθημι,
456 1968 548 2042 ἐπειδὴ
571 1976 646 2029 τοῦτο
672 1974 734 2049 ὑμῖν
758 1971 890 2041 ἐτόδειξις
944 1970 1034 2030 minus
1047 1985 1087 2032 est
1103 1971 1454 2053 adjiciozquandoquitlem
1469 1972 1520 2032 hoe
1535 1972 1612 2032 verbi
1630 1973 1665 2033 il·

120 2060 205 2121 ἐκείνω
220 2051 293 2120 εἶναι
308 2062 392 2120 δοκεῖ.
404 2059 511 2141 Ὥσπερ
532 2060 584 2144 γάρ
603 2063 658 2121 ἐκεῖ
670 2063 714 2122 τδν
728 2063 889 2145 έκατοντάρ-
945 2063 998 2121 lius
1011 2085 1067 2123 esse
1075 2063 1266 2124 demonstratio
1276 2064 1393 2126 videtur.
1409 2066 1479 2124 Nam
1489 2064 1665 2143 quemadmo-

117 2175 158 2230 χην
169 2152 318 2219 ἐπαινέσας
332 2152 457 2226 εἰπόντα,
472 2152 541 2213 Εἰπὲ
552 2154 622 2235 λόγῳ
638 2153 727 2233 μόνον,
743 2157 791 2216 καί
814 2157 888 2230 ἰαθή-
942 2153 1009 2214 dum
1020 2156 1078 2216 illie
1092 2178 1154 2215 cum
1170 2157 1353 2217 centurionem
1371 2157 1505 2217 laudasset
1525 2159 1572 2237 qui
1587 2159 1667 2219 dixe-

117 2269 179 2305 σεται
189 2252 205 2305 ὁ
216 2255 284 2313 ταῖς
296 2270 366 2324 μω·
379 2245 425 2304 καὶ
444 2244 496 2328 γδρ
513 2245 566 2325 ἐγὼ
579 2247 649 2327 λέγω
661 2247 755 2329 τούτῳ,
766 2249 888 2330 πορεύου,
907 2257 925 2304 Β
943 2262 984 2307 rat
998 2271 1004 2304 :
1019 2251 1079 2308 Die
1104 2263 1221 2309 tontum
1241 2252 1342 2321 rrerbo,
1371 2262 1399 2308 et
1417 2253 1574 2309 sanabitur
1591 2269 1758 2330 prterstaut.
1771 2266 1796 2316 8.

115 2342 151 2400 καὶ
174 2341 338 2421 πορεύεται·
354 2339 400 2399 καὶ
422 2344 461 2422 τῷ
474 2341 564 2420 άλλῳ,
578 2340 671 2422 ἔρχου,
691 2341 737 2401 καί
759 2343 887 2425 ἔρχεται·
944 2361 1024 2401 meus
1038 2365 1046 2397 ι
1061 2362 1130 2400 nam
1139 2355 1167 2401 et
1176 2363 1230 2422 ego
1244 2345 1310 2401 dieo
1321 2344 1399 2414 huie,
1420 2343 1511 2415 Vade,
1528 2356 1557 2402 et
1565 2330 1696 2421 eadit,⁸·
1706 2347 1732 2396 9·

114 2432 238 2511 ἐκύρωσεν
252 2437 336 2493 αὐτοῦ
349 2431 398 2505 την
420 2431 530 2512 γνώμην
544 2432 587 2493 διδ
599 2439 652 2494 τῶν
671 2435 824 2513 ἐγκωμίων·
841 2436 887 2496 καί
942 2434 1046 2505 etalii,
1064 2436 1148 2512 Verri,
1161 2448 1189 2493 et
1215 2439 1306 2506 uenit,
1327 2434 1449 2494 animum
1463 2436 1521 2515 ejus
1534 2435 1664 2496 laudibus

114 2525 183 2584 ταλιν
204 2534 264 2594 τοῖς
286 2522 430 2593 Ἰουδαίοις
448 2525 593 2605 ἐγκαλέσας
615 2526 660 2586 ἐπί
678 2534 724 2587 τοῦ
751 2527 885 2589 σαόόάτσυ
942 2525 1113 2584 confirmavit
1126 2550 1132 2582 :
1147 2527 1666 2607 etmrsnscumlndaeosreprehendis·

114 2616 288 2697 μεμφομένοις
312 2620 402 2697 αὐτῷ,
426 2616 467 2676 ἐτι
491 2617 571 2677 πάλιν
591 2617 723 2701 παραλύει
736 2619 780 2679 τὸν
795 2619 886 2700 νόμον,
941 2628 980 2674 set
992 2615 1045 2674 sibi
1059 2616 1214 2697 objicientes
1228 2617 1255 2676 in
1270 2617 1382 2677 sabbato
1390 2617 1478 2697 legem
1493 2619 1595 2700 abipso
1606 2620 1664 2680 vio·

113 2709 197 2779 ἐειξεν
210 2710 255 2769 ὅτι
276 2708 370 2789 κύριός
389 2711 446 2769 ἐστι
461 2714 612 2786 μεταθεῖναι
633 2709 747 2790 νόμους·
767 2711 836 2771 οὕτω
852 2712 884 2787 δὴ
940 2706 1004 2786 lari,
1025 2707 1053 2767 in
1068 2730 1114 2770 sua
1130 2722 1262 2789 potestate
1283 2708 1364 2769 situm
1384 2730 1441 2768 esse
1462 2711 1578 2770 ostendit
1590 2710 1683 2797 leges,

113 2803 149 2859 καὶ
171 2805 290 2862 ἐνταῦθα
313 2800 424 2862 εἰπόντα
436 2806 539 2873 τοῦτον,
561 2801 616 2862 loos
640 2803 733 2863 leeris
753 2813 823 2864 ποιεῖ
847 2810 886 2886 τῷ
942 2801 1106 2861 immutare:
1121 2801 1160 2860 sie
1175 2802 1304 2861 nimirum
1326 2803 1378 2862 hoe
1391 2801 1534 2880 looo,cum
1550 2803 1592 2863 illi
1613 2803 1661 2865 di·

113 2896 182 2975 Θιῷ,
203 2893 439 2974 ἐπαγγελλόμενα
463 2893 481 2951 ά
501 2898 547 2953 τοῦ
570 2893 690 2976 Πατέρος
714 2895 772 2954 ἐστὶ
797 2897 885 2976 μόνον,
942 2893 1211 2972 xissent,AEqualem
1230 2893 1356 2974 teipsum
1376 2894 1443 2953 iacis
1460 2897 1528 2972 Deo,
1542 2896 1663 2977 promit·

115 2988 280 3067 μεμψάμενος
304 2986 401 3055 αὐτούς
424 2985 471 3045 καί
495 2985 695 3066 αἰτιασάμενος,
709 2988 755 3047 καί
773 2987 816 3047 διὰ
831 2994 885 3049 τῶν
939 2998 997 3046 tens
1004 3008 1045 3061 ea,
1054 3008 1113 3065 que
1124 2986 1208 3046 solius
1216 3000 1277 3045 sunt
1286 2986 1384 3064 Patris,
1400 2987 1598 3067 reprehendens
1607 3010 1661 3065 eos,

113 3081 186 3159 ίργων
208 3078 346 3148 ἐπιδείξας
368 3079 410 3138 ότι
440 3080 470 3138 οὐ
501 3080 667 3160 βλασφημεῖ,
693 3081 883 3163 ἀναντίρρητον
937 3090 964 3136 et
983 3100 1118 3154 accusans,
1146 3091 1226 3156 atque
1239 3077 1365 3158 operibus
1391 3078 1456 3158 ipsis
1475 3069 1618 3140 ostendens
1633 3101 1663 3140 se

110 3177 163 3249 ἡμῖν
176 3172 317 3253 ταρέσγεν
332 3172 476 3247 ἀπόδειξιν,
494 3170 536 3232 ότι
550 3178 634 3232 ταῦτα
648 3173 771 3246 δύναται,
783 3174 799 3232 δ
811 3175 883 3234 καί6
936 3170 1047 3230 minime
1055 3171 1255 3252 blasphemare,
1263 3169 1449 3230 indubitatam
1455 3171 1535 3230 nobis
1542 3172 1662 3252 praebnit

110 3265 276 3343 γεγεννηκώς.
289 3263 367 3343 Ὅρα
378 3270 439 3339 γοῦν
451 3268 508 3331 πῶς
518 3271 594 3324 τοῦτο
605 3265 806 3325 κατασκεύασαι
818 3265 882 3345 βσύ-
900 3283 919 3332 e
935 3262 1199 3335 demonstrationem,
1225 3261 1298 3322 unde
1320 3276 1421 3322 constet
1438 3262 1533 3322 eadem
1558 3264 1661 3344 ipsum,

111 3356 339 3427 λιται,άτιάτοῦ
364 3354 471 3436 Πατρός
492 3359 548 3414 ἐστι
570 3355 658 3433 μόνον,
674 3362 759 3415 ταῦτα
773 3359 818 3414 καί
832 3361 882 3416 αύ-
936 3378 995 3433 que
1010 3357 1135 3434 Genitor,
1159 3375 1237 3437 posse
1249 3369 1385 3436 presure.
1409 3353 1481 3417 Vide
1495 3356 1591 3435 igitur,
1606 3377 1661 3435 quo

111 3455 159 3508 eot-
180 3453 210 3509 οὗ
222 3449 279 3528 γάρ
303 3449 397 3514 ἁπλῶς
412 3448 540 3519 ἀνέστησε
557 3448 601 3506 τόν
615 3449 806 3530 παραλυτικὸν,
821 3452 880 3510 ἀλλ’
935 3462 1013 3527 pacto
1024 3449 1097 3507 istud
1111 3447 1253 3507 contendat
1265 3446 1415 3525 adstruere,
1433 3469 1494 3525 que
1509 3449 1597 3508 Patris
1611 3470 1659 3508 so-

112 3541 198 3601 ιίαύν·
219 3542 284 3601 Ἰνα
307 3539 338 3600 δὲ
354 3542 441 3610 εἰδῆτε
454 3539 494 3598 ότι
510 3539 627 3609 ἐξουσίαν
650 3540 733 3621 ἐχειό
753 3542 816 3610 itt<
833 3550 880 3603 τοῦ
933 3541 1067 3615 linssunt,
1082 3539 1296 3621 eaipsiusetiam
1309 3560 1383 3598 csse:
1397 3540 1532 3598 nonenim
1546 3540 1657 3621 simpli-

112 3633 237 3712 α’νθριύπου
250 3632 361 3715 ἀφιέναι
375 3631 420 3692 ἐπί
431 3636 479 3702 τῆς
489 3635 539 3711 γῆς
551 3631 699 3710 ἁμαρτίας·
712 3632 792 3702 οὕτως
803 3634 877 3715 ἔργον
933 3631 998 3692 citer
1019 3633 1200 3714 paralyticum
1214 3632 1310 3704 erexit,
1330 3629 1376 3688 scd
1399 3650 1460 3687 cum
1475 3630 1598 3707 dixisset,
1619 3635 1659 3692 Ut
1669 3657 1807 3720 nmmo,

111 3717 215 3806 ἦνσίτῷ
241 3725 289 3785 καὶ
303 3724 409 3796 σπουδὴ
428 3732 504 3784 τοῦτο
528 3723 645 3802 μάλιστα
666 3723 762 3800 δεῖξαι,
776 3727 876 3801 &tt-lv
932 3727 1237 3803 autemseiatis‚quia
1251 3723 1490 3781 Filiuslrominis
1505 3724 1594 3783 hebet
1606 3745 1657 3804 po-

111 3818 179 3889 τ’τὴν
191 3815 334 3878 αὐθεντίαν
347 3815 404 3896 ἔχει
417 3819 456 3896 τῷ
466 3815 563 3895 Πατρί.
931 3827 1064 3874 testatem
1086 3819 1118 3873 in
1140 3827 1219 3872 term
1232 3814 1403 3871 dimittendi
1421 3828 1545 3894 peceato
1560 3839 1570 3874 .·
1586 3816 1656 3877 adeo

930 3905 1083 3964 curabatao
1093 3905 1218 3964 studebat
1231 3905 1284 3964 hoo
1306 3905 1426 3964 manime
1439 3907 1577 3968 ostendere
1598 3908 1653 3969 sibi

929 3997 1052 4057 eamdem
1072 4018 1129 4057 esse
1139 3996 1331 4056 auctoritatem
1347 4017 1410 4056 curn
1423 3998 1512 4058 Patre.

142 4096 230 4152 Ταῦτα
250 4085 439 4163 ούνάπαντα,
463 4094 508 4153 καί
531 4092 748 4176 serpserunt
772 4094 876 4179 ticeps
970 4091 1000 4151 8.
1018 4089 1081 4149 Haee
1094 4090 1181 4170 igitur
1199 4089 1289 4148 omnia
1304 4101 1401 4168 etque
1416 4090 1540 4151 hesterno
1564 4091 1654 4152 dieae
1696 4111 1804 4171 epilogo·

111 4185 198 4257 ἐιείνης
217 4186 350 4266 εἰρημένα
369 4189 417 4256 τῆς
438 4185 540 4266 ἡμέρας
558 4186 625 4265 μετδ
646 4186 783 4268 ἀκριόείας
798 4189 875 4249 κατέ·
929 4181 1125 4242 nudiustertius
1149 4181 1222 4241 dicta
1247 4194 1321 4259 scrut,
1348 4180 1496 4261 diligenter
1522 4185 1651 4244 memoria
1697 4179 1805 4220 sermoni·

111 4302 201 4357 γωμεν,
224 4281 271 4338 καὶ
284 4280 331 4339 τὸν
349 4279 418 4339 Θεδν
431 4282 629 4359 παρακαλῶμεν
651 4280 763 4351 ἀκίνητα
788 4282 874 4359 μένειν
928 4287 1075 4350 teneamus,
1089 4297 1121 4335 ac
1143 4278 1232 4335 Deum
1252 4294 1402 4355 precemur,
1420 4289 1448 4333 ut
1462 4296 1493 4333 ea
1514 4275 1542 4333 in
1562 4290 1651 4336 nostra
1661 4240 1805 4345 iiiiillpin

111 4373 171 4450 ἐιτῇ
185 4373 287 4450 διανοίη
300 4376 335 4450 τῇ
350 4371 484 4451 ἡμετέρᾳ,
496 4372 540 4430 καί
553 4371 602 4444 τὴν
617 4375 681 4452 παρ’
696 4376 797 4432 ἑαυτῶν
816 4377 873 4433 εἰσ·
926 4383 1014 4429 mente
1028 4369 1120 4428 defixa
1138 4381 1325 4450 permaneant,
1344 4381 1519 4448 nostrumque
1531 4368 1653 4430 studium
1661 4365 1804 4469 :laterum-

110 4462 206 4541 α’γωμεν
217 4463 347 4536 σπωδὴν,
360 4464 407 4522 καί
429 4468 544 4543 συνεχῶς
569 4466 680 4524 ἐνταῦθα
703 4465 872 4544 ἀπαντῶμεν.
927 4463 1105 4537 conferamus,
1116 4475 1198 4540 atque
1210 4460 1245 4519 ad
1255 4460 1328 4518 hunc
1338 4460 1428 4520 locum
1445 4462 1598 4541 frequenter
1608 4485 1652 4523 ae·
1677 4433 1771 4471 ‘’nim''

109 4555 179 4614 θύται
204 4558 256 4637 γάρ
279 4554 374 4615 καὶτὰ
388 4556 501 4631 πρόσθεν
516 4556 641 4637 εἰρημένα
656 4554 813 4638 φυλάξομεν,
828 4558 873 4617 καί
891 4569 911 4617 l)
927 4555 1062 4615 celamus.
1092 4554 1138 4614 Sic
1153 4553 1224 4613 enim
1240 4553 1296 4630 liet,
1328 4567 1358 4611 nt
1381 4575 1412 4613 ea
1436 4576 1496 4633 que
1524 4555 1649 4635 superius

108 4648 175 4728 ἕτερα
194 4647 420 4731 προσκτησόμεθα
447 4646 544 4707 πάλιν·
568 4646 617 4707 κᾶν
643 4650 764 4729 ἀπορρυῇ
785 4672 812 4707 τι
833 4652 872 4730 τῷ
927 4647 1076 4708 dictasunt
1091 4667 1289 4722 conservemus,
1305 4657 1331 4704 et
1352 4645 1406 4704 alia
1421 4648 1651 4725 rursusacquira·

107 4741 195 4820 χρόνῳ,
218 4741 315 4821 ῥᾳδίως
341 4740 410 4799 αὐτὰ
435 4738 634 4809 άνακτιξσασθαι
657 4740 824 4821 δυνησόμεθα
838 4766 870 4822 ιη
928 4763 988 4802 mus
1006 4738 1098 4820 :quod
1113 4739 1212 4819 siquid
1224 4739 1292 4797 forte
1304 4739 1383 4819 lapsu
1398 4739 1652 4820 temporiseffluxc-

107 4845 199 4914 erqo
219 4833 390 4914 διδασκαλία.
407 4831 462 4893 Καὶ
474 4833 503 4891 οὗ
525 4832 559 4893 τδ
584 4833 704 4912 δόγματα
720 4834 797 4912 μόνον
811 4839 872 4914 ὑγιῆ
928 4835 973 4905 rit,
993 4833 1071 4893 facile
1088 4832 1158 4891 illud
1180 4829 1287 4890 assidua
1304 4829 1427 4889 doctrina
1451 4832 1553 4892 exculti
1569 4848 1651 4913 pote-

107 4928 144 4983 καί
160 4927 257 5008 άφθορα
274 4936 366 5006 μενεῖ,
382 4923 454 4985 ἀλλὰ
474 4924 519 4984 καλ
532 4931 546 4985 ὁ
560 4926 616 5005 βίος
637 4928 739 4997 πολλῆς
751 4927 872 4988 ἀτολαύ-
926 4928 1012 4986 rimus
1037 4944 1206 5006 recuperare.
1234 4924 1329 5002 Neque
1356 4944 1422 4983 vero
1451 4945 1515 4985 sana
1545 4936 1650 4986 tantum

108 5039 171 5076 σεται
188 5024 233 5091 τῆς
245 5017 420 5099 ἐπιμελείας,
433 5015 480 5076 καί
504 5021 560 5095 μεθ’
582 5019 678 5090 ἡδονῆς
692 5017 737 5078 καί
752 5022 810 5098 μετ’
826 5021 873 5078 rir-
926 5018 1052 5099 dogmata
1063 5017 1258 5099 permanebunt
1266 5016 1555 5097 ctinoorrupta‚sedet
1564 5018 1650 5080 ritem

108 5111 190 5186 θυμίας
212 5113 259 5187 τὴν
284 5119 430 5193 παροῦσαν
454 5109 618 5189 δυνησόμεθα
641 5111 764 5173 διανύσαι
791 5113 873 5187 ζωήν.
928 5126 1048 5171 nostram
1072 5109 1168 5190 majori
1191 5128 1256 5167 cura
1267 5121 1293 5167 et
1306 5107 1428 5168 cautione
1443 5107 1603 5191 dirigemus,
1625 5124 1652 5170 et

108 5200 202 5263 Ὁτοῑον
210 5205 258 5287 γάρ
271 5207 382 5287 ἐνοχλεῖ
392 5202 481 5270 πάθος
491 5200 538 5274 τὴν
551 5203 638 5284 ψυχὴν
655 5207 767 5266 ἐνταῦθα
779 5230 872 5287 παρα·
927 5226 989 5263 cum
999 5203 1138 5284 voluptate
1148 5201 1287 5279 animique
1296 5201 1490 5280 tranquillitate
1499 5204 1551 5263 hoe
1562 5225 1651 5265 aevum

110 5297 330 5381 γινομένωνημιῖω,
345 5295 451 5381 ρφδίως
465 5296 617 5369 διαλυθῆναι
635 5298 794 5372 δυνήσεται·
815 5299 872 5359 ἐπεὶ
927 5297 1074 5376 transigere
1097 5295 1198 5356 licebit.
1228 5296 1299 5354 Nam
1325 5315 1504 5375 quecumque
1540 5297 1649 5357 tandem
