3764 5992
483 447 527 494 ott
553 447 668 495 DECEM
695 448 838 495 lttttttttt
865 446 1012 496 esseut.
1040 449 1205 500 nsssttottte
1231 455 1385 505 llOlllthl·
1682 466 1706 535 9

157 571 254 632 'tatem
276 570 360 653 χάριν
374 572 424 630 καὶ
443 577 458 632 θ
478 571 666 653 εὐαγγελιστὴς
687 561 759 632 εἶπε·
783 574 836 632 Art
858 577 935 632 τοῦτο

161 663 275 742 ὅμοιώθη
294 669 312 735 ἡ
329 663 459 741 βασιλεία
471 669 525 724 τῶν
538 668 656 745 οὐρανῶν
668 664 799 746 ἀνθρώπῳ
814 666 934 744 βασιλεῖ,

160 755 307 827 θςιὶθάλησε
329 766 446 836 συνᾶραι
459 757 537 836 λόγον
558 757 626 836 μετὰ
641 761 693 816 τῶν
715 757 814 818 δούλοιν
836 759 933 816 αὐτοῦ·

161 847 253 915 δεικνύς
273 846 317 907 δτι
337 848 385 907 διὰ
411 855 489 910 τοῦτο
509 849 583 928 λέγιι
595 848 643 922 τὴν
655 849 810 929 παραδολὴν
824 849 935 923 ταύτην,

162 939 200 997 θα
217 940 305 1020 μάθῃς
327 939 372 1000 ὅτι
396 938 448 999 αὐν
476 940 686 1018 ἐθομηκοντάιιις
706 941 775 1000 ἐπτδι
798 944 868 1022 ἀφῇς
887 946 936 1014 τῆς

164 1029 256 1112 ίμίρας
269 1036 310 1111 τῷ
334 1033 444 1113 ἀδελφῷ
466 1031 501 1092 τίι
518 1033 716 1113 ἁμαρτήματα,
735 1031 839 1092 οὐδίπω
861 1033 936 1092 οὐδὲν

166 1123 224 1202 μίγα
237 1123 371 1204 εἰργάσω,
383 1124 456 1185 ἀλλὰ
469 1124 539 1185 resti
554 1125 602 1184 καὶ
622 1125 720 1206 άφατον
737 1125 869 1206 ἀπολείπῃ
888 1129 937 1197 τῆς

168 1217 314 1288 διστοτυιῆς
340 1216 559 1297 φιλανθρωπίας,
583 1215 629 1276 καί
655 1222 684 1276 οὐ
717 1225 839 1279 τοσοῦτον
861 1217 937 1285 δίδως

168 1306 386 1385 δστνλαμόάνεις.

991 572 1075 653 tibus,
1086 576 1226 638 Christum
1240 580 1403 660 alloquitur:
1418 584 1450 643 St
1465 587 1628 646 istiusmodi
1637 607 1706 646 eort-
1716 605 1802 650 ιιωιι.
1819 615 1860 666 ιο.

990 671 1063 728 ditio
1077 685 1120 732 est
1147 676 1274 736 bominis
1292 699 1359 737 eum
1379 700 1482 758 uxore,
1507 702 1567 740 nort
1589 684 1705 762 expedit
1719 678 1754 711 ¹⁰·

991 767 1210 825 matrimonium
1225 772 1308 828 inire.
1329 772 1366 831 Et
1382 771 1428 831 bic
1440 795 1546 852 quoquc
1563 773 1628 834 vide
1640 795 1708 852 quo·
1738 793 1857 837 retrusae

991 852 1072 912 modo
1085 855 1223 916 decentem
1237 860 1366 938 magistro
1377 864 1552 923 reverentiam
1567 885 1708 924 conserva·
1716 854 1859 961 1·ξῇἫῖιέ

991 945 1040 1020 vit,
1050 959 1077 1005 et
1087 949 1253 1028 reliquorum
1269 953 1363 1012 salutis
1380 975 1473 1014 curam
1492 957 1582 1036 gessit,
1597 978 1631 1016 nc
1649 957 1762 1024 isticce..

991 1037 1101 1115 quidem
1114 1041 1148 1100 de
1167 1043 1249 1102 rebus
1272 1045 1328 1104 suis
1347 1046 1487 1107 sollicitus.
1502 1050 1542 1108 Ne
1555 1062 1646 1108 autem
1663 1050 1710 1109 hic
1772 1088 1782 1107 .

992 1126 1145 1191 istiusmodi
1159 1134 1301 1216 quidpiam
1313 1136 1398 1215 dicat,
1408 1139 1558 1220 anticipans
1570 1162 1620 1221 per
1630 1162 1710 1222 para·

994 1217 1095 1298 bolam,
1108 1224 1167 1304 ejus
1181 1227 1419 1288 contradictionem
1434 1232 1585 1292 antevertit.
1597 1231 1655 1291 Hac
1676 1231 1711 1291 de

995 1331 1075 1372 causa
1091 1317 1253 1396 evangelista
1272 1317 1356 1396 dixit,
1372 1322 1443 1378 ldeo
1456 1323 1655 1381 assimilatum
1667 1335 1711 1382 est

996 1426 1116 1486 regnum
1130 1412 1267 1470 emiorum
1282 1414 1396 1471 bomini
1411 1417 1481 1494 regi,
1495 1419 1546 1495 qui
1558 1416 1650 1475 voluit
1658 1437 1711 1496 po·

997 1520 1065 1557 nere
1077 1506 1222 1562 rationem
1233 1525 1299 1563 oum
1310 1511 1400 1566 servis
1415 1510 1476 1566 suis
1488 1531 1497 1564 .·
1511 1507 1664 1583 ostendens,
1683 1528 1713 1567 se

996 1586 1058 1648 idco
1079 1592 1237 1671 parabolam
1249 1594 1320 1654 hanc
1341 1594 1439 1672 dicere,
1460 1610 1491 1656 ut
1505 1595 1592 1656 discas
1613 1610 1648 1671 te,
1662 1597 1711 1656 etsi

996 1681 1147 1760 septuagies
1160 1685 1257 1765 septies
1270 1685 1354 1746 indie
1367 1687 1443 1775 fratri
1455 1702 1560 1770 peccata
1569 1687 1712 1764 remiseris,

997 1771 1067 1831 nihil
1081 1777 1256 1859 magnificum
1272 1779 1376 1858 iecisse,
1393 1780 1443 1841 sed
1456 1781 1573 1841 multum
1585 1782 1675 1841 adhuc
1685 1795 1713 1841 et

998 1864 1158 1926 immensum
1175 1889 1190 1926 a
1205 1871 1316 1931 Domini
1333 1872 1473 1932 clementia
1491 1873 1593 1952 abesse,
1608 1895 1640 1933 ac
1659 1894 1712 1934 non

996 1968 1102 2018 tantum
1117 1958 1233 2034 dedisse,
1250 1977 1383 2041 quantum
1392 1965 1531 2046 receperis.

202 2049 412 2133 Ἐπααούσωμεν
424 2054 515 2114 τοίνυν
527 2057 579 2126 τῆς
592 2051 758 2133 παραθολῆς·
772 2055 796 2111 εἰ
808 2051 861 2132 γὰρ
871 2053 942 2112 δοκεῖ
961 2057 980 2105 ὓ
1038 2052 1067 2109 ἐ.
1082 2051 1233 2111 Audiamus
1251 2054 1336 2134 igitur
1351 2057 1519 2137 parabolam,
1531 2078 1592 2136 quae
1608 2058 1715 2117 tametsi

173 2143 208 2202 ιιί
217 2145 323 2205 αὐτόθεν
333 2136 404 2205 εἶναι
419 2145 524 2226 σαφὴς,
538 2149 598 2205 ἀλλ’
612 2145 668 2226 ἔχει
682 2145 728 2204 καὶ
745 2146 943 2226 ἐναποαειιρυμ-

174 2236 237 2313 μ’νον
253 2238 315 2296 τινὰ
329 2238 468 2317 θησαυρὸν
483 2237 625 2316 νοημάτων
640 2237 749 2317 ἄφατον.
765 2233 904 2312 Ὡμοιώθη
925 2241 942 2308 ἡ

175 2327 282 2405 βασιλεία
297 2332 354 2388 τῶν
367 2332 493 2410 οὐρανῶν
514 2329 646 2411 ἀνθρώπῳ
662 2331 778 2408 βασιλεῖ,
792 2327 864 2397 ὅστις
882 2327 943 2400 ἠθέ-

173 2421 227 2492 λησε
245 2432 363 2501 συνᾶραι
382 2421 463 2502 λόγον
486 2420 557 2499 μιτίι
578 2425 631 2481 τῶν
652 2420 750 2480 δούλοιν
781 2424 870 2481 αὐτοῦ.
895 2420 943 2493 Μὴ

172 2513 341 2592 παραδράμῃς
355 2514 452 2580 ἁπλῶς
471 2512 520 2585 τὴν
535 2518 622 2593 ῥῆσιν,
635 2513 704 2572 α’λλθ
728 2513 774 2572 καὶ
797 2512 943 2583 ἀνάπτυξόν

173 2626 209 2679 μοι
223 2606 252 2664 τδ
268 2605 448 2684 δααστηφιον
459 2608 558 2679 ἐιιεῖνο,
570 2605 616 2665 καί
631 2607 667 2672 είς
686 2605 716 2664 eb
727 2605 842 2672 συνειδθς
861 2606 945 2664 εἰσελ-

172 2695 216 2755 tte
226 2696 257 2756 τδ
267 2701 405 2769 σεαυτοῦ,
418 2696 577 2777 άναλόγισαι
588 2697 621 2757 τὰ
631 2697 805 2778 πεπραγμίνα
816 2720 858 2756 σοι
871 2696 945 2778 παρὰ

172 2797 248 2848 rtem
272 2788 327 2862 ‘sols
348 2788 439 2861 ζοιτίν·
462 2789 509 2848 καὶ
530 2792 594 2849 ὅταν
613 2789 744 2871 ἀκούσῃς,
767 2788 809 2848 dtr
827 2790 945 2872 συναίρει

172 2881 239 2958 λόγον
255 2880 330 2959 μετὰ
352 2887 410 2942 τῶν
433 2882 535 2941 δούλων
558 2885 655 2957 αὐτοῦ,
675 2881 721 2941 καί
745 2883 878 2962 βασιλεῖς,
900 2884 946 2943 καὶ

172 2973 348 3053 στρατηγὼς,
365 2974 414 3033 καλ
425 2973 575 3056 ἐπάρχους,
590 2974 636 3035 καὶ
648 2973 787 3042 πλουσίους
804 2975 850 3034 καὶ
865 2975 946 3047 πίνη-

173 3087 228 3136 τας,
240 3067 289 3126 καὶ
304 3065 417 3135 δούλους
429 3067 476 3126 καί
489 3067 653 3150 ἐλευθίραος,
665 3066 712 3126 καλ
729 3068 831 3135 πάντας
851 3070 946 3128 άναλο·

171 3157 235 3234 μ’ζσυ
245 3182 253 3195 ·
263 3158 380 3226 Πάντας
392 3159 445 3239 γὰρ
458 3164 530 3237 ἡμᾶς
543 3163 726 3240 φανερωθῆναι
743 3159 782 3218 δεῖ
799 3158 946 3238 ἔμπροσθεν

999 2141 1071 2202 clara
1083 2142 1218 2220 videatur,
1229 2145 1312 2205 babet
1325 2160 1412 2207 tamen
1423 2149 1560 2208 occultum
1570 2149 1716 2227 quemdam

999 2246 1025 2291 et
1038 2233 1204 2294 ineffabilem
1216 2237 1406 2297 sententiarum
1416 2239 1715 2302 thesaurum.Assimi·

1000 2325 1095 2383 lotum
1108 2339 1152 2385 est
1166 2348 1286 2407 regnum
1300 2331 1439 2389 celorum
1453 2333 1567 2391 ltomim'
1576 2337 1648 2414 regi,
1665 2338 1717 2413 qui

999 2417 1097 2476 volarit
1110 2421 1254 2476 rationem
1266 2440 1374 2499 potiere
1387 2443 1453 2481 cum
1472 2428 1565 2483 servis
1579 2429 1650 2485 suis.
1675 2427 1716 2484 Ne

999 2509 1067 2567 mihi
1090 2523 1277 2590 pretercurras
1299 2513 1459 2593 simpliciter
1484 2515 1533 2575 bas
1557 2537 1644 2592 voees,
1669 2518 1717 2577 sed

999 2599 1096 2659 evolve
1106 2613 1132 2658 et
1145 2601 1251 2682 explica
1262 2614 1387 2663 naturam
1402 2606 1460 2686 ejus
1471 2606 1716 2688 judicii,tuamque

1001 2691 1188 2752 conscientiam
1209 2693 1354 2774 ingressus,
1368 2711 1492 2777 computa
1515 2699 1649 2780 quidquid
1663 2714 1718 2760 ate

1001 2783 1102 2842 lactum
1118 2798 1158 2843 ast
1170 2806 1219 2865 per
1236 2806 1342 2846 omnem
1358 2787 1453 2866 vitam,
1469 2803 1495 2849 et
1514 2812 1576 2850 cum
1597 2793 1717 2853 audieris

1001 2874 1132 2935 rationem
1155 2875 1298 2936 dominum
1318 2879 1437 2939 conferre
1459 2903 1522 2941 cum
1546 2885 1633 2945 servis
1647 2885 1714 2956 suis,

1002 2968 1090 3047 cogita
1101 2968 1128 3028 in
1138 2967 1182 3028 his
1191 2970 1281 3030 verbis
1295 2991 1370 3050 reges
1383 2985 1409 3031 et
1424 2972 1517 3052 duces,
1532 2989 1558 3034 et
1578 2976 1717 3057 presides,

1002 3073 1029 3120 et
1040 3059 1151 3132 divites,
1166 3074 1192 3120 et
1207 3083 1348 3143 pauperes,
1371 3078 1397 3124 et
1410 3086 1512 3144 servos,
1528 3081 1554 3126 et
1569 3067 1681 3147 liberos,
1692 3082 1719 3130 et

1004 3150 1138 3235 qpidquid
1149 3167 1187 3212 est
1201 3153 1351 3230 hominum,
1365 3155 1479 3237 intelligi
1495 3180 1503 3214 ι
1520 3161 1628 3221 Omnes
1639 3165 1717 3221 enim
1728 3184 1751 3219 a.
1762 3171 1817 3218 Cor.
1828 3172 1853 3217 5.

171 3257 211 3310 τοῦ
223 3251 351 3329 βήματος
362 3255 410 3310 τοῦ
427 3253 553 3331 Χριστοῦ.
565 3249 621 3311 [tto
635 3249 759 3317 πλούσιος
767 3242 813 3331 ᾖς,
823 3250 947 3321 ἐννόησον
964 3244 983 3293 Ε
1003 3266 1057 3306 nos
1068 3249 1254 3328 manifestari
1262 3262 1448 3327 oportetoute
1457 3255 1590 3315 tribunal
1599 3255 1719 3315 Cltristi.
1731 3246 1771 3283 ¹⁰·

171 3344 207 3402 θτι
217 3344 315 3410 δώσεις
328 3342 420 3424 λόγον,
434 3344 545 3423 πότερον
565 3346 601 3411 είς
616 3343 732 3424 πόρνας,
747 3341 765 3414 ἢ
782 3341 948 3414 cicerisque

171 3434 202 3494 el
213 3434 348 3515 χρήματα
372 3435 583 3508 κατηνάλιιισας,
598 3435 709 3517 πότερον
728 3437 765 3502 εἰς
786 3434 948 3514 παρασίτους

171 3526 214 3584 καί
226 3525 364 3599 κόλακας,
375 3525 394 3596 ἢ
405 3529 441 3592 είς
451 3523 511 3592 τούς
532 3525 685 3605 δεομένους,
697 3525 807 3608 πότερον
817 3528 855 3592 είς
869 3524 947 3584 ἀσελ-

170 3617 279 3696 ιμιανῆ
307 3622 345 3685 είς
365 3617 575 3699 φιλανθρωπίαν,
588 3617 699 3698 πότερον
723 3619 760 3687 εἰς
779 3617 880 3697 τρυφὴν
902 3616 948 3676 καὶ

171 3712 288 3770 ieremias
310 3712 358 3770 καί
370 3711 503 3789 μίθην,ἢ
525 3715 561 3777 εἰς
580 3710 628 3783 τὴν
650 3716 704 3771 τῶν
727 3709 947 3790 ἐπηρεαζομίνων

172 3806 304 3882 βοήθειαν.
316 3808 379 3884 Οὐχ,
387 3805 454 3884 θπέρ
466 3810 515 3877 τῆς
531 3806 649 3875 δαπάνης
663 3803 692 3863 δέ
711 3803 799 3882 μόνον,
813 3803 882 3863 ἀλλὰ
901 3803 946 3862 καί
970 3842 980 3878 t

1004 3337 1084 3412 Quod
1096 3337 1118 3396 si
1127 3336 1207 3397 dives
1220 3338 1268 3415 sis,
1284 3340 1371 3418 cogita
1382 3340 1455 3420 quod
1474 3344 1605 3405 rationem
1628 3345 1719 3425 dabis,

1003 3443 1093 3488 utrum
1114 3428 1141 3487 in
1166 3430 1327 3508 meretrices,
1347 3454 1380 3490 an
1393 3433 1420 3492 in
1437 3455 1577 3515 pauperes,
1595 3437 1722 3517 pecunias

1003 3519 1175 3580 insumseris:
1193 3535 1283 3580 uuum
1298 3524 1325 3581 in
1338 3525 1467 3603 parasitos
1488 3540 1515 3584 et
1531 3522 1717 3607 assentatores,

1004 3633 1038 3670 an
1052 3614 1079 3671 in
1088 3626 1194 3690 egentes
1210 3637 1216 3674 :
1230 3627 1321 3672 utrum
1331 3614 1357 3672 in
1372 3614 1525 3692 libidinem,
1537 3638 1570 3676 an
1586 3619 1613 3677 in
1620 3618 1720 3681 huma·

1004 3705 1129 3766 nitatem:
1138 3718 1230 3763 utrum
1238 3705 1264 3762 in
1271 3705 1393 3781 delicias,
1403 3707 1719 3789 prodigalitatem,ebric-

1003 3811 1097 3873 tatem,
1111 3819 1146 3856 an
1160 3798 1187 3856 in
1197 3797 1359 3856 afflictorum
1373 3799 1536 3861 subsidium.
1553 3804 1612 3863 Non
1626 3803 1661 3864 de
1673 3826 1721 3865 ex·

172 3899 295 3978 ὐπὲριῆς
316 3899 436 3970 κτήσεως
447 3898 618 3977 inauratior,
640 3897 727 3976 λόγω,
738 3897 848 3978 πότερον
860 3901 890 3956 ἐκ
907 3898 947 3955 δι·
966 3897 985 3942 Α
1004 3890 1094 3971 pensis
1116 3890 1296 3962 solummodo,
1323 3891 1370 3951 scd
1388 3891 1423 3950 de
1442 3895 1625 3973 acquisitionis
1638 3898 1719 3958 modo

172 3990 252 4048 καίων
273 3992 376 4061 πόνων,
397 3988 415 4061 ἢ
439 3989 467 4058 ἐξ
489 3993 611 4071 ἁρπαγῆς
631 3989 677 4047 καὶ
697 3988 847 4058 πλεονεξίας
872 3987 948 4047 συνέ-

172 4081 262 4155 λεξας,
272 4082 388 4161 πότερον
401 4082 500 4161 κλῆρον
515 4080 698 4158 διαδεξόμενος
716 4085 850 4162 πατρῷον,
863 4079 881 4152 ἢ
899 4080 948 4147 τδις

171 4179 223 4233 τῶν
236 4177 362 4252 ὀρφανῶν
380 4172 566 4253 καταστρέψας
579 4172 680 4247 ululae,
697 4171 743 4231 καλ
759 4171 808 4241 τὰς
820 4176 873 4232 τῶν
894 4196 946 4252 χη-

173 4269 222 4344 piis
240 4265 395 4346 διαρπάσας
411 4264 511 4332 οὐσίας.
527 4264 581 4324 Καὶ
600 4266 720 4346 καθάπερ
743 4269 822 4343 ἡμεῖς
839 4273 894 4332 τοῖς
913 4267 949 4323 el-

173 4358 259 4425 κέταις
269 4366 326 4426 τοῖς
337 4358 477 4439 ἡμετέροις
487 4356 548 4439 οὐχί
561 4361 610 4429 τῆς
628 4357 714 4427 ἐξόδου
726 4357 804 4436 μόνον
815 4360 869 4416 τῶν
879 4381 948 4438 χρη-

174 4452 275 4528 μάτων,
287 4450 418 4509 ἀλλὰκαὶ
430 4454 478 4522 τῆς
498 4449 600 4511 εἰσόδου
613 4452 777 4528 ἀπαιτοῦμεν
800 4449 845 4509 τδν
861 4450 949 4529 λόγον,

175 4544 338 4613 ἐξετάζοντες
350 4542 430 4602 πόθεν
440 4541 598 4611 θπιδέξαντο
610 4541 644 4601 τά
653 4541 801 4623 χρήματα,
817 4538 863 4600 καί
875 4540 950 4621 παρὰ

175 4638 270 4709 τίνων,
302 4635 350 4695 καί
388 4639 462 4708 πῶς,
487 4634 534 4695 καλ
566 4633 656 4696 πόσα·
690 4634 758 4694 οὕτω
794 4633 826 4706 δὴ
859 4634 906 4693 καὶ
936 4636 951 4692 θ

175 4742 242 4808 Θεὸς
262 4739 323 4818 οὐχὶ
344 4743 393 4811 τῆς
414 4736 536 4810 δαπάνης
551 4736 641 4816 μόνον,
664 4736 734 4797 titt
755 4735 868 4808 καὶτῆς
887 4734 952 4810 κτή-

177 4867 242 4909 σεως
255 4850 331 4921 ἡμᾶς
341 4846 453 4901 ἀπαιτεῖ
466 4839 514 4908 τὰς
536 4839 651 4910 εὐθύνας.
670 4843 732 4921 Οὐχ
744 4844 759 4899 θ
783 4839 910 4906 πλούσιος
924 4837 951 4898 δὲ

179 4945 265 5024 μόνον,
281 4943 351 5003 ἀλλὰ
370 4943 418 5004 καί
439 4948 455 5003 θ
475 4940 557 5016 πένης
570 4947 618 5015 τῆς
639 4940 730 5009 πενίας
745 4942 835 5001 δίδωσι
855 4940 952 5021 λόγον·

1004 3981 1133 4041 rationem
1142 3983 1342 4063 postulaberis:
1361 3997 1452 4043 utrum
1462 3986 1544 4066 justis
1567 3988 1718 4069 laboribus,

1004 4095 1038 4133 an
1061 4074 1164 4155 rapinis
1189 4087 1215 4133 et
1242 4076 1354 4135 avaritia
1384 4078 1525 4157 pecuniam
1554 4081 1718 4162 collegeris:

1006 4179 1097 4226 utrum
1111 4167 1146 4225 sit
1159 4165 1313 4247 patrimonii
1326 4167 1471 4243 hereditas,
1490 4193 1524 4230 an
1547 4172 1574 4231 id
1594 4188 1718 4236 coactum

1005 4259 1040 4320 sit
1053 4280 1089 4318 ex
1102 4258 1269 4340 pupillorum
1284 4261 1384 4319 cversis
1394 4260 1532 4340 domibus,
1542 4278 1568 4322 et
1582 4266 1721 4346 spoliatio-

1006 4352 1086 4412 nibus
1094 4350 1250 4410 viduarum.
1266 4351 1501 4422 Quemadmodum
1512 4376 1619 4416 nosnon
1632 4357 1721 4418 solum

1005 4465 1021 4501 a
1043 4441 1128 4502 servis
1150 4440 1248 4499 nostris
1269 4440 1398 4500 rationem
1425 4445 1500 4502 elatae
1518 4446 1648 4525 pecuniae,
1672 4449 1721 4509 sed

1005 4530 1085 4591 etiam
1096 4530 1177 4588 illatae
1190 4529 1370 4608 exposcimus,
1381 4531 1548 4590 excutientes
1562 4533 1635 4593 unde
1644 4557 1723 4616 pecu·

1006 4617 1719 4703 nias,aquibus,etquomodo,etquantasacceperint:

1007 4707 1044 4766 ita
1058 4721 1083 4765 et
1095 4707 1168 4764 Deus
1182 4725 1234 4762 non
1248 4703 1335 4762 solum
1347 4705 1469 4785 expensi,
1479 4707 1523 4777 sed
1531 4709 1612 4769 ctiam
1619 4713 1723 4794 accepti
1749 4725 1838 4784 Accepit
1854 4733 1875 4768 et

1008 4811 1033 4857 et
1046 4793 1171 4874 acquisiti
1188 4793 1303 4852 rationes
1323 4793 1453 4873 postulat.
1480 4797 1541 4855 Non
1555 4791 1879 4895 solumverof¹¹⁰l13⁸22¹oefss¹

1007 4889 1096 4963 dives,
1104 4884 1186 4943 sedet
1200 4904 1301 4963 pauper
1316 4883 1429 4942 rationes
1443 4885 1487 4943 vel
1507 4885 1594 4966 ipsius
1605 4911 1721 4971 pauper·
1733 4913 1816 4957 tanda.

1008 4977 1071 5037 tatis
1086 4973 1178 5034 subit:
1194 4994 1227 5031 an
1239 4992 1365 5051 generoso
1375 4983 1400 5029 ct
1416 4987 1491 5051 grato
1505 4974 1595 5036 animo
1608 4999 1725 5060 pauper-

177 5048 201 5103 ‘i
212 5043 336 5124 tanim?
363 5044 411 5105 ml
436 5042 602 5125 εὖχαθίθῗωῖ
628 5041 676 5115 τὴν
698 5041 798 5102 πενίαν
823 5041 947 5122 *lstimir
970 5053 989 5101 Β
1009 5079 1092 5125 tatem
1108 5061 1212 5134 tulerit,
1226 5083 1260 5119 an
1275 5081 1328 5119 non
1344 5060 1522 5142 egrotulerit,
1539 5086 1573 5124 an
1588 5086 1642 5125 non
1654 5066 1725 5126 indi·

180 5150 201 5206 εί
224 5145 261 5225 μὴ
284 5144 529 5218 άπεδυσπέτησεν,
548 5147 571 5204 εἰ
592 5143 629 5223 μὴ
653 5142 837 5225 ἐδυσχέρανεν,
860 5145 884 5203 εί
912 5143 950 5222 μὴ

180 5248 337 5330 κατηγόρησε
367 5255 418 5322 τῆς
444 5251 495 5307 τοῦ
518 5241 589 5308 Θεοῦ
612 5243 754 5326 προνοίας,
774 5244 863 5327 ἐτιρον
888 5249 955 5328 θρύον

311 5351 387 5391 vom.
415 5348 469 5387 ιιι.

1012 5150 1208 5235 gnatnsluerit,
1222 5170 1256 5208 an
1270 5170 1324 5207 non
1340 5148 1502 5212 incusaverit
1517 5151 1568 5210 Dei
1580 5153 1725 5235 providen-

1014 5245 1153 5317 sirmeum
1161 5239 1265 5301 videret
1273 5237 1358 5300 alium
1368 5239 1396 5299 in
1404 5238 1741 5379 voluptatibtqsdelicianv
1809 5284 1847 5303 .-
