3764 5992
256 396 326 487 248
573 416 604 464 s.
632 415 771 463 ioannis
797 412 978 461 cunrsosn.
1009 408 1168 458 innume.
1193 406 1463 457 oonsraurtuor.

105 560 212 606 statut.
222 573 246 605 2.
256 541 349 620 risset,
368 542 465 620 Quare
491 541 683 621 dereliquisti,
696 539 743 615 ait,
760 557 881 596 uxorem
900 536 973 595 ado·
1025 534 1069 602 εύς
1082 555 1142 610 σου,
1156 530 1203 592 καλ
1215 533 1263 594 ούκ
1275 530 1355 600 ἀλλος
1372 530 1505 604 ἀεοάησεν.
1520 527 1594 611 Ὅρα
1617 527 1691 590 πάσα
1714 527 1795 601 τίθησι

110 625 145 681 ¹4·
257 633 403 693 lescentioe
423 639 500 692 tute?
513 644 605 711 postea
618 643 649 689 nt
661 612 783 689 ostendat
794 640 926 706 quantum
940 626 975 686 sit
1027 624 1210 703 δικαιώματα·
1229 626 1334 706 πρῶτον
1348 623 1380 684 τθ
1393 625 1441 695 τῆς
1452 621 1574 694 ἡλικίας,
1591 623 1615 682 Γ
1615 619 1665 693 wi
1682 620 1793 692 νεότητός

257 723 371 801 malum,
387 736 413 783 et
426 743 508 801 quam
517 719 644 801 indignus
658 720 693 780 sit
709 720 783 778 omni
798 719 877 780 nenia
890 718 913 777 is
927 717 974 797 qui
1029 741 1091 778 σου·
1105 708 1163 777 εἶτα
1173 717 1204 777 τθ
1213 720 1370 796 ἀναγκαῖον,
1384 714 1440 776 Καὶ
1452 714 1520 787 αύιη
1532 713 1658 781 κοινωνός
1671 736 1730 774 σου·
1740 703 1788 773 εἶτα

257 815 310 875 boe
325 815 396 889 lecit,
406 813 434 872 in
447 811 620 891 sequentibus
630 811 825 870 accusationem
837 822 927 889 auget,
936 808 976 868 sic
1028 810 1072 869 τὸν
1086 813 1134 881 τῆς
1154 805 1325 889 δημισνφγύας
1346 806 1456 888 spinet,
1479 805 1704 884 Ἐγκατάλειμμα
1716 804 1785 865 rsti-

108 913 169 958 totu.
257 906 365 967 dicens:
376 909 418 966 Et
432 909 490 964 ista
499 908 580 964 socia
594 916 655 980 tua,
667 918 696 963 et
709 925 784 963 uxor
791 900 873 984 pacti
883 906 936 974 tui,
948 915 976 961 et
1030 900 1112 980 ματός
1123 923 1178 960 σου.
1495 934 1498 939 -

257 999 390 1079 reliquiae
400 999 519 1077 spiritus
541 998 593 1071 tui,
604 1008 633 1054 et
648 1016 707 1053 non
716 995 887 1075 eliussecit.
902 992 977 1055 Vide

259 1103 359 1168 quanta
381 1086 493 1168 apponit
506 1086 569 1166 juro
577 1109 587 1165 5
600 1086 721 1169 primum
732 1100 847 1159 aetatem,
862 1085 974 1146 dicens:

262 1184 342 1241 Uxor
368 1181 573 1241 adolescentie
610 1192 686 1250 τινας
707 1179 804 1238 deinde
824 1179 976 1239 societatem

257 1272 333 1346 vite,
345 1272 438 1332 dicens
448 1273 505 1330 zEt
517 1272 575 1330 ista
585 1275 666 1330 socia
681 1284 732 1330 tua
739 1295 751 1342 ;
759 1285 851 1352 postea
864 1270 976 1330 modurn

257 1364 439 1437 formationis,
466 1363 577 1424 dicens:
593 1363 735 1443 Reliquiae
768 1366 886 1442 spiritus
920 1365 973 1421 τιεί.

257 1457 273 1488 ¹*
274 1458 286 1536 [
292 1459 354 1517 Non
366 1456 439 1516 enim
449 1455 483 1515 de
491 1470 561 1516 terra
573 1456 686 1514 formata
695 1467 734 1514 est
745 1456 815 1514 sicut
824 1453 920 1530 Adam,
928 1454 977 1514 sed

257 1546 397 1607 deformati
411 1559 508 1606 eterra
521 1547 615 1623 lutere,
635 1559 662 1604 et
684 1545 735 1605 hoc
758 1545 888 1624 estquod
910 1544 978 1606 dicit

257 1641 473 1718 ἐγκατάλειμμα,
487 1640 529 1697 Et
539 1638 671 1717 reliquiae
683 1641 801 1716 spiritns
814 1639 883 1714 tui]

297 1730 326 1787 5.
342 1728 456 1789 tdhaec
469 1729 575 1804 omnia,
590 1727 663 1807 quod
677 1727 805 1787 omnibus
819 1726 875 1785 illis
889 1728 977 1808 majus
1071 1723 1143 1804 Πρὸς
1163 1722 1265 1794 τούτοις
1293 1724 1401 1798 ἅπασιν,
1422 1724 1437 1787 θ
1456 1727 1565 1788 πάντων
1590 1729 1686 1792 ταύταν
1708 1732 1772 1811 μεῖζον
1808 1732 1814 1763 ²

258 1820 472 1898 luerit,aceedit
499 1819 653 1880 Conditoris
675 1818 801 1898 dignitas.
821 1819 878 1877 Hoc
905 1819 977 1878 enim
1030 1805 1073 1888 ἦν,
1088 1815 1179 1877 τὸτοῦ
1196 1817 1480 1898 ποιήσαντοςάξάωμα.
1501 1823 1590 1882 Τοῦτο
1610 1823 1661 1904 γάρ
1678 1822 1771 1899 imi,
1808 1822 1818 1855 ²·

257 1913 392 1993 signifieat
412 1912 494 1989 iilud,
509 1914 580 1971 Non
600 1913 679 1970 alius
696 1912 779 1991 feeit.
805 1911 866 1969 Non
889 1923 974 1991 potes,
1030 1909 1400 1984 Ούκάλλοςάποίησεν.ούκ
1415 1911 1503 1992 ἔχεις,
1526 1913 1621 1994 φησὶν,
1641 1920 1729 1989 εἰπεῖν,
1744 1916 1774 1977 in
1812 1898 1818 1949 ἶ

258 2003 355 2083 inquit,
368 2003 466 2075 dicere,
482 2003 555 2082 quod
570 2016 597 2062 te
609 2001 720 2082 quidem
733 2001 889 2079 Deuslecit,
901 2002 977 2061 illam
1030 1998 1060 2060 ol
1076 1999 1123 2078 plu
1147 2005 1163 2061 θ
1189 2001 1258 2070 Θεὸς
1286 2002 1418 2077 ἐποίησεν,
1438 2003 1543 2076 ἐκείνην
1566 2005 1594 2065 δὲ
1608 2008 1657 2088 οθχ
1678 2009 1773 2081 boue,
1812 2010 1818 2040 ²

257 2114 321 2155 vero
332 2114 385 2154 non
398 2096 484 2170 Deris,
499 2093 546 2153 sed
566 2093 636 2152 alius
650 2093 762 2172 quidam
777 2092 825 2153 illo
845 2093 974 2172 inferior3
994 2096 1012 2142 θ
1031 2093 1091 2150 ἀλλ’
1106 2091 1184 2159 ἀλλος
1195 2115 1236 2160 τις
1260 2093 1359 2152 ἐκείνου
1379 2093 1597 2176 καταδεέστερος·
1610 2099 1669 2158 ἀλλ’
1691 2091 1723 2167 εἷς
1741 2098 1776 2158 καλ
1808 2103 1818 2133 -ῑ

257 2183 388 2245 sedunus
402 2184 515 2244 etidem
538 2199 664 2264 utrosque
679 2199 807 2244 utessent
825 2183 975 2265 produxit:
1030 2184 1132 2251 θαῦτθς
1145 2183 1308 2266 ἀμφοτέρους
1326 2189 1362 2253 εἰς
1381 2186 1413 2246 τὸ
1426 2177 1492 2245 εἷναι
1503 2188 1682 2269 παραγαγών·
1696 2189 1776 2250 ἀστιά
1811 2192 1818 2226 ²

257 2276 333 2336 etita
346 2276 710 2354 quamvisnihilaliud‚boc
724 2277 819 2335 saltem
832 2275 975 2355 reveritus,
1030 2274 1076 2333 καὶ
1090 2274 1173 2352 μηδὲν
1193 2275 1290 2358 ἕτερον,
1305 2283 1381 2336 τοῦτο
1393 2283 1455 2356 γοῦν
1469 2280 1614 2354 αἰδεσθεὶς,
1627 2280 1776 2361 φύλαττενύμ
1812 2266 1818 2317 l

257 2367 396 2429 mritatem
417 2389 478 2447 erga
494 2368 570 2427 illam
583 2368 700 2431 custodi.
720 2370 790 2427 Nam
802 2369 825 2428 si
840 2390 910 2450 saepe
925 2370 978 2430 boe
1029 2365 1187 2445 πφθςαθτὴν
1199 2367 1315 2446 ἀγάπην.
1336 2370 1370 2428 Εἰ
1391 2368 1444 2451 γάφ
1464 2367 1587 2440 1’δούλοις
1607 2371 1778 2441 πολλάκιςτοῐς
1814 2379 1818 2409 ¹

258 2460 343 2521 servis
356 2459 527 2540 litigantibus
541 2473 642 2520 mntuae
656 2460 808 2520 dilectionis
823 2461 977 2539 causaluit,
1030 2459 1097 2538 πρὸς
1122 2459 1251 2532 ἀλλήλους
1279 2459 1462 2530 στασιάζουσιν
1486 2463 1611 2532 ὑπόθεσις
1632 2469 1706 2526 τοἸτο
1721 2464 1780 2545 pipi·
1815 2472 1818 2502 ²

258 2553 323 2631 quia
331 2554 412 2613 ambo
426 2553 473 2611 uni
482 2566 509 2612 et
521 2551 609 2613 eidem
622 2551 732 2613 domino
745 2553 978 2614 serviunmmulto
1032 2573 1124 2624 νηται,
1148 2550 1180 2610 τὸ
1203 2551 1256 2610 δεῖν
1276 2550 1347 2631 λέγω
1368 2550 1428 2620 τοὺς
1454 2554 1618 2635 ἀμφοτέρους
1637 2556 1675 2616 tot
1693 2557 1780 2637 misit
1815 2564 1818 2593 ²

257 2645 345 2724 magis
361 2643 438 2705 nobis
452 2644 504 2705 boc
517 2643 839 2723 stericonvenit‚quando
853 2644 979 2705 eumdem
1030 2641 1103 2720 αὐτῷ
1124 2641 1262 2702 δουλεῦσαι
1281 2642 1411 2722 isonis-g,
1429 2647 1521 2726 πολλῷ
1546 2649 1648 2724 μᾶλλον
1669 2651 1707 2730 ἀφ’
1720 2651 1782 2727 tp&
1815 2676 1818 2681 ·

258 2748 284 2794 et
309 2737 486 2810 conditorem,
508 2750 534 2795 et
554 2735 680 2816 opificem
708 2736 816 2815 utrique
836 2737 976 2797 babemus.
1029 2736 1106 2791 τοῦτο
1116 2731 1234 2813 γίνεσθαι
1253 2733 1319 2816 χρὴ,
1333 2734 1395 2794 ὅταν
1412 2736 1458 2795 καλ
1473 2737 1635 2819 δημιουργὸν
1647 2740 1783 2803 soliteri-

258 2828 362 2889 Vidisti
374 2827 511 2907 quomodo
524 2828 606 2887 etium
620 2826 648 2886 in
663 2828 756 2889 Veteri
768 2828 845 2888 initia
854 2842 880 2888 et
891 2849 984 2910 prom,
1029 2846 1079 2894 την
1093 2822 1137 2882 τὀν
1155 2825 1232 2885 tiaris
1249 2825 1352 2907 ἔχωμεν
1373 2829 1397 2886 οἱ
1420 2827 1573 2908 ἀμφότεροι.
1594 2820 1672 2900 Εἶδες
1683 2823 1784 2900 αὕςάελ

258 2918 312 2979 mia
325 2919 379 2979 sere
386 2920 535 3002 acceperint
545 2940 621 2979 novae
633 2918 811 3000 philosophiae
822 2918 977 3001 praeoepta?
1031 2917 1102 2995 ἕντῇ
1119 2911 1229 2997 Πελαιᾷ
1254 2917 1340 2998 άρχάις
1361 2917 1407 2977 καλ
1426 2918 1554 2999 προοίμια
1569 2922 1663 2982 λοιπὸν
1672 2924 1784 3003 ἀλάμύεα

257 3011 328 3070 Nam
338 3012 386 3071 nbi
399 3013 486 3072 multo
498 3025 617 3091 tempore
632 3011 661 3071 iu
674 3010 733 3092 lege
745 3012 841 3071 versati
851 3026 979 3090 essent&
1030 3009 1079 3077 τῆς
1089 3011 1182 3080 καινῆς
1197 3009 1352 3090 φιλοσοφίας
1361 3010 1396 3070 τὰ
1410 3013 1604 3092 προστάγματα
1612 3039 1620 3088 ;
1629 3015 1735 3090 Ἐπειδὴ
1743 3015 1784 3097 φλφ

257 3105 293 3166 ad
301 3105 458 3187 perfectiora
468 3102 593 3163 mandata
601 3102 715 3163 transire
726 3102 864 3178 deberent,
867 3105 978 3185 jamque
994 3109 1014 3157 Ε
1031 3098 1112 3159 πολύν
1137 3101 1317 3182 ἀνετράφησαν
1334 3107 1373 3184 τῷ
1397 3103 1471 3184 νόμῳ
1492 3105 1601 3187 χρόνον,
1623 3108 1670 3168 καὶ
1685 3108 1786 3190 πμθςτά

256 3210 413 3279 properaret
425 3197 462 3256 ad
475 3197 558 3257 finem
568 3196 690 3277 ipsorum
702 3193 809 3276 politia,
825 3209 978 3276 opportuno
1031 3190 1180 3271 τελειότερα
1192 3193 1407 3275 παραγγέλματα
1426 3194 1524 3256 ὁδεύειν
1545 3197 1669 3280 ὤφειλον,
1682 3200 1786 3281 καλτφλς
1815 3214 1818 3223 “

257 3303 376 3370 tempore
392 3287 428 3347 ad
442 3287 575 3369 ejusmodi
591 3285 751 3367 sapientiam
765 3285 828 3346 illos
847 3288 979 3369 propbeta
1032 3283 1063 3341 τὸ
1083 3282 1157 3351 τέλος
1179 3285 1271 3345 λοιπον
1300 3285 1405 3357 ἀπάντα
1428 3290 1517 3355 αὐτοῖς
1538 3289 1573 3349 τά
1594 3296 1643 3364 τῆς
1657 3292 1787 3367 πολιτείας,

257 3378 373 3440 inducit.
390 3381 535 3438 Pareamus
549 3378 633 3459 igitur
643 3378 707 3436 buic
720 3377 797 3437 bone
810 3377 873 3458 legi,
884 3392 910 3437 et
930 3401 980 3439 nos
1034 3373 1102 3453 μετὰ
1114 3382 1161 3436 τοῦ
1174 3377 1353 3459 προσήκοντος
1363 3385 1456 3460 καιροῦ
1469 3380 1562 3440 λοιπὸν
1576 3383 1621 3442 ἐπὶ
1635 3384 1730 3458 ταύτην
1741 3385 1788 3464 ἀγα

258 3471 293 3531 ab
316 3470 389 3532 omni
414 3471 568 3531 confusione
595 3470 752 3546 liberemus,
768 3491 853 3550 neque
877 3487 981 3532 nostras
1032 3466 1081 3542 rip
1100 3469 1254 3548 φιλοσοφίαν
1269 3470 1361 3538 αὐτούς
1379 3472 1553 3552 ὁπροφήτης.
1568 3476 1726 3555 Πειθιύμιθα
1741 3474 1789 3538 τά·

258 3564 405 3645 ejiciamus,
425 3585 513 3643 neque
537 3564 572 3623 ab
596 3563 657 3623 aliis
680 3563 777 3644 ejectas
807 3563 978 3644 recipiamus.
1035 3584 1079 3620 νυν
1092 3564 1131 3642 τῷ
1145 3564 1221 3643 καλῷ
1233 3564 1318 3647 τούτῳ
1331 3564 1419 3646 νόμῳ,
1432 3565 1478 3625 καὶ
1491 3567 1581 3640 πάσης
1602 3571 1728 3651 αἰσχύνης
1742 3574 1790 3632 tn·

257 3659 327 3717 Nam
340 3678 393 3736 qua
413 3657 480 3716 iacie
502 3657 594 3717 virum
615 3655 708 3716 uxoris
731 3655 844 3737 aspicies
855 3656 982 3736 ignibus
1035 3651 1095 3721 τούς
1119 3654 1315 3733 ἀπαλλάξωμεν
1342 3657 1388 3716 καλ
1413 3657 1481 3736 μήτε
1500 3658 1549 3727 τάς
1571 3663 1674 3722 ἑαυτῶν
1687 3663 1791 3724 ἐκάθι-

258 3750 344 3808 oculis
365 3749 466 3809 amieos
488 3748 563 3808 illius
578 3763 604 3808 et
617 3749 754 3809 famulos?
769 3752 839 3810 Nam
859 3749 882 3809 si
898 3750 982 3830 isqui
1037 3768 1103 3824 μεν,
1118 3745 1186 3823 μήτε
1206 3745 1254 3814 vt<
1269 3747 1321 3807 ὑπὸ
1344 3747 1440 3830 ἑτάρων
1461 3749 1636 3823 ἀκόληθείσας
1660 3754 1791 3837 δεχώμεθα

260 3840 360 3899 mortui
374 3840 589 3921 conjugis,eujus
597 3862 709 3901 uxorem
717 3841 981 3922 accepit,imaginem
1035 3837 1111 3918 Πούῳ
1126 3836 1178 3917 γάρ
1200 3837 1258 3918 ὄφει
1286 3839 1422 3923 προσώπῳ
1447 3841 1493 3901 τὸν
1517 3842 1600 3924 ἄνδρα
1615 3844 1793 3928 τῆςμινααάςφ

261 3929 424 4012 propositam
451 3929 563 4008 viderit,
579 3932 698 3990 afficitur
721 3932 812 4010 aliquo
834 3933 929 4007 modo,
955 3931 1119 4010 etmnolott
1139 3934 1283 4013 ὀφθαλμοῖς
1296 3933 1355 4001 τούς
1368 3933 1458 4015 φίλους
1471 3934 1656 4012 τοθςέκεύνου,
1669 3938 1793 4015 τολςαΗς

260 4023 378 4102 graviter
389 4024 489 4097 iert‚ac
499 4023 522 4081 si
534 4023 670 4082 viventem
682 4025 811 4084 maritum
820 4025 912 4087 videat
922 4028 981 4109 ejus
997 4025 1017 4071 Α
1033 4044 1094 4092 τοςῐ
1116 4024 1151 4082 Εἴ
1175 4022 1227 4104 γὰρ
1247 4025 1451 4098 τελευτήσαντος
1474 4033 1520 4086 τῶ
1541 4038 1738 4107 οοοοοκοῐῖοτοο,
1754 4028 1793 4104 tlt

259 4136 319 4194 quae
343 4113 394 4174 sibi
417 4113 563 4186 cohabitat,
579 4116 687 4193 qualem
713 4116 799 4178 vitam
822 4118 903 4198 aget?
926 4139 980 4197 quo
1033 4114 1145 4195 γυναῖκά
1158 4138 1198 4183 τις
1212 4114 1262 4189 τὴν
1275 4116 1375 4177 ἐκείνου
1392 4117 1493 4194 λαθὼν,
1507 4110 1565 4180 εἶτα
1588 4121 1638 4197 την
1653 4125 1737 4186 εἰκόνα
1750 4122 1792 4205 μύ-

259 4221 338 4288 puoto
360 4206 526 4287 ingredietur
547 4205 680 4268 domum?
694 4231 748 4287 quo
763 4210 863 4283 animo,
880 4209 980 4289 quibus
1032 4230 1080 4279 νην
1095 4206 1270 4285 ἀνακειμένην
1286 4207 1357 4283 ἰδὼν,
1372 4207 1455 4271 inuiti
1470 4235 1498 4271 τι
1517 4212 1563 4272 καλ
1575 4214 1792 4296 ἀθυσχύρανεν,ύε

258 4295 345 4353 oculis
358 4294 460 4355 ridebit
474 4293 548 4354 illius
571 4317 683 4355 uxorem
707 4298 804 4356 suam?
818 4297 872 4356 imo
894 4319 980 4378 neque
1034 4302 1121 4368 ζῶντα
1135 4299 1179 4358 τὸν
1194 4298 1278 4381 ἀνδρα
1297 4305 1364 4381 ὁρῶν
1378 4305 1426 4373 τῆς
1440 4306 1513 4384 αὐτῷ
1535 4306 1721 4382 συνοικούσης,
1732 4314 1792 4369 ποθι

259 4385 345 4461 illius,
360 4406 446 4463 neque
470 4406 546 4443 suam
566 4386 639 4465 juste
653 4385 715 4464 quis
739 4386 818 4446 talem
841 4388 977 4469 appellet:
1036 4389 1162 4469 βιώσεται
1176 4390 1248 4469 βίον,
1261 4395 1317 4459 πῶς
1330 4391 1422 4452 οἶκαδε
1440 4394 1634 4474 siccissimum
1648 4399 1716 4477 μετὰ
1730 4396 1794 4465 mitt

146 4478 382 4557 ggfflmadultera
404 4478 474 4536 enim
499 4477 601 4536 nullius
625 4493 666 4539 est
681 4499 761 4538 uxor.
776 4478 880 4538 Fesellit
904 4494 981 4561 pacta
1034 4481 1156 4562 γνώμης,
1177 4481 1245 4560 μετά
1267 4482 1350 4542 τοίων
1375 4488 1517 4566 ὀφθαλμῶν
1533 4489 1628 4568 ὄψεται
1647 4490 1697 4563 τὴν
1711 4491 1795 4552 ἀντείνει

109 4575 192 4618 „utitur
219 4586 319 4649 ⁸³tqute
329 4592 392 4630 cum
403 4569 450 4628 ilio
464 4570 571 4643 babuit,
584 4583 610 4627 et
628 4568 664 4628 ad
684 4583 710 4628 te
727 4591 790 4629 eum
810 4570 929 4630 honestis
942 4572 981 4632 le·
1035 4584 1146 4654 γυναῖκα
1173 4573 1222 4646 τὴν
1250 4578 1346 4647 αὕτοῦ;
1365 4581 1465 4653 μᾶλλον
1488 4581 1516 4641 δὲ
1539 4581 1599 4644 otti
1621 4583 1797 4660 intimuit!

110 4650 177 4680 ''¹⁰‘'
261 4663 341 4742 gibus
354 4683 407 4721 non
417 4662 498 4720 venit.
511 4662 626 4733 Quantae
642 4661 725 4740 igitur
738 4661 979 4740 dementiaesuerit‚
1037 4669 1115 4725 αὑτοῦ
1127 4665 1235 4733 δικαίως
1255 4667 1287 4726 ἄν
1301 4692 1342 4736 τις
1354 4668 1403 4741 τὴν
1419 4671 1544 4745 τοιαύτην
1557 4676 1713 4755 προσείποι·
1728 4674 1799 4759 ημφ

261 4775 318 4813 rem
331 4767 370 4813 tot
382 4752 460 4812 malis
471 4752 577 4833 plenam
590 4752 616 4810 in
629 4751 742 4812 domum
752 4753 980 4816 inducereiNum
1036 4758 1161 4839 μοιχαλὶς
1181 4757 1281 4825 οὐδενός
1304 4763 1361 4821 ἐστι
1375 4762 1450 4841 γυνά.
1465 4764 1519 4824 Καὶ
1529 4765 1581 4847 γὰρ
1593 4767 1644 4836 τάς
1656 4771 1724 4854 πρὸς
1740 4773 1801 4831 lnt-

225 4923 236 4939 ·
262 4860 301 4904 est
312 4846 472 4904 feminarum
484 4845 723 4925 penut·ia?Quare‚
733 4867 796 4906 cum
809 4847 902 4906 multu
913 4849 978 4927 sint,
1036 4875 1079 4911 νον
1093 4850 1224 4922 συνθήκας
1237 4850 1370 4924 ἐπάτησε,
1391 4854 1437 4914 καὶ
1450 4854 1516 4936 πρὸς
1529 4857 1559 4919 σὲ
1572 4859 1642 4936 μετὰ
1661 4867 1717 4923 τῶν
1731 4884 1803 4946 tepet·

263 4957 330 5014 quas
350 4937 412 4995 licet
441 4957 510 5017 pura
532 4935 692 4996 conscientia
714 4951 740 4996 et
762 4939 981 5020 permittentibus
1036 4942 1153 5017 ηκύντων
1174 4942 1263 5021 νόμων
1284 4946 1333 5004 οὒκ
1345 4937 1422 5018 ἦλθε.
1441 4948 1534 5021 Πύσης
1548 4953 1596 5011 ούκ
1610 4951 1643 5011 ἀν
1658 4952 1701 5028 εἴη
1723 4978 1808 5037 παφα·

297 5100 308 5121 ⁴
319 5099 375 5148 Huc
383 5116 437 5164 quse
445 5100 543 5151 uncinis
554 5098 707 5151 clauduntur
717 5101 840 5155 inGraeeo
848 5121 899 5156 non
911 5118 1021 5171 exstant,
1048 5106 1153 5176 legerat.

263 5192 310 5230 nec
321 5174 346 5228 in
356 5177 428 5239 Mes,
441 5177 485 5229 sed
500 5180 629 5245 interpres
638 5197 780 5250 anonymus
792 5185 817 5234 in
831 5183 1024 5251 exemplarium
1083 5189 1096 5228 ¹¹
1114 5190 1171 5240 Duo
1183 5190 1241 5242 bist.
1253 5194 1373 5251 iniisse...
1391 5199 1562 5257 στασιάζοντας.
