3810 6000
179 464 187 475 ,
251 394 320 486 γήο
571 406 601 454 s.
624 403 766 456 maurus
792 399 974 452 cuursosr.
1002 397 1160 446 sucurre.
1178 396 1460 458 ,oonsrau‘nuou

249 552 375 603 naturam
395 546 561 620 perspectam
578 532 687 607 babeas,
703 528 814 589 domine
832 525 871 586 mi
891 544 968 585 cum·
1016 528 1064 584 τοῦ
1076 523 1225 602 νοσήματος
1235 523 1285 598 τήν
1298 521 1388 604 φύσιν,
1400 517 1551 600 ίξαρπάσαι
1565 515 1645 576 «teo
1663 520 1707 575 τοῦ
1721 519 1778 574 κλυ·

249 628 346 710 primis
364 612 531 703 uenerande,
547 620 589 683 ‘da
602 632 722 703 operam,
738 633 770 680 ut
788 639 850 679 eum
863 639 898 677 ex
916 616 968 675 hac
1018 612 1111 673 διονίου
1124 615 1283 699 πειράθητι,
1295 619 1329 694 τῇ
1342 617 1391 685 τῆς
1408 609 1561 694 ἀρρωστίας
1575 607 1663 688 βλάθη
1678 606 1725 678 τήν
1737 606 1780 665 ἀπὸ

251 733 407 802 tempestate
428 717 537 799 eripias,
560 713 649 773 morbi
657 706 827 773 incommodo
838 708 905 768 artis
913 721 968 767 tuae
1016 708 1065 776 ιῆς
1086 706 1236 786 ίπισιήμης
1253 711 1302 778 ιη”ς
1325 709 1373 778 σῆς
1392 701 1560 783 ίπιτειχίσας
1584 688 1780 778 δόναμιν,θι’ής

249 809 308 868 uim
319 812 465 888 opponens,
475 805 552 885 cujus
567 822 619 883 ope
628 814 710 879 atque
725 799 881 880 adjumento
892 795 968 855 mul·
1018 797 1131 866 πολλοῦς
1150 799 1278 865 πολλάκις
1302 795 1522 860 κινδυνεύσαντας
1540 791 1595 853 ὑπὸ
1610 790 1730 851 τοιοῦτον
1743 812 1779 848 ευ·

251 910 293 955 tos
302 915 382 974 saepe,
401 907 464 953 cum
476 892 505 951 in
524 891 596 950 idem
615 886 767 970 periculum
780 884 921 959 venissent,
935 902 969 942 ne
1020 887 1110 967 μόνων
1133 889 1309 974 ὑποβρυχίους
1326 886 1447 968 wiopa,
1471 892 1519 946 τοῦ
1544 882 1674 961 mpla,
1695 880 1780 960 ννχζνν

250 984 383 1065 ejusmodi
397 982 526 1042 fluctibns
538 981 724 1056 obruerentur,
736 999 751 1039 e
762 974 903 1056 naufragio
915 987 969 1034 sta·
1022 980 1183 1055 ἀνι-ωαξης,

250 1077 300 1135 tim
315 1074 448 1136 exemisti.

446 1272 590 1330 arara.
603 1268 773 1329 οιαοιοα.
984 1281 1004 1329 c
1302 1265 1351 1329 ιο.
1372 1266 1515 1344 amota.

100 1454 188 1533 &euro
203 1501 245 1532 an·
296 1460 443 1522 Caritatem
455 1470 621 1536 eam,quam
631 1456 690 1537 jam
701 1453 765 1513 inde
774 1452 810 1512 ab
821 1450 898 1511 initio
908 1470 972 1530 erga
1064 1441 1135 1511 Οἶδα
1156 1450 1204 1531 τήν
1217 1451 1322 1533 άγόπην
1338 1452 1371 1526 ήν
1381 1452 1458 1534 ἔσχες
1477 1451 1541 1534 περὶ
1558 1456 1634 1532 ἡμᾶς
1647 1450 1782 1511 άνονθενιιὶ

75 1605 77 1609 .
101 1547 302 1613 110ί()ίι”ίιιοε
322 1552 416 1628 babes,
439 1549 525 1622 novi:
545 1545 670 1627 quodque
687 1545 822 1625 vigentem
844 1564 903 1602 eam
924 1563 971 1602 re-
1024 1541 1053 1612 ίξ
1066 1546 1168 1625 ἀρχῆς,
1181 1544 1228 1603 καί
1243 1543 1284 1603 θαι
1306 1544 1476 1623 ἀκμάζουσαν
1494 1542 1581 1616 αἰπήν
1594 1543 1783 1624 διατηρεῑς,ιιλ

100 1607 156 1671 ω’
255 1645 349 1718 tineas,
365 1664 397 1702 ac
419 1639 625 1702 cumulatiorem
638 1636 756 1696 subinde
769 1634 972 1706 reddaceam-
1024 1635 1144 1716 ότιαῦτῇ
1159 1635 1205 1695 καὶ
1217 1637 1369 1719 προσθήκας
1390 1637 1505 1719 ἐργάζῃ,
1524 1635 1575 1696 καί
1592 1637 1624 1696 οὒ
1639 1636 1717 1714 μόνον
1729 1634 1784 1696 οίίίι

254 1758 307 1818 que
319 1735 355 1794 ob
369 1732 577 1814 disjunctionem
591 1743 721 1807 nostram,
737 1741 896 1806 tantumque
908 1711 987 1786 tem-⁶
1027 1727 1108 1800 αθσλν
1125 1727 1215 1796 είασας
1236 1729 1417 1811 ἀμαυροτέραν
1431 1729 1556 1810 γενέσθαι
1581 1728 1638 1788 ἀπὸ
1657 1734 1704 1788 ταῦ
1724 1750 1787 1809 χαρι

253 1827 327 1909 poris
342 1825 469 1906 spatium,
489 1842 543 1882 non
559 1819 640 1880 modo
657 1818 799 1879 obscurari
815 1817 872 1878 'non
890 1817 973 1895 sinas,
1028 1826 1111 1898 σμοῦ,
1124 1819 1170 1878 καὶ
1180 1825 1225 1880 τοῦ
1235 1819 1358 1880 τοσούτω
1367 1820 1476 1900 χρόνου,
1490 1819 1564 1881 ἀλλὰ
1585 1820 1633 1880 καί
1645 1821 1743 1900 μᾶλλον
1750 1822 1787 1878 αθ-

254 1919 301 1979 sed
318 1919 399 1979 etiam
415 1915 501 1996 magis
521 1913 682 1973 inflammes.
698 1910 774 1970 lllud
787 1931 896 1990 quoque
909 1909 976 1990 scio,
1027 1909 1076 1984 τήν
1090 1910 1224 1979 ἀνάπτεις.
1249 1901 1309 1971 οίδ’
1324 1910 1365 1971 θοι
1386 1910 1431 1970 καί
1453 1911 1522 1992 preb
1548 1915 1655 1984 πολλῆς
1674 1911 1738 1993 θίγῃ
1753 1913 1789 1981 rit

254 2026 281 2072 te
303 2011 395 2070 literas
413 2020 517 2068 nostras
537 2025 635 2085 magna
656 2024 719 2063 cum
734 2003 819 2063 animi
837 2001 978 2084 voluptate
1028 2002 1186 2082 ιθρροσιίνης
1203 2000 1238 2061 τά
1261 2005 1325 2083 παρ’
1337 2007 1413 2082 ήμῶν
1429 2003 1601 2086 γράμματα,
1623 2004 1673 2064 καί
1697 2008 1736 2064 θεν
1754 2001 1788 2062 tal

254 2104 374 2184 accipere
380 2125 389 2179 3
404 2115 491 2180 teque,
508 2099 566 2160 sive
576 2097 689 2175 scribas,
704 2097 761 2158 sive
774 2095 976 2174 taceas,.oodem
1027 2094 1164 2175 γράφουσα
1177 2092 1223 2154 καί
1245 2100 1347 2174 σιγῶσα
1365 2094 1462 2172 ὁμοίως
1474 2094 1540 2177 περὶ
1562 2099 1639 2174 ἡμᾶς
1664 2096 1789 2167 διάκεισαι,

253 2211 343 2255 tamen
351 2191 549 2275 semperanimo
556 2211 619 2272 erga
626 2210 675 2250 nos
685 2188 788 2249 esse:id
795 2187 976 2249 enimetmul·
1028 2188 1129 2260 πολλὴν
1141 2193 1187 2247 τοῦ
1206 2189 1364 2269 πράγματος
1376 2187 1422 2247 καί
1436 2190 1463 2246 ίν
1476 2191 1572 2271 πολλῷ
1592 2192 1635 2269 τῷ
1652 2187 1738 2270 χρόνῳ
1753 2187 1789 2260 τήν

255 2288 290 2347 tis
300 2287 328 2345 in
342 2286 432 2363 rebus,
447 2298 473 2344 et
481 2305 551 2364 saepe
563 2304 625 2342 sum
636 2296 772 2363 expertus.
790 2281 975 2355 Quamobrem
1028 2291 1122 2361 πεῖραν
1134 2279 1258 2361 εἰληφώς.
1271 2281 1319 2341 Διὸ
1341 2279 1373 2352 δὴ
1393 2281 1605 2363 παρακαλοῦμεν
1617 2279 1669 2354 τὴν
1685 2282 1788 2360 τιμιόιη·

255 2393 282 2438 te
291 2401 349 2456 oro,
360 2391 391 2437 ut
401 2374 525 2436 eumdem
536 2395 599 2456 erga
609 2394 658 2433 nos
668 2370 975 2455 animnmretinereper·
990 2394 1010 2442 n
1027 2376 1062 2436 τά
1075 2398 1121 2435 σου
1135 2373 1181 2433 καί
1204 2372 1265 2453 περί
1285 2379 1358 2450 ήμᾶς
1372 2372 1441 2433 οὕτω
1462 2374 1617 2434 διακεῖσθαι
1628 2397 1637 2411 ·
1650 2375 1734 2434 πολλά
1749 2373 1788 2453 γάρ

255 2468 467 2549 gas2siquidem
477 2465 572 2526 sinceri
588 2465 627 2524 tui
641 2463 741 2524 amoris
749 2463 835 2523 multa
848 2463 973 2544 pignora,
1028 2465 1140 2548 ίνόγυρά
1166 2468 1280 2537 σαυτῆς
1302 2463 1431 2546 ι’γνησίας
1454 2465 1565 2545 ἀγάπης
1586 2464 1704 2546 ἔχομεν,
1720 2464 1788 2525 zolii

254 2562 342 2623 multa
353 2560 516 2620 monimenta
529 2558 669 2625 habemus.
682 2556 789 2616 idcirco
799 2568 825 2615 te
837 2568 975 2635 tamquam
1027 2557 1218 2637 ὑπομνήματα.
1235 2556 1284 2616 Διὸ
1294 2556 1340 2616 καί
1354 2558 1381 2615 ἐν
1392 2561 1426 2637 τῇ
1439 2557 1513 2638 ψυχῇ
1536 2579 1568 2617 σε
1587 2559 1715 2631 διηνεκῶς
1731 2581 1788 2636 περι-

257 2653 284 2712 in
300 2654 391 2713 animo
407 2655 499 2712 nostro
512 2649 674 2730 insculptam
685 2662 814 2731 perpetuo
833 2647 974 2707 circumle·
1028 2651 1153 2732 φέρομεν,
1180 2648 1373 2728 ἐγκολάθαντες
1392 2652 1468 2726 ήμῶν
1489 2652 1524 2728 τῇ
1550 2649 1673 2730 διανοίᾳ,
1692 2649 1787 2720 καλιήν

256 2735 351 2821 rimus,
372 2744 467 2823 tuique
479 2741 637 2802 memoriam
655 2740 692 2799 ita
707 2755 839 2813 tenemus,
856 2739 975 2799 utnulla
1030 2742 1138 2822 μνήμην
1152 2765 1198 2803 σου
1219 2741 1334 2812 θλησιον
1347 2740 1452 2822 ἔχομεν,
1468 2740 1518 2800 κάν
1538 2740 1579 2820 μή
1602 2743 1725 2815 διηνεκοῦς
1736 2741 1785 2823 ppei

256 2835 393 2897 oblivione
412 2833 497 2894 deleri
515 2831 611 2914 possit,
627 2831 807 2891 'etiamsi-non
828 2830 977 2911 saepescri·
1029 2858 1136 2918 ρονμεν,
1161 2830 1205 2893 dib
1234 2832 1284 2905 τήν
1305 2833 1401 2893 σπάνιν
1424 2837 1478 2893 τῶν
1501 2833 1735 2915 γραμματηφόροι
1751 2837 1784 2911 iq·

257 2929 353 2987 bonitus
376 2926 412 2986 ob
431 2924 635 3005 tabellariorum
657 2922 786 3004 inopiam.
809 2923 872 2982 llaec
893 2923 978 3002 igitur
1029 2926 1196 3006 κοπτόμενοι.
1211 2925 1296 2984 Ταῦτ’
1310 2915 1354 2986 οῦν
1364 2926 1466 2999 εἰδυῖα,
1479 2923 1560 3005 κυρία
1572 2947 1626 3004 μου
1638 2924 1783 3004 κοσμιιιιάιη

257 3040 319 3079 cum
330 3039 382 3077 non
394 3031 420 3076 te
429 3016 545 3095 fugiant,
558 3015 727 3074 ornatissima
739 3027 765 3073 et
776 3013 977 3093 religiosissima
1030 3019 1076 3078 καὶ
1092 3016 1287 3092 ςθλαὸεσπάση,
1300 3017 1385 3098 γρᾶρς
1401 3016 1448 3076 χαλ
1462 3017 1532 3090 αὐτὴ
1555 3022 1675 3099 aucep&
1689 3017 1784 3097 ἡμῖντί

257 3109 368 3169 domina
383 3129 452 3182 mea,
466 3105 582 3165 subinde
594 3126 708 3185 quoque
721 3103 780 3186 ipsa
793 3104 829 3164 de
845 3118 890 3163 tua
904 3104 977 3164 vale·
1030 3110 1091 3191 περὶ
1106 3113 1154 3181 τῆς
1166 3109 1265 3188 ὑγιείας
1284 3113 1332 3181 τῆς
1345 3113 1402 3182 σῆς.
1414 3107 1511 3185 Ἡμεῖς
1525 3107 1575 3186 μὲν
1585 3109 1641 3189 γάρ
1653 3109 1700 3169 κᾶν
1712 3108 1784 3187 μήθι·

257 3200 352 3261 tudine
361 3197 396 3259 ad
407 3220 456 3258 nos
468 3196 565 3257 scribe.
580 3199 754 3276 Quamquam
765 3195 837 3255 enim
847 3217 904 3271 nos,
913 3217 976 3256 cum
1031 3200 1136 3280 ξώμεθα
1149 3200 1312 3283 γράμματα,
1327 3199 1388 3267 τοῦς
1407 3203 1504 3259 ἐκεῖθεν
1519 3200 1678 3282 ἐρχομένοις
1690 3203 1784 3280 susq&

258 3293 341 3353 nullae
366 3292 444 3351 nobis
461 3291 510 3349 abs
530 3303 555 3348 te
573 3289 657 3348 litcrae
680 3287 842 3360 redduntur,
866 3309 910 3348 eos
928 3287 976 3368 qui
1031 3296 1170 3374 ἐρωτῶμεν
1185 3298 1277 3352 τοῦτο·
1294 3291 1440 3370 βουλόμεθα
1449 3291 1476 3350 δὲ
1489 3293 1537 3350 καὶ
1550 3292 1626 3373 παρὰ
1640 3296 1686 3364 τῆς
1697 3289 1783 3369 αοομιί»

259 3385 339 3444 istinc
358 3383 470 3443 ueniunt
489 3379 593 3440 dehac
616 3402 646 3440 re
663 3401 769 3461 semper
790 3378 976 3439 sciscitamur:
993 3401 1013 3449 Β
1031 3409 1109 3457 ςηςος
1122 3389 1170 3455 τῆς
1184 3387 1232 3455 σῆς
1245 3386 1360 3463 συνεχῶς
1378 3383 1501 3462 δέχεσθαι
1522 3383 1680 3458 ἐπιστολάς,
1693 3387 1782 3461 εὐαγγε-

259 3491 347 3534 tamen
367 3499 383 3534 a
399 3489 425 3534 tc
436 3493 543 3553 quoque
555 3471 656 3548 literas,
679 3493 738 3551 quae
755 3470 789 3532 de
810 3485 863 3530 tuae
876 3471 978 3531 valetu-
1031 3476 1169 3554 λιζομίνας
1187 3480 1260 3553 ἡμᾶς
1273 3473 1307 3534 τὰ
1322 3473 1445 3554 περὶτῆς
1460 3473 1567 3555 ῥώσεως
1580 3479 1630 3547 τῆς
1642 3481 1697 3550 σῆς.

259 3568 331 3626 dinis
340 3581 410 3627 statu
418 3567 480 3626 laeta
487 3563 565 3625 nobis
573 3562 707 3637 nuntient,
721 3576 850 3646 perpetuo
859 3562 980 3644 accipere

260 3678 380 3718 astemus.

484 3854 547 3913 XL.
562 3853 757 3928 Asyncritiae.
1301 3862 1338 3940 μ’.
1357 3859 1537 3942 ’λσυγκριτίμ

110 4064 198 4107 em„
213 4057 256 4104 ςς.
298 4035 388 4096 Teio
403 4054 500 4114 magna
512 4033 663 4093 calamitate
674 4037 856 4096 nuucversari
869 4038 933 4098 scio.
947 4042 982 4098 At
1073 4034 1143 4103 Οίδα
1163 4043 1203 4103 ότι
1215 4047 1242 4102 ἐν
1257 4046 1344 4124 πολλῇ
1362 4042 1449 4122 θλίψει
1469 4043 1640 4116 καθέστηκας
1659 4052 1710 4105 νῦν.
1729 4043 1784 4103 Ἀλλ’

112 4119 206 4186 110404·
265 4126 494 4210 quemadmodum
517 4126 570 4185 boc
592 4127 659 4202 seio,
685 4127 725 4186 sic
744 4141 771 4187 et
789 4127 859 4188 illud
880 4130 962 4189 etiam
973 4162 995 4207 ,·
1034 4137 1125 4217 ὥσπερ
1140 4141 1216 4196 τοῦτο
1230 4127 1306 4210 οἶδα,
1321 4134 1523 4204 οῦτωςκάκιῑνο
1534 4134 1697 4215 ἐπίσταμαι,
1709 4136 1742 4194 ότι
1753 4158 1784 4193 κο

264 4223 398 4301 ingentem
418 4233 449 4278 te
476 4240 525 4299 pro
548 4216 592 4277 bis
614 4217 810 4279 calamitatibus
833 4221 983 4281 mercedem
1035 4226 1081 4295 λός
1093 4250 1122 4287 σε
1140 4231 1170 4287 ἐν
1183 4231 1235 4288 τῶν
1250 4227 1362 4307 θλίψεων
1373 4225 1473 4285 τούτων
1487 4227 1616 4304 ἀναμένει
1636 4229 1737 4307 μωρὸς,
1752 4226 1784 4284 νή

263 4328 342 4394 atque
354 4311 475 4394 amplum
489 4309 631 4393 praemium
639 4318 665 4370 et
676 4312 918 4373 remunerationem
927 4336 1026 4409 ma·⁸¹⁸
1037 4319 1140 4398 μεγάλη
1153 4319 1253 4397 αἰμοιόή
1265 4318 1310 4377 καί
1320 4317 1450 4385 ἀντίδοσις
1459 4323 1472 4349 ⁹
1481 4325 1579 4378 κεῖται.
1591 4320 1626 4379 Εἰ
1638 4319 1687 4402 γάρ
1696 4320 1784 4379 tatto

264 4427 334 4465 nem.
368 4403 470 4464 llloeror'
493 4402 591 4462 etenim
620 4402 715 4461 animae
727 4402 871 4463 utilitatem
884 4406 982 4484 affert,
999 4426 1019 4471 Α
1037 4410 1102 4488 μία,
1118 4411 1186 4470 ἀλλά
1203 4408 1251 4481 τήν
1270 4409 1358 4492 ψυχήν
1373 4409 1526 4490 ὠφελοῦσα,
1540 4409 1587 4468 καί
1602 4413 1687 4471 πολλὰ
1699 4411 1728 4470 τά
1738 4414 1784 4489 βρα-

264 4498 342 4576 eique
352 4495 463 4577 promia
478 4493 562 4553 multa
574 4492 707 4553 conciliat.
722 4493 787 4553 llaec
801 4494 886 4575 igitur
898 4497 982 4558 scieas
1036 4503 1095 4562 θεῖα
1115 4499 1284 4581 προξενοῦσα.
1300 4504 1383 4562 Ταῦτ’
1398 4491 1442 4560 σίν
1462 4503 1547 4560 εἰδυῖα
1567 4503 1614 4562 καί
1636 4502 1782 4584 λογιζομένην

264 4584 532 4667 atqueconsiderans,
544 4584 763 4645 maximamhinc
774 4588 982 4650 consolationem
1037 4592 1164 4672 μεγίστην
1188 4595 1304 4654 ἐντεῦθεν
1328 4599 1431 4674 καρποῦ
1450 4590 1500 4663 ela
1516 4593 1696 4675 παράκλησιν,
1715 4590 1782 4672 μήτὸ

265 4681 369 4761 accipe:
381 4699 429 4739 nec
439 4677 622 4737 calamitatum
635 4677 778 4738 dumtaxat
791 4680 922 4741 acerbitas
932 4683 982 4742 tibi
1036 4686 1159 4767 ὀδυνηρόν
1175 4685 1252 4763 μόνον
1266 4690 1354 4765 δρῶσα
1374 4689 1427 4743 τῶν
1442 4684 1570 4765 θλίψεων,
1587 4687 1656 4746 ἀλλὰ
1677 4688 1717 4746 καὶ
1729 4686 1780 4745 uu

266 4772 302 4831 ob
315 4771 406 4830 oculos
422 4782 553 4844 versetur,
568 4790 663 4829 uerum
677 4769 759 4829 etiam
772 4770 983 4834 emolumentum
1036 4776 1135 4836 τούτοιν
1151 4777 1324 4857 συναγόμενον
1344 4776 1446 4858 κίρδος·
1461 4777 1507 4835 καὶ
1521 4778 1607 4859 γράρε
1622 4782 1728 4860 συνεχῶς
1735 4781 1778 4853 ήμίι

266 4861 339 4940 quod
351 4883 384 4920 ex
396 4861 429 4920 iis
440 4859 578 4939 colligitur
586 4881 595 4935 ρ
610 4881 642 4918 ac
650 4859 765 4920 subinde
775 4861 809 4922 ad
825 4883 872 4923 nos
887 4864 921 4924 de
937 4881 982 4926 tua
1037 4868 1156 4949 περὶτῆς
1170 4868 1269 4946 ὑγιείας
1282 4873 1329 4940 ιῆς
1340 4873 1397 4940 σῆς.
1409 4867 1487 4928 Ἐπεί
1500 4870 1547 4928 καὶ
1561 4875 1606 4929 νῦν
1617 4875 1666 4952 οὐχ
1675 4870 1777 4946 ὡςίισγιι

266 4951 520 5013 ualetudineseribe.
536 4951 627 5029 Neque
640 4951 712 5010 euim
726 4952 779 5013 levi
790 4953 884 5016 dolore
893 4959 982 5018 affecti
1038 4961 1205 5041 ήλγήσαμιν,
1219 4958 1377 5027 ἀκούσαντάς
1395 4983 1425 5019 σε
1441 4961 1596 5042 ἀρρωστεῖν.
1617 4964 1664 5023 Διὸ
1680 4963 1718 5023 καί
1732 4956 1775 5037 epi

302 5113 314 5147 ¹²
332 5111 388 5160 Duo
399 5111 456 5160 llas.
470 5117 560 5175 ,reciae
573 5115 646 5180 ριλὶας
657 5118 747 5179 ἔχομαι.
1051 5127 1126 5176 πολλὰ
1139 5130 1167 5175 σα
1178 5127 1284 5193 βραίιῑοι.
1299 5125 1363 5174 ταῦτ’
1376 5122 1420 5173 οὖν.

178 5234 181 5241 ,
301 5205 310 5226 ⁰
329 5187 432 5242 Coisiin.
445 5196 532 5256 κομίζει
548 5197 592 5256 γάρ
605 5196 641 5242 καί
655 5197 739 5256 ἀθυμίαι
751 5203 779 5258 τῇ
791 5199 848 5261 ψυχῇ
859 5200 975 5264 tifilam,
988 5206 1025 5252 καί
