<?xml version="1.0" encoding="UTF-8"?>
<!DOCTYPE html PUBLIC "-//W3C//DTD XHTML 1.0 Transitional//EN"
    "http://www.w3.org/TR/xhtml1/DTD/xhtml1-transitional.dtd">
<html xmlns="http://www.w3.org/1999/xhtml" xml:lang="en" lang="en">
 <head>
  <title>
</title>
<meta http-equiv="Content-Type" content="text/html;charset=utf-8" />
  <meta name='ocr-system' content='tesseract 3.04.00' />
  <meta name='ocr-capabilities' content='ocr_page ocr_carea ocr_par ocr_line ocrx_word'/>
</head>
<body>
  <div class='ocr_page' id='page_1' title='image "./sanctipatrisnos03chrygoog/sanctipatrisnos03chrygoog_0445.png"; bbox 0 0 3810 6000; ppageno 0'>
   <div class='ocr_carea' id='block_1_1' title="bbox 143 425 1335 515">
    <p class='ocr_par' dir='ltr' id='par_1_1' title="bbox 143 425 1335 515">
     <span class='ocr_line' id='line_1_1' title="bbox 143 425 1335 515; baseline -0.017 -19"><span class='ocrx_word' id='word_1_1' title='bbox 143 425 216 515; x_wconf 75' lang='lat'>432</span> <span class='ocrx_word' id='word_1_2' title='bbox 457 438 487 488; x_wconf 94' lang='lat' dir='ltr'>s.</span> <span class='ocrx_word' id='word_1_3' title='bbox 515 434 653 487; x_wconf 52' lang='lat' dir='ltr'>rutmors</span> <span class='ocrx_word' id='word_1_4' title='bbox 676 431 859 482; x_wconf 84' lang='lat' dir='ltr'>cuuusosr.</span> <span class='ocrx_word' id='word_1_5' title='bbox 885 429 1040 479; x_wconf 73' lang='lat' dir='ltr'>arcuum.</span> <span class='ocrx_word' id='word_1_6' title='bbox 1066 428 1335 478; x_wconf 78' lang='lat' dir='ltr'>cousruurmor.</span> 
     </span>
    </p>
   </div>
   <div class='ocr_carea' id='block_1_2' title="bbox 141 551 1690 1290">
    <p class='ocr_par' dir='ltr' id='par_1_2' title="bbox 141 551 1690 1290">
     <span class='ocr_line' id='line_1_2' title="bbox 144 551 1690 648; baseline -0.011 -19"><span class='ocrx_word' id='word_1_7' title='bbox 144 581 192 630; x_wconf 86' lang='lat' dir='ltr'>aut</span> <span class='ocrx_word' id='word_1_8' title='bbox 204 565 430 648; x_wconf 80' lang='lat' dir='ltr'>gubernaculum,</span> <span class='ocrx_word' id='word_1_9' title='bbox 444 562 592 623; x_wconf 85' lang='lat' dir='ltr'>orationem</span> <span class='ocrx_word' id='word_1_10' title='bbox 608 572 728 619; x_wconf 84' lang='lat' dir='ltr'>nostram</span> <span class='ocrx_word' id='word_1_11' title='bbox 746 555 852 636; x_wconf 81' lang='lat' dir='ltr'>dirigit.</span> <span class='ocrx_word' id='word_1_12' title='bbox 909 579 953 616; x_wconf 91' lang='grc' dir='ltr'>τον</span> <span class='ocrx_word' id='word_1_13' title='bbox 973 555 1019 616; x_wconf 82' lang='grc' dir='ltr'>κοιλ</span> <span class='ocrx_word' id='word_1_14' title='bbox 1046 558 1099 615; x_wconf 78' lang='grc' dir='ltr'>τῶν</span> <span class='ocrx_word' id='word_1_15' title='bbox 1121 555 1218 616; x_wconf 86' lang='grc' dir='ltr'>οίάιιων</span> <span class='ocrx_word' id='word_1_16' title='bbox 1238 553 1392 616; x_wconf 83' lang='grc' dir='ltr'>κατευθύναι</span> <span class='ocrx_word' id='word_1_17' title='bbox 1421 551 1467 614; x_wconf 85' lang='grc' dir='ltr'>τδν</span> <span class='ocrx_word' id='word_1_18' title='bbox 1487 551 1563 632; x_wconf 78' lang='grc' dir='ltr'>λόγον</span> <span class='ocrx_word' id='word_1_19' title='bbox 1585 556 1653 632; x_wconf 69' lang='grc' dir='ltr'>ἡμῖν.</span> <span class='ocrx_word' id='word_1_20' title='bbox 1688 580 1690 587; x_wconf 92' lang='grc'><strong><em>·</em></strong></span> 
     </span>
     <span class='ocr_line' id='line_1_3' title="bbox 144 645 1690 740; baseline -0.011 -19"><span class='ocrx_word' id='word_1_21' title='bbox 144 663 192 720; x_wconf 86' lang='lat' dir='ltr'>Me</span> <span class='ocrx_word' id='word_1_22' title='bbox 199 680 263 720; x_wconf 84' lang='lat' dir='ltr'>vero</span> <span class='ocrx_word' id='word_1_23' title='bbox 273 670 398 740; x_wconf 78' lang='lat' dir='ltr'>praterea</span> <span class='ocrx_word' id='word_1_24' title='bbox 411 653 598 714; x_wconf 88' lang='lat' dir='ltr'>consolabatur</span> <span class='ocrx_word' id='word_1_25' title='bbox 606 651 688 710; x_wconf 90' lang='lat' dir='ltr'>etiam</span> <span class='ocrx_word' id='word_1_26' title='bbox 696 645 854 727; x_wconf 89' lang='lat' dir='ltr'>illud,quod</span> <span class='ocrx_word' id='word_1_27' title='bbox 870 665 890 712; x_wconf 84' lang='lat'>1)</span> <span class='ocrx_word' id='word_1_28' title='bbox 908 646 977 726; x_wconf 80' lang='grc' dir='ltr'>Ἐμέ</span> <span class='ocrx_word' id='word_1_29' title='bbox 991 646 1019 708; x_wconf 76' lang='grc' dir='ltr'>δέ</span> <span class='ocrx_word' id='word_1_30' title='bbox 1032 649 1097 729; x_wconf 91' lang='grc' dir='ltr'>πρδς</span> <span class='ocrx_word' id='word_1_31' title='bbox 1116 647 1218 717; x_wconf 77' lang='grc' dir='ltr'>τούτοις</span> <span class='ocrx_word' id='word_1_32' title='bbox 1234 652 1342 708; x_wconf 84' lang='grc' dir='ltr'>κάκεῖνο</span> <span class='ocrx_word' id='word_1_33' title='bbox 1361 646 1652 728; x_wconf 79' lang='grc' dir='ltr'>παρεμυθεῖτο,τδλαμ</span> <span class='ocrx_word' id='word_1_34' title='bbox 1687 668 1690 737; x_wconf 73' lang='grc' dir='ltr'>γ</span> 
     </span>
     <span class='ocr_line' id='line_1_4' title="bbox 143 737 1690 834; baseline -0.011 -21"><span class='ocrx_word' id='word_1_35' title='bbox 143 773 195 814; x_wconf 88' lang='lat' dir='ltr'>vos</span> <span class='ocrx_word' id='word_1_36' title='bbox 208 753 320 834; x_wconf 82' lang='lat' dir='ltr'>opipara</span> <span class='ocrx_word' id='word_1_37' title='bbox 332 764 391 809; x_wconf 91' lang='lat' dir='ltr'>tum</span> <span class='ocrx_word' id='word_1_38' title='bbox 401 770 491 808; x_wconf 89' lang='lat' dir='ltr'>mensa</span> <span class='ocrx_word' id='word_1_39' title='bbox 497 744 665 819; x_wconf 81' lang='lat' dir='ltr'>frueremini,</span> <span class='ocrx_word' id='word_1_40' title='bbox 674 764 707 803; x_wconf 89' lang='lat' dir='ltr'>ac</span> <span class='ocrx_word' id='word_1_41' title='bbox 714 741 855 804; x_wconf 87' lang='lat' dir='ltr'>liberalem</span> <span class='ocrx_word' id='word_1_42' title='bbox 907 751 976 823; x_wconf 81' lang='grc' dir='ltr'>πράς</span> <span class='ocrx_word' id='word_1_43' title='bbox 994 745 1063 819; x_wconf 75' lang='grc' dir='ltr'>ὑμᾶς</span> <span class='ocrx_word' id='word_1_44' title='bbox 1077 744 1226 803; x_wconf 84' lang='grc' dir='ltr'>ἀπολαῦσαι</span> <span class='ocrx_word' id='word_1_45' title='bbox 1243 740 1304 802; x_wconf 84' lang='grc' dir='ltr'>τότε</span> <span class='ocrx_word' id='word_1_46' title='bbox 1315 739 1466 822; x_wconf 82' lang='grc' dir='ltr'>τραπέζης,</span> <span class='ocrx_word' id='word_1_47' title='bbox 1477 738 1524 799; x_wconf 81' lang='grc' dir='ltr'>καί</span> <span class='ocrx_word' id='word_1_48' title='bbox 1537 737 1652 818; x_wconf 76' lang='grc' dir='ltr'>φιλότιμα</span> <span class='ocrx_word' id='word_1_49' title='bbox 1686 742 1690 811; x_wconf 76' lang='grc' dir='ltr'>Ι</span> 
     </span>
     <span class='ocr_line' id='line_1_5' title="bbox 143 829 1690 915; baseline -0.01 -10"><span class='ocrx_word' id='word_1_50' title='bbox 143 837 641 905; x_wconf 83' lang='lat' dir='ltr'>etsumtuosumconvivatoremnaoti</span> <span class='ocrx_word' id='word_1_51' title='bbox 655 836 755 897; x_wconf 77' lang='lat' dir='ltr'>essetis.</span> <span class='ocrx_word' id='word_1_52' title='bbox 770 837 854 895; x_wconf 89' lang='lat' dir='ltr'>Porro</span> <span class='ocrx_word' id='word_1_53' title='bbox 907 833 953 893; x_wconf 80' lang='grc' dir='ltr'>καὶ</span> <span class='ocrx_word' id='word_1_54' title='bbox 976 837 1109 905; x_wconf 74' lang='grc' dir='ltr'>πολυτελῆ</span> <span class='ocrx_word' id='word_1_55' title='bbox 1132 834 1177 894; x_wconf 75' lang='lat' dir='ltr'>rba</span> <span class='ocrx_word' id='word_1_56' title='bbox 1202 835 1343 915; x_wconf 85' lang='grc' dir='ltr'>έστιάτορα</span> <span class='ocrx_word' id='word_1_57' title='bbox 1373 841 1459 913; x_wconf 85' lang='grc' dir='ltr'>σχεῖν.</span> <span class='ocrx_word' id='word_1_58' title='bbox 1483 829 1652 911; x_wconf 84' lang='grc' dir='ltr'>Ἔγνωμενδί</span> <span class='ocrx_word' id='word_1_59' title='bbox 1686 836 1690 915; x_wconf 70' lang='grc' dir='ltr'><em>ξ</em></span> 
     </span>
     <span class='ocr_line' id='line_1_6' title="bbox 143 923 1652 1011; baseline -0.009 -15"><span class='ocrx_word' id='word_1_60' title='bbox 143 936 173 997; x_wconf 89' lang='lat' dir='ltr'>id</span> <span class='ocrx_word' id='word_1_61' title='bbox 183 958 237 998; x_wconf 95' lang='lat' dir='ltr'>non</span> <span class='ocrx_word' id='word_1_62' title='bbox 250 934 332 995; x_wconf 65' lang='lat' dir='ltr'>findo</span> <span class='ocrx_word' id='word_1_63' title='bbox 344 948 448 994; x_wconf 92' lang='lat' dir='ltr'>tantum</span> <span class='ocrx_word' id='word_1_64' title='bbox 461 932 628 1004; x_wconf 80' lang='lat' dir='ltr'>audivimus,</span> <span class='ocrx_word' id='word_1_65' title='bbox 641 928 688 989; x_wconf 83' lang='lat' dir='ltr'>sod</span> <span class='ocrx_word' id='word_1_66' title='bbox 702 929 761 1011; x_wconf 87' lang='lat' dir='ltr'>ipso</span> <span class='ocrx_word' id='word_1_67' title='bbox 775 926 854 987; x_wconf 84' lang='lat' dir='ltr'>nobis</span> <span class='ocrx_word' id='word_1_68' title='bbox 907 930 984 986; x_wconf 77' lang='grc' dir='ltr'>τοῦτο</span> <span class='ocrx_word' id='word_1_69' title='bbox 996 929 1044 987; x_wconf 83' lang='grc' dir='ltr'>οὐκ</span> <span class='ocrx_word' id='word_1_70' title='bbox 1064 924 1092 996; x_wconf 76' lang='grc' dir='ltr'>έξ</span> <span class='ocrx_word' id='word_1_71' title='bbox 1112 931 1193 1000; x_wconf 79' lang='grc' dir='ltr'>ἀκοῆς</span> <span class='ocrx_word' id='word_1_72' title='bbox 1213 928 1301 1006; x_wconf 89' lang='grc' dir='ltr'>μόνον,</span> <span class='ocrx_word' id='word_1_73' title='bbox 1321 928 1390 986; x_wconf 85' lang='grc' dir='ltr'>ἀλλά</span> <span class='ocrx_word' id='word_1_74' title='bbox 1407 925 1453 985; x_wconf 82' lang='grc' dir='ltr'>καὶ</span> <span class='ocrx_word' id='word_1_75' title='bbox 1477 923 1504 994; x_wconf 72' lang='grc' dir='ltr'>ἐξ</span> <span class='ocrx_word' id='word_1_76' title='bbox 1526 927 1601 995; x_wconf 75' lang='grc' dir='ltr'>αιἰτῖης</span> <span class='ocrx_word' id='word_1_77' title='bbox 1617 927 1652 996; x_wconf 77' lang='grc' dir='ltr'>τῆς</span> 
     </span>
     <span class='ocr_line' id='line_1_7' title="bbox 142 1012 1653 1110; baseline -0.008 -22"><span class='ocrx_word' id='word_1_78' title='bbox 142 1028 325 1110; x_wconf 85' lang='lat' dir='ltr'>experimento</span> <span class='ocrx_word' id='word_1_79' title='bbox 340 1039 506 1108; x_wconf 83' lang='lat' dir='ltr'>compertum</span> <span class='ocrx_word' id='word_1_80' title='bbox 520 1039 570 1084; x_wconf 76' lang='lat' dir='ltr'>ort.</span> <span class='ocrx_word' id='word_1_81' title='bbox 582 1025 668 1083; x_wconf 83' lang='lat' dir='ltr'>Fuere</span> <span class='ocrx_word' id='word_1_82' title='bbox 681 1022 792 1102; x_wconf 86' lang='lat' dir='ltr'>quippe,</span> <span class='ocrx_word' id='word_1_83' title='bbox 807 1018 855 1099; x_wconf 92' lang='lat' dir='ltr'>qui</span> <span class='ocrx_word' id='word_1_84' title='bbox 906 1017 1011 1097; x_wconf 88' lang='grc' dir='ltr'>πείρας.</span> <span class='ocrx_word' id='word_1_85' title='bbox 1026 1019 1079 1080; x_wconf 82' lang='grc' dir='ltr'>Καὶ</span> <span class='ocrx_word' id='word_1_86' title='bbox 1093 1019 1146 1101; x_wconf 81' lang='grc' dir='ltr'>γάρ</span> <span class='ocrx_word' id='word_1_87' title='bbox 1157 1012 1224 1094; x_wconf 71' lang='grc' dir='ltr'>ἦσαν</span> <span class='ocrx_word' id='word_1_88' title='bbox 1238 1024 1264 1080; x_wconf 85' lang='grc' dir='ltr'>οἱ</span> <span class='ocrx_word' id='word_1_89' title='bbox 1276 1019 1471 1097; x_wconf 73' lang='grc' dir='ltr'>διακομίζοντες</span> <span class='ocrx_word' id='word_1_90' title='bbox 1482 1024 1548 1095; x_wconf 76' lang='grc' dir='ltr'>ἡμῖν</span> <span class='ocrx_word' id='word_1_91' title='bbox 1560 1015 1653 1098; x_wconf 66' lang='grc' dir='ltr'>τθείμ·</span> 
     </span>
     <span class='ocr_line' id='line_1_8' title="bbox 142 1108 1652 1200; baseline -0.008 -21"><span class='ocrx_word' id='word_1_92' title='bbox 142 1140 172 1179; x_wconf 89' lang='lat' dir='ltr'>oa</span> <span class='ocrx_word' id='word_1_93' title='bbox 185 1140 245 1200; x_wconf 86' lang='lat' dir='ltr'>quae</span> <span class='ocrx_word' id='word_1_94' title='bbox 255 1117 428 1192; x_wconf 83' lang='lat' dir='ltr'>dicebantur,</span> <span class='ocrx_word' id='word_1_95' title='bbox 440 1131 534 1178; x_wconf 83' lang='lat' dir='ltr'>cuncta</span> <span class='ocrx_word' id='word_1_96' title='bbox 547 1116 706 1187; x_wconf 85' lang='lat' dir='ltr'>referebant,</span> <span class='ocrx_word' id='word_1_97' title='bbox 720 1126 746 1172; x_wconf 90' lang='lat' dir='ltr'>et</span> <span class='ocrx_word' id='word_1_98' title='bbox 758 1133 793 1172; x_wconf 83' lang='lat' dir='ltr'>ex</span> <span class='ocrx_word' id='word_1_99' title='bbox 807 1131 854 1170; x_wconf 87' lang='lat' dir='ltr'>rc·</span> <span class='ocrx_word' id='word_1_100' title='bbox 908 1111 974 1189; x_wconf 85' lang='grc' dir='ltr'>μίνα</span> <span class='ocrx_word' id='word_1_101' title='bbox 987 1155 995 1184; x_wconf 92' lang='grc'>,</span> <span class='ocrx_word' id='word_1_102' title='bbox 1006 1113 1052 1172; x_wconf 80' lang='grc' dir='ltr'>καὶ</span> <span class='ocrx_word' id='word_1_103' title='bbox 1063 1113 1116 1173; x_wconf 85' lang='grc' dir='ltr'>ἀπὸ</span> <span class='ocrx_word' id='word_1_104' title='bbox 1126 1119 1178 1174; x_wconf 83' lang='grc' dir='ltr'>τῶν</span> <span class='ocrx_word' id='word_1_105' title='bbox 1191 1113 1323 1194; x_wconf 78' lang='grc' dir='ltr'>λειψάνων</span> <span class='ocrx_word' id='word_1_106' title='bbox 1343 1113 1487 1190; x_wconf 83' lang='grc' dir='ltr'>ὁλόκληρον</span> <span class='ocrx_word' id='word_1_107' title='bbox 1498 1109 1547 1182; x_wconf 77' lang='grc' dir='ltr'>τὴν</span> <span class='ocrx_word' id='word_1_108' title='bbox 1561 1108 1652 1190; x_wconf 62' lang='lat' dir='ltr'>mqu-</span> 
     </span>
     <span class='ocr_line' id='line_1_9' title="bbox 141 1196 1651 1290; baseline -0.005 -21"><span class='ocrx_word' id='word_1_109' title='bbox 141 1209 234 1290; x_wconf 91' lang='lat' dir='ltr'>liquiis</span> <span class='ocrx_word' id='word_1_110' title='bbox 242 1209 340 1271; x_wconf 90' lang='lat' dir='ltr'>detoto</span> <span class='ocrx_word' id='word_1_111' title='bbox 347 1209 474 1271; x_wconf 82' lang='lat' dir='ltr'>convivio</span> <span class='ocrx_word' id='word_1_112' title='bbox 485 1209 664 1289; x_wconf 83' lang='lat' dir='ltr'>conjecturam</span> <span class='ocrx_word' id='word_1_113' title='bbox 673 1205 855 1265; x_wconf 68' lang='lat' dir='ltr'>fecimusdta·</span> <span class='ocrx_word' id='word_1_114' title='bbox 907 1204 1117 1283; x_wconf 80' lang='grc' dir='ltr'>έστοχασάμεθα.</span> <span class='ocrx_word' id='word_1_115' title='bbox 1131 1205 1270 1287; x_wconf 57' lang='lat' dir='ltr'>&#39;Ereptum</span> <span class='ocrx_word' id='word_1_116' title='bbox 1289 1204 1338 1285; x_wconf 86' lang='grc' dir='ltr'>μίν</span> <span class='ocrx_word' id='word_1_117' title='bbox 1361 1196 1406 1264; x_wconf 70' lang='lat' dir='ltr'>oio</span> <span class='ocrx_word' id='word_1_118' title='bbox 1427 1202 1475 1263; x_wconf 87' lang='grc' dir='ltr'>τδν</span> <span class='ocrx_word' id='word_1_119' title='bbox 1498 1201 1651 1278; x_wconf 83' lang='grc' dir='ltr'>έστιέααντι,</span> 
     </span>
    </p>
   </div>
   <div class='ocr_carea' id='block_1_3' title="bbox 0 1295 1690 3898">
    <p class='ocr_par' dir='ltr' id='par_1_3' title="bbox 0 1295 1690 3898">
     <span class='ocr_line' id='line_1_10' title="bbox 140 1295 1651 1381; baseline -0.004 -19"><span class='ocrx_word' id='word_1_120' title='bbox 140 1302 404 1381; x_wconf 81' lang='lat' dir='ltr'>qneconvivatorem</span> <span class='ocrx_word' id='word_1_121' title='bbox 421 1301 531 1379; x_wconf 89' lang='lat' dir='ltr'>quidem</span> <span class='ocrx_word' id='word_1_122' title='bbox 542 1297 663 1375; x_wconf 82' lang='lat' dir='ltr'>laudavi,</span> <span class='ocrx_word' id='word_1_123' title='bbox 677 1298 787 1378; x_wconf 84' lang='lat' dir='ltr'>ejusque</span> <span class='ocrx_word' id='word_1_124' title='bbox 795 1316 853 1354; x_wconf 83' lang='lat' dir='ltr'>ma·</span> <span class='ocrx_word' id='word_1_125' title='bbox 906 1297 952 1356; x_wconf 80' lang='grc' dir='ltr'>καὶ</span> <span class='ocrx_word' id='word_1_126' title='bbox 973 1297 1111 1376; x_wconf 75' lang='grc' dir='ltr'>ἐθαύμασα</span> <span class='ocrx_word' id='word_1_127' title='bbox 1137 1303 1186 1370; x_wconf 80' lang='grc' dir='ltr'>τῆς</span> <span class='ocrx_word' id='word_1_128' title='bbox 1209 1298 1379 1366; x_wconf 84' lang='grc' dir='ltr'>πολυτελείας</span> <span class='ocrx_word' id='word_1_129' title='bbox 1400 1296 1447 1357; x_wconf 80' lang='grc' dir='ltr'>καί</span> <span class='ocrx_word' id='word_1_130' title='bbox 1474 1303 1522 1357; x_wconf 79' lang='grc' dir='ltr'>τοῦ</span> <span class='ocrx_word' id='word_1_131' title='bbox 1545 1295 1651 1356; x_wconf 59' lang='lat' dir='ltr'>eobo·</span> 
     </span>
     <span class='ocr_line' id='line_1_11' title="bbox 140 1387 1656 1476; baseline -0.005 -21"><span class='ocrx_word' id='word_1_132' title='bbox 140 1395 323 1476; x_wconf 80' lang='lat' dir='ltr'>gnificentiam</span> <span class='ocrx_word' id='word_1_133' title='bbox 332 1418 364 1455; x_wconf 90' lang='lat' dir='ltr'>ac</span> <span class='ocrx_word' id='word_1_134' title='bbox 373 1395 485 1456; x_wconf 87' lang='lat' dir='ltr'>divitias</span> <span class='ocrx_word' id='word_1_135' title='bbox 495 1391 695 1454; x_wconf 83' lang='lat' dir='ltr'>commendavi:</span> <span class='ocrx_word' id='word_1_136' title='bbox 707 1391 754 1451; x_wconf 85' lang='lat' dir='ltr'>scd</span> <span class='ocrx_word' id='word_1_137' title='bbox 766 1404 793 1450; x_wconf 92' lang='lat' dir='ltr'>et</span> <span class='ocrx_word' id='word_1_138' title='bbox 805 1411 854 1450; x_wconf 84' lang='lat' dir='ltr'>vos</span> <span class='ocrx_word' id='word_1_139' title='bbox 906 1390 1056 1470; x_wconf 79' lang='grc' dir='ltr'>έμακοίρισα</span> <span class='ocrx_word' id='word_1_140' title='bbox 1071 1391 1098 1451; x_wconf 85' lang='grc' dir='ltr'>δὲ</span> <span class='ocrx_word' id='word_1_141' title='bbox 1120 1392 1165 1451; x_wconf 81' lang='grc' dir='ltr'>καί</span> <span class='ocrx_word' id='word_1_142' title='bbox 1178 1395 1247 1471; x_wconf 76' lang='grc' dir='ltr'>ὑμᾶς</span> <span class='ocrx_word' id='word_1_143' title='bbox 1265 1396 1313 1464; x_wconf 82' lang='grc' dir='ltr'>τῆς</span> <span class='ocrx_word' id='word_1_144' title='bbox 1332 1389 1451 1462; x_wconf 81' lang='grc' dir='ltr'>εὐνοίας,</span> <span class='ocrx_word' id='word_1_145' title='bbox 1464 1387 1512 1449; x_wconf 80' lang='grc' dir='ltr'>καί</span> <span class='ocrx_word' id='word_1_146' title='bbox 1532 1392 1578 1461; x_wconf 78' lang='grc' dir='ltr'>τῆς</span> <span class='ocrx_word' id='word_1_147' title='bbox 1592 1391 1656 1470; x_wconf 75' lang='grc' dir='ltr'>ὰρν·</span> 
     </span>
     <span class='ocr_line' id='line_1_12' title="bbox 139 1479 1651 1569; baseline -0.004 -24"><span class='ocrx_word' id='word_1_148' title='bbox 139 1501 249 1569; x_wconf 90' lang='lat' dir='ltr'>propter</span> <span class='ocrx_word' id='word_1_149' title='bbox 259 1488 328 1547; x_wconf 87' lang='lat' dir='ltr'>hanc</span> <span class='ocrx_word' id='word_1_150' title='bbox 337 1486 550 1547; x_wconf 80' lang='lat' dir='ltr'>benevolentiam</span> <span class='ocrx_word' id='word_1_151' title='bbox 559 1486 650 1544; x_wconf 85' lang='lat' dir='ltr'>beatos</span> <span class='ocrx_word' id='word_1_152' title='bbox 665 1483 820 1566; x_wconf 81' lang='lat' dir='ltr'>praedicavi,</span> <span class='ocrx_word' id='word_1_153' title='bbox 828 1495 855 1543; x_wconf 90' lang='lat' dir='ltr'>et</span> <span class='ocrx_word' id='word_1_154' title='bbox 906 1481 994 1556; x_wconf 83' lang='grc' dir='ltr'>ύείας,</span> <span class='ocrx_word' id='word_1_155' title='bbox 1014 1482 1055 1542; x_wconf 82' lang='grc' dir='ltr'>ότι</span> <span class='ocrx_word' id='word_1_156' title='bbox 1071 1483 1139 1562; x_wconf 87' lang='grc' dir='ltr'>μετδι</span> <span class='ocrx_word' id='word_1_157' title='bbox 1158 1483 1287 1558; x_wconf 80' lang='grc' dir='ltr'>τοσαύτης</span> <span class='ocrx_word' id='word_1_158' title='bbox 1299 1487 1419 1565; x_wconf 79' lang='grc' dir='ltr'>φυλακῆς</span> <span class='ocrx_word' id='word_1_159' title='bbox 1433 1482 1468 1542; x_wconf 75' lang='lat' dir='ltr'>rb</span> <span class='ocrx_word' id='word_1_160' title='bbox 1479 1479 1600 1562; x_wconf 69' lang='grc' dir='ltr'>εἰρημένα</span> <span class='ocrx_word' id='word_1_161' title='bbox 1610 1503 1651 1539; x_wconf 81' lang='grc' dir='ltr'>κα·</span> 
     </span>
     <span class='ocr_line' id='line_1_13' title="bbox 140 1570 1651 1661; baseline -0.003 -24"><span class='ocrx_word' id='word_1_162' title='bbox 140 1577 515 1660; x_wconf 80' lang='lat' dir='ltr'>propterdiligentiam,quod</span> <span class='ocrx_word' id='word_1_163' title='bbox 524 1575 854 1655; x_wconf 84' lang='lat' dir='ltr'>tamaccuratequaedicta</span> <span class='ocrx_word' id='word_1_164' title='bbox 905 1575 1013 1656; x_wconf 86' lang='grc' dir='ltr'>τέχετε,</span> <span class='ocrx_word' id='word_1_165' title='bbox 1033 1575 1087 1646; x_wconf 59' lang='grc' dir='ltr'>ιιὡς</span> <span class='ocrx_word' id='word_1_166' title='bbox 1107 1579 1153 1637; x_wconf 80' lang='grc' dir='ltr'>καὶ</span> <span class='ocrx_word' id='word_1_167' title='bbox 1177 1576 1258 1661; x_wconf 86' lang='grc' dir='ltr'>έτέρῳ</span> <span class='ocrx_word' id='word_1_168' title='bbox 1281 1575 1444 1657; x_wconf 82' lang='grc' dir='ltr'>διακομίσαι.</span> <span class='ocrx_word' id='word_1_169' title='bbox 1466 1572 1520 1634; x_wconf 83' lang='grc' dir='ltr'>Διά</span> <span class='ocrx_word' id='word_1_170' title='bbox 1532 1579 1601 1634; x_wconf 57' lang='grc' dir='ltr'>τοῦτο</span> <span class='ocrx_word' id='word_1_171' title='bbox 1614 1570 1651 1632; x_wconf 85' lang='grc' dir='ltr'>ιαί</span> 
     </span>
     <span class='ocr_line' id='line_1_14' title="bbox 139 1663 1649 1767; baseline -0.001 -38"><span class='ocrx_word' id='word_1_172' title='bbox 139 1683 203 1729; x_wconf 90' lang='lat' dir='ltr'>sunt</span> <span class='ocrx_word' id='word_1_173' title='bbox 216 1669 344 1730; x_wconf 87' lang='lat' dir='ltr'>memoria</span> <span class='ocrx_word' id='word_1_174' title='bbox 357 1670 480 1747; x_wconf 87' lang='lat' dir='ltr'>teneatis,</span> <span class='ocrx_word' id='word_1_175' title='bbox 494 1683 525 1729; x_wconf 88' lang='lat' dir='ltr'>ut</span> <span class='ocrx_word' id='word_1_176' title='bbox 538 1669 619 1729; x_wconf 90' lang='lat' dir='ltr'>etiam</span> <span class='ocrx_word' id='word_1_177' title='bbox 633 1667 669 1728; x_wconf 92' lang='lat' dir='ltr'>ad</span> <span class='ocrx_word' id='word_1_178' title='bbox 681 1667 749 1727; x_wconf 88' lang='lat' dir='ltr'>alios</span> <span class='ocrx_word' id='word_1_179' title='bbox 762 1681 896 1767; x_wconf 68' lang='lat' dir='ltr'>trans·⁸⁶³</span> <span class='ocrx_word' id='word_1_180' title='bbox 905 1670 982 1745; x_wconf 82' lang='grc' dir='ltr'>ἡμεῖς</span> <span class='ocrx_word' id='word_1_181' title='bbox 992 1667 1058 1747; x_wconf 88' lang='grc' dir='ltr'>πρδς</span> <span class='ocrx_word' id='word_1_182' title='bbox 1071 1667 1120 1742; x_wconf 60' lang='lat' dir='ltr'>riv</span> <span class='ocrx_word' id='word_1_183' title='bbox 1134 1668 1263 1750; x_wconf 79' lang='grc' dir='ltr'>ὑμετέραν</span> <span class='ocrx_word' id='word_1_184' title='bbox 1274 1667 1379 1749; x_wconf 80' lang='grc' dir='ltr'>ἀγάπην</span> <span class='ocrx_word' id='word_1_185' title='bbox 1392 1666 1539 1748; x_wconf 82' lang='grc' dir='ltr'>προθύμοις</span> <span class='ocrx_word' id='word_1_186' title='bbox 1552 1663 1649 1746; x_wconf 81' lang='grc' dir='ltr'>διαλεγό-</span> 
     </span>
     <span class='ocr_line' id='line_1_15' title="bbox 117 1758 1690 1850; baseline -0.002 -27"><span class='ocrx_word' id='word_1_187' title='bbox 117 1765 208 1850; x_wconf 72' lang='grc' dir='ltr'>1έιεεεε</span> <span class='ocrx_word' id='word_1_188' title='bbox 217 1761 335 1843; x_wconf 86' lang='lat' dir='ltr'>possitis.</span> <span class='ocrx_word' id='word_1_189' title='bbox 346 1764 490 1845; x_wconf 84' lang='lat' dir='ltr'>Propterea</span> <span class='ocrx_word' id='word_1_190' title='bbox 501 1782 549 1820; x_wconf 92' lang='lat' dir='ltr'>nos</span> <span class='ocrx_word' id='word_1_191' title='bbox 559 1781 666 1840; x_wconf 90' lang='lat' dir='ltr'>quoque</span> <span class='ocrx_word' id='word_1_192' title='bbox 675 1758 748 1841; x_wconf 88' lang='lat' dir='ltr'>apud</span> <span class='ocrx_word' id='word_1_193' title='bbox 759 1758 855 1818; x_wconf 89' lang='lat' dir='ltr'>carita-</span> <span class='ocrx_word' id='word_1_194' title='bbox 870 1785 890 1830; x_wconf 68' lang='grc' dir='ltr'>,η</span> <span class='ocrx_word' id='word_1_195' title='bbox 907 1764 983 1838; x_wconf 88' lang='grc' dir='ltr'>μεθα.</span> <span class='ocrx_word' id='word_1_196' title='bbox 995 1760 1030 1822; x_wconf 86' lang='lat'>‘0</span> <span class='ocrx_word' id='word_1_197' title='bbox 1042 1763 1095 1844; x_wconf 77' lang='grc' dir='ltr'>γάρ</span> <span class='ocrx_word' id='word_1_198' title='bbox 1107 1763 1282 1823; x_wconf 81' lang='grc' dir='ltr'>καταύάλλων</span> <span class='ocrx_word' id='word_1_199' title='bbox 1301 1766 1413 1822; x_wconf 81' lang='grc' dir='ltr'>ἐνταῦθα</span> <span class='ocrx_word' id='word_1_200' title='bbox 1427 1760 1462 1820; x_wconf 80' lang='grc' dir='ltr'>τὰ</span> <span class='ocrx_word' id='word_1_201' title='bbox 1474 1760 1645 1840; x_wconf 78' lang='grc' dir='ltr'>απίρμετσ,σί</span> <span class='ocrx_word' id='word_1_202' title='bbox 1687 1828 1690 1844; x_wconf 40' lang='grc'>1</span> 
     </span>
     <span class='ocr_line' id='line_1_16' title="bbox 138 1850 1642 1936; baseline -0.001 -24"><span class='ocrx_word' id='word_1_203' title='bbox 138 1866 193 1915; x_wconf 85' lang='lat' dir='ltr'>tem</span> <span class='ocrx_word' id='word_1_204' title='bbox 208 1869 329 1916; x_wconf 74' lang='lat' dir='ltr'>rostram</span> <span class='ocrx_word' id='word_1_205' title='bbox 351 1855 522 1936; x_wconf 86' lang='lat' dir='ltr'>perlubenter</span> <span class='ocrx_word' id='word_1_206' title='bbox 538 1853 703 1914; x_wconf 85' lang='lat' dir='ltr'>disserimus.</span> <span class='ocrx_word' id='word_1_207' title='bbox 715 1854 786 1914; x_wconf 86' lang='lat' dir='ltr'>Nam</span> <span class='ocrx_word' id='word_1_208' title='bbox 806 1851 854 1932; x_wconf 91' lang='lat' dir='ltr'>qui</span> <span class='ocrx_word' id='word_1_209' title='bbox 907 1850 994 1932; x_wconf 78' lang='grc' dir='ltr'>ῥίπτει</span> <span class='ocrx_word' id='word_1_210' title='bbox 1017 1855 1084 1914; x_wconf 85' lang='grc' dir='ltr'>αύτά</span> <span class='ocrx_word' id='word_1_211' title='bbox 1103 1853 1177 1935; x_wconf 76' lang='grc' dir='ltr'>παρὰ</span> <span class='ocrx_word' id='word_1_212' title='bbox 1198 1855 1246 1929; x_wconf 73' lang='grc' dir='ltr'>την</span> <span class='ocrx_word' id='word_1_213' title='bbox 1273 1854 1340 1929; x_wconf 65' lang='lat' dir='ltr'>otto,</span> <span class='ocrx_word' id='word_1_214' title='bbox 1365 1852 1424 1915; x_wconf 81' lang='grc' dir='ltr'>ούδά</span> <span class='ocrx_word' id='word_1_215' title='bbox 1443 1854 1483 1919; x_wconf 89' lang='grc' dir='ltr'>είς</span> <span class='ocrx_word' id='word_1_216' title='bbox 1500 1850 1642 1920; x_wconf 65' lang='grc' dir='ltr'>τάςθώθες</span> 
     </span>
     <span class='ocr_line' id='line_1_17' title="bbox 127 1943 1641 2027; baseline -0.001 -20"><span class='ocrx_word' id='word_1_217' title='bbox 127 1968 187 2019; x_wconf 74' lang='grc' dir='ltr'>ενα</span> <span class='ocrx_word' id='word_1_218' title='bbox 207 1947 352 2008; x_wconf 83' lang='lat' dir='ltr'>committit</span> <span class='ocrx_word' id='word_1_219' title='bbox 371 1948 438 2009; x_wconf 89' lang='lat' dir='ltr'>huic</span> <span class='ocrx_word' id='word_1_220' title='bbox 452 1948 511 2009; x_wconf 90' lang='lat' dir='ltr'>loco</span> <span class='ocrx_word' id='word_1_221' title='bbox 532 1947 712 2022; x_wconf 88' lang='lat' dir='ltr'>semina,non</span> <span class='ocrx_word' id='word_1_222' title='bbox 728 1969 759 2008; x_wconf 85' lang='lat' dir='ltr'>ea</span> <span class='ocrx_word' id='word_1_223' title='bbox 777 1968 853 2007; x_wconf 85' lang='lat' dir='ltr'>secus</span> <span class='ocrx_word' id='word_1_224' title='bbox 906 1947 996 2026; x_wconf 80' lang='grc' dir='ltr'>ἐκχεῖ,</span> <span class='ocrx_word' id='word_1_225' title='bbox 1018 1947 1077 2007; x_wconf 79' lang='grc' dir='ltr'>οὐδὲ</span> <span class='ocrx_word' id='word_1_226' title='bbox 1101 1943 1146 2007; x_wconf 79' lang='grc' dir='ltr'>ἐπί</span> <span class='ocrx_word' id='word_1_227' title='bbox 1164 1947 1213 2022; x_wconf 61' lang='lat' dir='ltr'>ebo</span> <span class='ocrx_word' id='word_1_228' title='bbox 1234 1948 1333 2027; x_wconf 84' lang='grc' dir='ltr'>πέτραν</span> <span class='ocrx_word' id='word_1_229' title='bbox 1352 1945 1472 2027; x_wconf 87' lang='grc' dir='ltr'>σπείρει·</span> <span class='ocrx_word' id='word_1_230' title='bbox 1489 1943 1641 2025; x_wconf 75' lang='grc' dir='ltr'>ούτιολανρθ</span> 
     </span>
     <span class='ocr_line' id='line_1_18' title="bbox 139 2037 1647 2122; baseline 0 -24"><span class='ocrx_word' id='word_1_231' title='bbox 139 2039 214 2099; x_wconf 82' lang='lat' dir='ltr'>viam</span> <span class='ocrx_word' id='word_1_232' title='bbox 223 2040 340 2121; x_wconf 89' lang='lat' dir='ltr'>projicit,</span> <span class='ocrx_word' id='word_1_233' title='bbox 348 2061 395 2100; x_wconf 92' lang='lat' dir='ltr'>nec</span> <span class='ocrx_word' id='word_1_234' title='bbox 407 2040 436 2100; x_wconf 92' lang='lat' dir='ltr'>in</span> <span class='ocrx_word' id='word_1_235' title='bbox 446 2041 536 2122; x_wconf 90' lang='lat' dir='ltr'>spinas</span> <span class='ocrx_word' id='word_1_236' title='bbox 545 2039 762 2119; x_wconf 64' lang='lat' dir='ltr'>effunditueque</span> <span class='ocrx_word' id='word_1_237' title='bbox 771 2061 853 2121; x_wconf 89' lang='lat' dir='ltr'>snpra</span> <span class='ocrx_word' id='word_1_238' title='bbox 905 2038 952 2097; x_wconf 89' lang='grc' dir='ltr'>καί</span> <span class='ocrx_word' id='word_1_239' title='bbox 971 2038 1107 2120; x_wconf 86' lang='grc' dir='ltr'>βαθύγειος</span> <span class='ocrx_word' id='word_1_240' title='bbox 1130 2043 1205 2119; x_wconf 71' lang='grc' dir='ltr'>ὑμῶν</span> <span class='ocrx_word' id='word_1_241' title='bbox 1218 2043 1289 2100; x_wconf 77' lang='grc' dir='ltr'>ἐστιν</span> <span class='ocrx_word' id='word_1_242' title='bbox 1304 2045 1321 2113; x_wconf 81' lang='grc' dir='ltr'>ἡ</span> <span class='ocrx_word' id='word_1_243' title='bbox 1337 2040 1454 2121; x_wconf 84' lang='grc' dir='ltr'>άρουρα,</span> <span class='ocrx_word' id='word_1_244' title='bbox 1474 2038 1522 2098; x_wconf 84' lang='grc' dir='ltr'>καλ</span> <span class='ocrx_word' id='word_1_245' title='bbox 1536 2037 1647 2106; x_wconf 79' lang='grc' dir='ltr'>πάεαιίς</span> 
     </span>
     <span class='ocr_line' id='line_1_19' title="bbox 127 2128 1650 2216; baseline -0.001 -25"><span class='ocrx_word' id='word_1_246' title='bbox 127 2144 243 2213; x_wconf 24' lang='lat' dir='ltr'>&#39;petram</span> <span class='ocrx_word' id='word_1_247' title='bbox 259 2133 372 2193; x_wconf 87' lang='lat' dir='ltr'>seminat</span> <span class='ocrx_word' id='word_1_248' title='bbox 389 2134 446 2194; x_wconf 87' lang='lat' dir='ltr'>:ita</span> <span class='ocrx_word' id='word_1_249' title='bbox 459 2133 570 2216; x_wconf 78' lang='lat' dir='ltr'>pinquis</span> <span class='ocrx_word' id='word_1_250' title='bbox 582 2148 608 2194; x_wconf 88' lang='lat' dir='ltr'>et</span> <span class='ocrx_word' id='word_1_251' title='bbox 620 2133 718 2193; x_wconf 80' lang='lat' dir='ltr'>fertilis</span> <span class='ocrx_word' id='word_1_252' title='bbox 731 2147 772 2194; x_wconf 89' lang='lat' dir='ltr'>est</span> <span class='ocrx_word' id='word_1_253' title='bbox 790 2155 855 2215; x_wconf 83' lang='lat' dir='ltr'>ager</span> <span class='ocrx_word' id='word_1_254' title='bbox 905 2128 965 2198; x_wconf 79' lang='grc' dir='ltr'>τοὺς</span> <span class='ocrx_word' id='word_1_255' title='bbox 980 2130 1090 2198; x_wconf 75' lang='grc' dir='ltr'>οἰκείως</span> <span class='ocrx_word' id='word_1_256' title='bbox 1109 2133 1238 2213; x_wconf 82' lang='grc' dir='ltr'>δεχομένη</span> <span class='ocrx_word' id='word_1_257' title='bbox 1261 2133 1389 2208; x_wconf 84' lang='grc' dir='ltr'>κολπους,</span> <span class='ocrx_word' id='word_1_258' title='bbox 1411 2128 1650 2202; x_wconf 71' lang='grc' dir='ltr'>πολυπλασνύζιιελ</span> 
     </span>
     <span class='ocr_line' id='line_1_20' title="bbox 142 2221 1653 2309; baseline 0.002 -26"><span class='ocrx_word' id='word_1_259' title='bbox 142 2238 240 2302; x_wconf 87' lang='lat' dir='ltr'>vester,</span> <span class='ocrx_word' id='word_1_260' title='bbox 247 2239 274 2285; x_wconf 87' lang='lat' dir='ltr'>et</span> <span class='ocrx_word' id='word_1_261' title='bbox 281 2225 371 2286; x_wconf 91' lang='lat' dir='ltr'>omnia</span> <span class='ocrx_word' id='word_1_262' title='bbox 380 2247 439 2306; x_wconf 79' lang='lat' dir='ltr'>quae</span> <span class='ocrx_word' id='word_1_263' title='bbox 451 2247 499 2287; x_wconf 90' lang='lat' dir='ltr'>sno</span> <span class='ocrx_word' id='word_1_264' title='bbox 508 2227 569 2287; x_wconf 89' lang='lat' dir='ltr'>sinu</span> <span class='ocrx_word' id='word_1_265' title='bbox 579 2227 714 2309; x_wconf 86' lang='lat' dir='ltr'>exceperit</span> <span class='ocrx_word' id='word_1_266' title='bbox 722 2226 854 2308; x_wconf 89' lang='lat' dir='ltr'>multipli·</span> <span class='ocrx_word' id='word_1_267' title='bbox 906 2221 1056 2302; x_wconf 79' lang='grc' dir='ltr'>σπέρματα.</span> <span class='ocrx_word' id='word_1_268' title='bbox 1071 2223 1140 2285; x_wconf 85' lang='grc' dir='ltr'>Ἀλλ’</span> <span class='ocrx_word' id='word_1_269' title='bbox 1151 2226 1224 2306; x_wconf 88' lang='grc' dir='ltr'>είπερ</span> <span class='ocrx_word' id='word_1_270' title='bbox 1237 2225 1300 2285; x_wconf 80' lang='grc' dir='ltr'>πστὲ</span> <span class='ocrx_word' id='word_1_271' title='bbox 1310 2223 1460 2305; x_wconf 88' lang='grc' dir='ltr'>προθυμίαν</span> <span class='ocrx_word' id='word_1_272' title='bbox 1471 2250 1517 2304; x_wconf 87' lang='grc' dir='ltr'>μοι</span> <span class='ocrx_word' id='word_1_273' title='bbox 1526 2225 1653 2309; x_wconf 71' lang='grc' dir='ltr'>παρέσχετο</span> 
     </span>
     <span class='ocr_line' id='line_1_21' title="bbox 137 2309 1656 2401; baseline -0.001 -24"><span class='ocrx_word' id='word_1_274' title='bbox 137 2332 231 2378; x_wconf 89' lang='lat' dir='ltr'>cantur</span> <span class='ocrx_word' id='word_1_275' title='bbox 247 2319 327 2379; x_wconf 84' lang='lat' dir='ltr'>abeo</span> <span class='ocrx_word' id='word_1_276' title='bbox 342 2321 454 2380; x_wconf 87' lang='lat' dir='ltr'>semina.</span> <span class='ocrx_word' id='word_1_277' title='bbox 474 2322 669 2382; x_wconf 86' lang='lat' dir='ltr'>Verumtamen</span> <span class='ocrx_word' id='word_1_278' title='bbox 682 2322 705 2379; x_wconf 86' lang='lat' dir='ltr'>si</span> <span class='ocrx_word' id='word_1_279' title='bbox 722 2340 852 2399; x_wconf 87' lang='lat' dir='ltr'>umquam</span> <span class='ocrx_word' id='word_1_280' title='bbox 905 2314 950 2372; x_wconf 77' lang='grc' dir='ltr'>καί</span> <span class='ocrx_word' id='word_1_281' title='bbox 963 2315 1064 2389; x_wconf 78' lang='grc' dir='ltr'>πολλὴν</span> <span class='ocrx_word' id='word_1_282' title='bbox 1078 2317 1212 2391; x_wconf 78' lang='grc' dir='ltr'>ισπουδὴν</span> <span class='ocrx_word' id='word_1_283' title='bbox 1233 2317 1278 2376; x_wconf 77' lang='grc' dir='ltr'>ἐπὶ</span> <span class='ocrx_word' id='word_1_284' title='bbox 1293 2317 1342 2390; x_wconf 63' lang='lat' dir='ltr'>ebo</span> <span class='ocrx_word' id='word_1_285' title='bbox 1364 2319 1504 2393; x_wconf 80' lang='grc' dir='ltr'>ἀκρόασιν,</span> <span class='ocrx_word' id='word_1_286' title='bbox 1525 2318 1610 2401; x_wconf 79' lang='grc' dir='ltr'>ὥσπερ</span> <span class='ocrx_word' id='word_1_287' title='bbox 1621 2309 1656 2378; x_wconf 77' lang='lat' dir='ltr'>ab</span> 
     </span>
     <span class='ocr_line' id='line_1_22' title="bbox 135 2406 1658 2491; baseline 0.001 -24"><span class='ocrx_word' id='word_1_288' title='bbox 135 2429 270 2468; x_wconf 88' lang='lat' dir='ltr'>summam</span> <span class='ocrx_word' id='word_1_289' title='bbox 284 2409 453 2469; x_wconf 87' lang='lat' dir='ltr'>alacritatem</span> <span class='ocrx_word' id='word_1_290' title='bbox 464 2408 566 2488; x_wconf 85' lang='lat' dir='ltr'>animi,</span> <span class='ocrx_word' id='word_1_291' title='bbox 581 2431 772 2490; x_wconf 87' lang='lat' dir='ltr'>summumque</span> <span class='ocrx_word' id='word_1_292' title='bbox 794 2423 852 2470; x_wconf 92' lang='lat' dir='ltr'>stu·</span> <span class='ocrx_word' id='word_1_293' title='bbox 905 2406 947 2466; x_wconf 80' lang='grc' dir='ltr'>ἀεὶ</span> <span class='ocrx_word' id='word_1_294' title='bbox 970 2408 1174 2490; x_wconf 77' lang='grc' dir='ltr'>παρεσχήκατε,</span> <span class='ocrx_word' id='word_1_295' title='bbox 1200 2409 1299 2483; x_wconf 79' lang='grc' dir='ltr'>ταύτην</span> <span class='ocrx_word' id='word_1_296' title='bbox 1319 2413 1384 2470; x_wconf 81' lang='grc' dir='ltr'>οιίτῶ</span> <span class='ocrx_word' id='word_1_297' title='bbox 1405 2410 1451 2470; x_wconf 81' lang='grc' dir='ltr'>καὶ</span> <span class='ocrx_word' id='word_1_298' title='bbox 1476 2412 1590 2491; x_wconf 78' lang='grc' dir='ltr'>τήμερον</span> <span class='ocrx_word' id='word_1_299' title='bbox 1610 2406 1658 2488; x_wconf 55' lang='grc' dir='ltr'>ἀγὲ</span> 
     </span>
     <span class='ocr_line' id='line_1_23' title="bbox 135 2496 1662 2584; baseline 0.004 -28"><span class='ocrx_word' id='word_1_300' title='bbox 135 2496 212 2557; x_wconf 89' lang='lat' dir='ltr'>dium</span> <span class='ocrx_word' id='word_1_301' title='bbox 221 2497 355 2558; x_wconf 91' lang='lat' dir='ltr'>audiendo</span> <span class='ocrx_word' id='word_1_302' title='bbox 363 2499 517 2558; x_wconf 90' lang='lat' dir='ltr'>concionem</span> <span class='ocrx_word' id='word_1_303' title='bbox 526 2498 697 2574; x_wconf 82' lang='lat' dir='ltr'>exhibuistis,</span> <span class='ocrx_word' id='word_1_304' title='bbox 705 2501 776 2560; x_wconf 90' lang='lat' dir='ltr'>sicut</span> <span class='ocrx_word' id='word_1_305' title='bbox 786 2521 854 2559; x_wconf 90' lang='lat' dir='ltr'>scm·</span> <span class='ocrx_word' id='word_1_306' title='bbox 905 2500 994 2559; x_wconf 79' lang='grc' dir='ltr'>δοῦναι</span> <span class='ocrx_word' id='word_1_307' title='bbox 1006 2499 1054 2572; x_wconf 73' lang='grc' dir='ltr'>τὴν</span> <span class='ocrx_word' id='word_1_308' title='bbox 1064 2500 1152 2583; x_wconf 89' lang='grc' dir='ltr'>χάριν.</span> <span class='ocrx_word' id='word_1_309' title='bbox 1167 2502 1237 2563; x_wconf 80' lang='grc' dir='ltr'>Οὐδὲ</span> <span class='ocrx_word' id='word_1_310' title='bbox 1252 2501 1299 2581; x_wconf 74' lang='grc' dir='ltr'>μὲν</span> <span class='ocrx_word' id='word_1_311' title='bbox 1312 2502 1380 2584; x_wconf 79' lang='grc' dir='ltr'>ὑπὲρ</span> <span class='ocrx_word' id='word_1_312' title='bbox 1394 2507 1446 2562; x_wconf 85' lang='grc' dir='ltr'>τῶν</span> <span class='ocrx_word' id='word_1_313' title='bbox 1463 2503 1596 2583; x_wconf 76' lang='grc' dir='ltr'>πυχόντων</span> <span class='ocrx_word' id='word_1_314' title='bbox 1605 2502 1662 2580; x_wconf 66' lang='grc' dir='ltr'>ἡμϊ</span> 
     </span>
     <span class='ocr_line' id='line_1_24' title="bbox 137 2591 1660 2678; baseline 0.005 -28"><span class='ocrx_word' id='word_1_315' title='bbox 137 2612 187 2672; x_wconf 86' lang='lat' dir='ltr'>per</span> <span class='ocrx_word' id='word_1_316' title='bbox 198 2591 372 2668; x_wconf 81' lang='lat' dir='ltr'>exhibuistis,</span> <span class='ocrx_word' id='word_1_317' title='bbox 385 2592 456 2652; x_wconf 85' lang='lat' dir='ltr'>banc</span> <span class='ocrx_word' id='word_1_318' title='bbox 471 2606 498 2652; x_wconf 89' lang='lat' dir='ltr'>et</span> <span class='ocrx_word' id='word_1_319' title='bbox 510 2591 641 2652; x_wconf 85' lang='lat' dir='ltr'>hodierno</span> <span class='ocrx_word' id='word_1_320' title='bbox 654 2592 699 2654; x_wconf 84' lang='lat' dir='ltr'>die</span> <span class='ocrx_word' id='word_1_321' title='bbox 711 2593 778 2653; x_wconf 91' lang='lat' dir='ltr'>mibi</span> <span class='ocrx_word' id='word_1_322' title='bbox 789 2607 853 2675; x_wconf 90' lang='lat' dir='ltr'>pcto</span> <span class='ocrx_word' id='word_1_323' title='bbox 905 2593 976 2651; x_wconf 82' lang='grc' dir='ltr'>ἐστιν</span> <span class='ocrx_word' id='word_1_324' title='bbox 987 2598 1001 2652; x_wconf 86' lang='grc' dir='ltr'>θ</span> <span class='ocrx_word' id='word_1_325' title='bbox 1014 2593 1103 2674; x_wconf 87' lang='grc' dir='ltr'>λόγος,</span> <span class='ocrx_word' id='word_1_326' title='bbox 1119 2597 1177 2655; x_wconf 88' lang='grc' dir='ltr'>ἀλλ’</span> <span class='ocrx_word' id='word_1_327' title='bbox 1191 2595 1258 2678; x_wconf 77' lang='grc' dir='ltr'>ὑπὲρ</span> <span class='ocrx_word' id='word_1_328' title='bbox 1277 2597 1398 2676; x_wconf 81' lang='grc' dir='ltr'>μεγάλων</span> <span class='ocrx_word' id='word_1_329' title='bbox 1419 2598 1595 2678; x_wconf 83' lang='grc' dir='ltr'>πραγμάτων.</span> <span class='ocrx_word' id='word_1_330' title='bbox 1604 2594 1660 2657; x_wconf 70' lang='lat' dir='ltr'>tui·-</span> 
     </span>
     <span class='ocr_line' id='line_1_25' title="bbox 137 2682 1654 2771; baseline 0.006 -29"><span class='ocrx_word' id='word_1_331' title='bbox 137 2683 252 2764; x_wconf 78' lang='lat' dir='ltr'>gratiam</span> <span class='ocrx_word' id='word_1_332' title='bbox 263 2682 383 2744; x_wconf 86' lang='lat' dir='ltr'>concedi.</span> <span class='ocrx_word' id='word_1_333' title='bbox 396 2685 490 2763; x_wconf 86' lang='lat' dir='ltr'>Neque</span> <span class='ocrx_word' id='word_1_334' title='bbox 502 2684 573 2744; x_wconf 90' lang='lat' dir='ltr'>enim</span> <span class='ocrx_word' id='word_1_335' title='bbox 584 2683 618 2744; x_wconf 92' lang='lat' dir='ltr'>de</span> <span class='ocrx_word' id='word_1_336' title='bbox 633 2685 712 2745; x_wconf 87' lang='lat' dir='ltr'>rebus</span> <span class='ocrx_word' id='word_1_337' title='bbox 726 2685 852 2765; x_wconf 78' lang='lat' dir='ltr'>vulgari·</span> <span class='ocrx_word' id='word_1_338' title='bbox 905 2708 956 2765; x_wconf 87' lang='grc' dir='ltr'>περ</span> <span class='ocrx_word' id='word_1_339' title='bbox 979 2687 1120 2768; x_wconf 68' lang='grc' dir='ltr'>ὀφθαλμῶν</span> <span class='ocrx_word' id='word_1_340' title='bbox 1143 2689 1235 2767; x_wconf 84' lang='grc' dir='ltr'>δέομαι</span> <span class='ocrx_word' id='word_1_341' title='bbox 1261 2690 1425 2771; x_wconf 84' lang='grc' dir='ltr'>πανταχόθεν</span> <span class='ocrx_word' id='word_1_342' title='bbox 1446 2688 1492 2760; x_wconf 78' lang='grc' dir='ltr'>ὀξύ</span> <span class='ocrx_word' id='word_1_343' title='bbox 1515 2690 1654 2771; x_wconf 74' lang='grc' dir='ltr'>βλεπόναιη</span> 
     </span>
     <span class='ocr_line' id='line_1_26' title="bbox 137 2777 1655 2866; baseline 0.007 -25"><span class='ocrx_word' id='word_1_344' title='bbox 137 2779 190 2841; x_wconf 89' lang='lat' dir='ltr'>bus</span> <span class='ocrx_word' id='word_1_345' title='bbox 202 2782 281 2842; x_wconf 87' lang='lat' dir='ltr'>nobis</span> <span class='ocrx_word' id='word_1_346' title='bbox 300 2795 339 2841; x_wconf 90' lang='lat' dir='ltr'>est</span> <span class='ocrx_word' id='word_1_347' title='bbox 350 2781 506 2862; x_wconf 79' lang='lat' dir='ltr'>agendum,</span> <span class='ocrx_word' id='word_1_348' title='bbox 518 2781 566 2842; x_wconf 87' lang='lat' dir='ltr'>sed</span> <span class='ocrx_word' id='word_1_349' title='bbox 587 2782 621 2842; x_wconf 90' lang='lat' dir='ltr'>de</span> <span class='ocrx_word' id='word_1_350' title='bbox 637 2783 672 2842; x_wconf 93' lang='lat' dir='ltr'>iis</span> <span class='ocrx_word' id='word_1_351' title='bbox 688 2805 748 2863; x_wconf 84' lang='lat' dir='ltr'>quae</span> <span class='ocrx_word' id='word_1_352' title='bbox 762 2785 853 2865; x_wconf 78' lang='lat' dir='ltr'>magni</span> <span class='ocrx_word' id='word_1_353' title='bbox 907 2777 1021 2846; x_wconf 74' lang='grc' dir='ltr'>διανοίας</span> <span class='ocrx_word' id='word_1_354' title='bbox 1034 2781 1254 2862; x_wconf 70' lang='grc' dir='ltr'>διεγηγερμὲνης,</span> <span class='ocrx_word' id='word_1_355' title='bbox 1270 2781 1470 2856; x_wconf 71' lang='grc' dir='ltr'>διανεστηκὸτῠς</span> <span class='ocrx_word' id='word_1_356' title='bbox 1490 2783 1655 2866; x_wconf 63' lang='grc' dir='ltr'>φρονήματα,</span> 
     </span>
     <span class='ocr_line' id='line_1_27' title="bbox 42 2873 1657 2962; baseline 0.007 -29"><span class='ocrx_word' id='word_1_357' title='bbox 42 2888 202 2954; x_wconf 60' lang='grc' dir='ltr'>ρ,,γ,,,ευιιι</span> <span class='ocrx_word' id='word_1_358' title='bbox 211 2875 348 2934; x_wconf 86' lang='lat' dir='ltr'>momenti.</span> <span class='ocrx_word' id='word_1_359' title='bbox 357 2874 490 2946; x_wconf 84' lang='lat' dir='ltr'>Quocirca</span> <span class='ocrx_word' id='word_1_360' title='bbox 499 2875 567 2934; x_wconf 91' lang='lat' dir='ltr'>mibi</span> <span class='ocrx_word' id='word_1_361' title='bbox 578 2875 779 2957; x_wconf 88' lang='lat' dir='ltr'>perspicacibus</span> <span class='ocrx_word' id='word_1_362' title='bbox 787 2899 855 2959; x_wconf 90' lang='lat' dir='ltr'>opus</span> <span class='ocrx_word' id='word_1_363' title='bbox 868 2882 887 2928; x_wconf 85' lang='lat' dir='ltr'>B</span> <span class='ocrx_word' id='word_1_364' title='bbox 906 2873 1103 2953; x_wconf 86' lang='grc' dir='ltr'>συντεταμένων</span> <span class='ocrx_word' id='word_1_365' title='bbox 1114 2876 1259 2955; x_wconf 81' lang='grc' dir='ltr'>λογισμῶν,</span> <span class='ocrx_word' id='word_1_366' title='bbox 1271 2879 1358 2958; x_wconf 69' lang='grc' dir='ltr'>ψυχῆς</span> <span class='ocrx_word' id='word_1_367' title='bbox 1373 2877 1510 2960; x_wconf 72' lang='grc' dir='ltr'>ἀγρύπνου</span> <span class='ocrx_word' id='word_1_368' title='bbox 1531 2880 1579 2940; x_wconf 79' lang='grc' dir='ltr'>καί</span> <span class='ocrx_word' id='word_1_369' title='bbox 1594 2885 1657 2962; x_wconf 67' lang='lat' dir='ltr'>im·</span> 
     </span>
     <span class='ocr_line' id='line_1_28' title="bbox 1 2963 1655 3052; baseline 0.004 -26"><span class='ocrx_word' id='word_1_370' title='bbox 1 2973 93 3015; x_wconf 63' lang='grc' dir='ltr'>θεούσ-</span> <span class='ocrx_word' id='word_1_371' title='bbox 113 3035 118 3046; x_wconf 33' lang='lat'><strong>¹</strong></span> <span class='ocrx_word' id='word_1_372' title='bbox 140 2980 179 3026; x_wconf 86' lang='lat' dir='ltr'>est</span> <span class='ocrx_word' id='word_1_373' title='bbox 195 2966 294 3042; x_wconf 89' lang='lat' dir='ltr'>oculis,</span> <span class='ocrx_word' id='word_1_374' title='bbox 312 2966 428 3026; x_wconf 81' lang='lat' dir='ltr'>excitata</span> <span class='ocrx_word' id='word_1_375' title='bbox 441 2980 546 3044; x_wconf 90' lang='lat' dir='ltr'>mente,</span> <span class='ocrx_word' id='word_1_376' title='bbox 561 2987 593 3027; x_wconf 87' lang='lat' dir='ltr'>ac</span> <span class='ocrx_word' id='word_1_377' title='bbox 606 2968 728 3028; x_wconf 88' lang='lat' dir='ltr'>sensibus</span> <span class='ocrx_word' id='word_1_378' title='bbox 748 2971 853 3048; x_wconf 88' lang='lat' dir='ltr'>erectis,</span> <span class='ocrx_word' id='word_1_379' title='bbox 904 2963 1021 3047; x_wconf 82' lang='grc' dir='ltr'>γορυίας.</span> <span class='ocrx_word' id='word_1_380' title='bbox 1037 2966 1090 3026; x_wconf 80' lang='grc' dir='ltr'>Καί</span> <span class='ocrx_word' id='word_1_381' title='bbox 1103 2965 1155 3048; x_wconf 85' lang='grc' dir='ltr'>γδιρ</span> <span class='ocrx_word' id='word_1_382' title='bbox 1168 2968 1300 3040; x_wconf 81' lang='grc' dir='ltr'>ἠκούσατε</span> <span class='ocrx_word' id='word_1_383' title='bbox 1313 2976 1358 3030; x_wconf 85' lang='grc' dir='ltr'>τοῦ</span> <span class='ocrx_word' id='word_1_384' title='bbox 1374 2970 1584 3052; x_wconf 86' lang='grc' dir='ltr'>ἀναγνώσματος</span> <span class='ocrx_word' id='word_1_385' title='bbox 1603 2972 1655 3033; x_wconf 75' lang='grc' dir='ltr'>τόν·</span> 
     </span>
     <span class='ocr_line' id='line_1_29' title="bbox 2 3034 1672 3147; baseline 0.011 -32"><span class='ocrx_word' id='word_1_386' title='bbox 2 3034 240 3141; x_wconf 55' lang='lat' dir='ltr'>ffimfuffi&#39;attenta</span> <span class='ocrx_word' id='word_1_387' title='bbox 254 3056 425 3138; x_wconf 81' lang='lat' dir='ltr'>rogitatione,</span> <span class='ocrx_word' id='word_1_388' title='bbox 438 3057 529 3118; x_wconf 86' lang='lat' dir='ltr'>animo</span> <span class='ocrx_word' id='word_1_389' title='bbox 542 3058 660 3120; x_wconf 87' lang='lat' dir='ltr'>insomni</span> <span class='ocrx_word' id='word_1_390' title='bbox 673 3081 705 3120; x_wconf 85' lang='lat' dir='ltr'>ae</span> <span class='ocrx_word' id='word_1_391' title='bbox 718 3060 854 3142; x_wconf 80' lang='lat' dir='ltr'>vigilanti.</span> <span class='ocrx_word' id='word_1_392' title='bbox 905 3080 947 3124; x_wconf 83' lang='grc' dir='ltr'>τει</span> <span class='ocrx_word' id='word_1_393' title='bbox 959 3063 1004 3118; x_wconf 80' lang='grc' dir='ltr'>τοῦ</span> <span class='ocrx_word' id='word_1_394' title='bbox 1016 3062 1209 3120; x_wconf 59' lang='lat' dir='ltr'>aromatizat·</span> <span class='ocrx_word' id='word_1_395' title='bbox 1224 3061 1270 3121; x_wconf 79' lang='grc' dir='ltr'>καί</span> <span class='ocrx_word' id='word_1_396' title='bbox 1288 3060 1313 3120; x_wconf 79' lang='grc' dir='ltr'>εί</span> <span class='ocrx_word' id='word_1_397' title='bbox 1329 3086 1369 3130; x_wconf 76' lang='grc' dir='ltr'>τις</span> <span class='ocrx_word' id='word_1_398' title='bbox 1384 3063 1464 3133; x_wconf 74' lang='grc' dir='ltr'>ὀξέως</span> <span class='ocrx_word' id='word_1_399' title='bbox 1475 3065 1607 3147; x_wconf 68' lang='grc' dir='ltr'>προσέσχε</span> <span class='ocrx_word' id='word_1_400' title='bbox 1616 3072 1672 3133; x_wconf 72' lang='lat' dir='ltr'>ult.</span> 
     </span>
     <span class='ocr_line' id='line_1_30' title="bbox 140 3145 1672 3238; baseline 0.012 -30"><span class='ocrx_word' id='word_1_401' title='bbox 140 3148 292 3209; x_wconf 79' lang='lat' dir='ltr'>Audivistis</span> <span class='ocrx_word' id='word_1_402' title='bbox 314 3149 387 3209; x_wconf 92' lang='lat' dir='ltr'>enim</span> <span class='ocrx_word' id='word_1_403' title='bbox 399 3171 489 3211; x_wconf 86' lang='lat' dir='ltr'>omnes</span> <span class='ocrx_word' id='word_1_404' title='bbox 501 3150 675 3232; x_wconf 87' lang='lat' dir='ltr'>apostolicam</span> <span class='ocrx_word' id='word_1_405' title='bbox 693 3153 852 3215; x_wconf 85' lang='lat' dir='ltr'>lectionem:</span> <span class='ocrx_word' id='word_1_406' title='bbox 907 3153 1121 3229; x_wconf 87' lang='grc' dir='ltr'>ἀναγνωσθείσιν,</span> <span class='ocrx_word' id='word_1_407' title='bbox 1142 3145 1209 3213; x_wconf 75' lang='grc' dir='ltr'>οἶδεν</span> <span class='ocrx_word' id='word_1_408' title='bbox 1228 3152 1269 3213; x_wconf 87' lang='grc' dir='ltr'>δτι</span> <span class='ocrx_word' id='word_1_409' title='bbox 1291 3153 1401 3233; x_wconf 79' lang='grc' dir='ltr'>μεγάλοι</span> <span class='ocrx_word' id='word_1_410' title='bbox 1418 3162 1486 3235; x_wconf 74' lang='grc' dir='ltr'>ἡμῖν</span> <span class='ocrx_word' id='word_1_411' title='bbox 1510 3160 1607 3238; x_wconf 68' lang='grc' dir='ltr'>ἀγῶνες</span> <span class='ocrx_word' id='word_1_412' title='bbox 1623 3154 1672 3218; x_wconf 62' lang='lat' dir='ltr'>fl‘t&#39;·</span> 
     </span>
     <span class='ocr_line' id='line_1_31' title="bbox 137 3240 1669 3334; baseline 0.008 -33"><span class='ocrx_word' id='word_1_413' title='bbox 137 3254 164 3301; x_wconf 90' lang='lat' dir='ltr'>et</span> <span class='ocrx_word' id='word_1_414' title='bbox 173 3240 197 3300; x_wconf 91' lang='lat' dir='ltr'>si</span> <span class='ocrx_word' id='word_1_415' title='bbox 206 3241 270 3319; x_wconf 89' lang='lat' dir='ltr'>quis</span> <span class='ocrx_word' id='word_1_416' title='bbox 279 3241 424 3322; x_wconf 86' lang='lat' dir='ltr'>diligenter</span> <span class='ocrx_word' id='word_1_417' title='bbox 431 3241 544 3302; x_wconf 90' lang='lat' dir='ltr'>attendit</span> <span class='ocrx_word' id='word_1_418' title='bbox 551 3241 586 3301; x_wconf 90' lang='lat' dir='ltr'>ad</span> <span class='ocrx_word' id='word_1_419' title='bbox 595 3264 625 3303; x_wconf 90' lang='lat' dir='ltr'>ea</span> <span class='ocrx_word' id='word_1_420' title='bbox 635 3265 695 3322; x_wconf 74' lang='lat' dir='ltr'>qnae</span> <span class='ocrx_word' id='word_1_421' title='bbox 706 3245 773 3305; x_wconf 87' lang='lat' dir='ltr'>lecta</span> <span class='ocrx_word' id='word_1_422' title='bbox 782 3260 854 3323; x_wconf 92' lang='lat' dir='ltr'>sunt,</span> <span class='ocrx_word' id='word_1_423' title='bbox 905 3245 1013 3325; x_wconf 79' lang='grc' dir='ltr'>ἱδρῶτες</span> <span class='ocrx_word' id='word_1_424' title='bbox 1024 3245 1176 3328; x_wconf 88' lang='grc' dir='ltr'>πρόκεινται</span> <span class='ocrx_word' id='word_1_425' title='bbox 1195 3249 1317 3330; x_wconf 84' lang='grc' dir='ltr'>ιη’μερον.</span> <span class='ocrx_word' id='word_1_426' title='bbox 1328 3247 1396 3309; x_wconf 85' lang='grc' dir='ltr'>Ὅτε</span> <span class='ocrx_word' id='word_1_427' title='bbox 1406 3249 1460 3332; x_wconf 83' lang='grc' dir='ltr'>γάρ</span> <span class='ocrx_word' id='word_1_428' title='bbox 1482 3242 1547 3324; x_wconf 71' lang='grc' dir='ltr'>ἦλθε</span> <span class='ocrx_word' id='word_1_429' title='bbox 1560 3242 1669 3334; x_wconf 69' lang='grc' dir='ltr'>Πέτρος,Ι</span> 
     </span>
     <span class='ocr_line' id='line_1_32' title="bbox 138 3328 1672 3427; baseline 0.008 -34"><span class='ocrx_word' id='word_1_430' title='bbox 138 3334 855 3415; x_wconf 81' lang='lat' dir='ltr'>magnanobiscertaminalaboresquenobishodicrno</span> <span class='ocrx_word' id='word_1_431' title='bbox 906 3337 996 3417; x_wconf 74' lang='grc' dir='ltr'>φησίν,</span> <span class='ocrx_word' id='word_1_432' title='bbox 1011 3339 1047 3405; x_wconf 88' lang='grc' dir='ltr'>είς</span> <span class='ocrx_word' id='word_1_433' title='bbox 1064 3337 1234 3421; x_wconf 81' lang='grc' dir='ltr'>Ἀντιόχειαν,</span> <span class='ocrx_word' id='word_1_434' title='bbox 1251 3339 1320 3400; x_wconf 86' lang='grc' dir='ltr'>κατά</span> <span class='ocrx_word' id='word_1_435' title='bbox 1339 3341 1484 3421; x_wconf 89' lang='grc' dir='ltr'>πρόσωπον</span> <span class='ocrx_word' id='word_1_436' title='bbox 1503 3346 1575 3427; x_wconf 79' lang='grc' dir='ltr'>αύτῷ</span> <span class='ocrx_word' id='word_1_437' title='bbox 1593 3328 1672 3406; x_wconf 24' lang='grc' dir='ltr'>ἀντί-Η</span> 
     </span>
     <span class='ocr_line' id='line_1_33' title="bbox 0 3424 981 3510; baseline 0.004 -25"><span class='ocrx_word' id='word_1_438' title='bbox 0 3441 45 3485; x_wconf 80' lang='lat' dir='ltr'>at.</span> <span class='ocrx_word' id='word_1_439' title='bbox 54 3455 79 3489; x_wconf 81' lang='grc' dir='ltr'>α.</span> <span class='ocrx_word' id='word_1_440' title='bbox 92 3452 127 3489; x_wconf 86' lang='grc' dir='ltr'>ιι.</span> <span class='ocrx_word' id='word_1_441' title='bbox 138 3424 184 3487; x_wconf 90' lang='lat' dir='ltr'>die</span> <span class='ocrx_word' id='word_1_442' title='bbox 189 3428 340 3510; x_wconf 88' lang='lat' dir='ltr'>propositos</span> <span class='ocrx_word' id='word_1_443' title='bbox 347 3449 404 3488; x_wconf 87' lang='lat' dir='ltr'>esse</span> <span class='ocrx_word' id='word_1_444' title='bbox 413 3428 548 3510; x_wconf 82' lang='lat' dir='ltr'>cognovit.</span> <span class='ocrx_word' id='word_1_445' title='bbox 556 3431 630 3490; x_wconf 85' lang='lat' dir='ltr'>Cum</span> <span class='ocrx_word' id='word_1_446' title='bbox 639 3435 719 3490; x_wconf 84' lang='lat' dir='ltr'>enim</span> <span class='ocrx_word' id='word_1_447' title='bbox 726 3436 856 3493; x_wconf 80' lang='lat' dir='ltr'>uenisset</span> <span class='ocrx_word' id='word_1_448' title='bbox 906 3453 981 3502; x_wconf 87' lang='grc' dir='ltr'>οτην.</span> 
     </span>
     <span class='ocr_line' id='line_1_34' title="bbox 139 3519 854 3604; baseline 0.003 -22"><span class='ocrx_word' id='word_1_449' title='bbox 139 3519 550 3601; x_wconf 80' lang='lat' dir='ltr'>inquit,PetrusAntiocbiam,</span> <span class='ocrx_word' id='word_1_450' title='bbox 559 3525 708 3604; x_wconf 83' lang='lat' dir='ltr'>infaciem</span> <span class='ocrx_word' id='word_1_451' title='bbox 716 3528 744 3585; x_wconf 85' lang='lat' dir='ltr'>ei</span> <span class='ocrx_word' id='word_1_452' title='bbox 751 3530 854 3586; x_wconf 84' lang='lat' dir='ltr'>restiti.</span> 
     </span>
     <span class='ocr_line' id='line_1_35' title="bbox 28 3611 1651 3711; baseline 0.014 -38"><span class='ocrx_word' id='word_1_453' title='bbox 28 3690 31 3697; x_wconf 67' lang='lat'>,</span> <span class='ocrx_word' id='word_1_454' title='bbox 178 3618 207 3675; x_wconf 66' lang='grc' dir='ltr'>Π.</span> <span class='ocrx_word' id='word_1_455' title='bbox 218 3611 359 3693; x_wconf 88' lang='lat' dir='ltr'>Numquid</span> <span class='ocrx_word' id='word_1_456' title='bbox 370 3634 590 3694; x_wconf 89' lang='lat' dir='ltr'>unumquemque</span> <span class='ocrx_word' id='word_1_457' title='bbox 598 3629 719 3675; x_wconf 84' lang='lat' dir='ltr'>vestrum</span> <span class='ocrx_word' id='word_1_458' title='bbox 732 3618 783 3678; x_wconf 89' lang='lat' dir='ltr'>boc</span> <span class='ocrx_word' id='word_1_459' title='bbox 791 3639 854 3679; x_wconf 84' lang='lat' dir='ltr'>con-</span> <span class='ocrx_word' id='word_1_460' title='bbox 944 3616 1012 3710; x_wconf 71' lang='grc' dir='ltr'>Ἆρα</span> <span class='ocrx_word' id='word_1_461' title='bbox 1025 3619 1068 3688; x_wconf 70' lang='lat' dir='ltr'>oio</span> <span class='ocrx_word' id='word_1_462' title='bbox 1080 3631 1109 3689; x_wconf 87' lang='grc' dir='ltr'>ού</span> <span class='ocrx_word' id='word_1_463' title='bbox 1123 3630 1227 3711; x_wconf 86' lang='grc' dir='ltr'>θορυόεῑ</span> <span class='ocrx_word' id='word_1_464' title='bbox 1240 3629 1350 3692; x_wconf 79' lang='grc' dir='ltr'>ἕκαστον</span> <span class='ocrx_word' id='word_1_465' title='bbox 1362 3636 1414 3692; x_wconf 83' lang='grc' dir='ltr'>τῶν</span> <span class='ocrx_word' id='word_1_466' title='bbox 1424 3633 1575 3695; x_wconf 76' lang='grc' dir='ltr'>ἀκουόντων</span> <span class='ocrx_word' id='word_1_467' title='bbox 1585 3636 1651 3703; x_wconf 59' lang='grc' dir='ltr'>ταύτῃ</span> 
     </span>
     <span class='ocr_line' id='line_1_36' title="bbox 137 3705 1651 3805; baseline 0.012 -39"><span class='ocrx_word' id='word_1_468' title='bbox 137 3707 239 3782; x_wconf 86' lang='lat' dir='ltr'>turbat,</span> <span class='ocrx_word' id='word_1_469' title='bbox 254 3705 323 3766; x_wconf 90' lang='lat' dir='ltr'>dum</span> <span class='ocrx_word' id='word_1_470' title='bbox 336 3705 414 3766; x_wconf 87' lang='lat' dir='ltr'>audit</span> <span class='ocrx_word' id='word_1_471' title='bbox 426 3709 504 3767; x_wconf 86' lang='lat' dir='ltr'>Petro</span> <span class='ocrx_word' id='word_1_472' title='bbox 517 3706 645 3768; x_wconf 84' lang='lat' dir='ltr'>restitisse</span> <span class='ocrx_word' id='word_1_473' title='bbox 659 3710 791 3770; x_wconf 88' lang='lat' dir='ltr'>Paulum:</span> <span class='ocrx_word' id='word_1_474' title='bbox 804 3732 853 3771; x_wconf 88' lang='lat' dir='ltr'>co-</span> <span class='ocrx_word' id='word_1_475' title='bbox 904 3717 946 3780; x_wconf 75' lang='grc' dir='ltr'>ὅτι</span> <span class='ocrx_word' id='word_1_476' title='bbox 969 3722 1075 3788; x_wconf 82' lang='grc' dir='ltr'>Παῦλος</span> <span class='ocrx_word' id='word_1_477' title='bbox 1091 3720 1203 3794; x_wconf 78' lang='grc' dir='ltr'>ἀντέστη</span> <span class='ocrx_word' id='word_1_478' title='bbox 1220 3726 1258 3781; x_wconf 84' lang='grc' dir='ltr'>τῶ</span> <span class='ocrx_word' id='word_1_479' title='bbox 1272 3723 1383 3805; x_wconf 85' lang='grc' dir='ltr'>Πέτρῳ,</span> <span class='ocrx_word' id='word_1_480' title='bbox 1407 3724 1448 3784; x_wconf 86' lang='grc' dir='ltr'>ότι</span> <span class='ocrx_word' id='word_1_481' title='bbox 1469 3727 1494 3784; x_wconf 91' lang='grc' dir='ltr'>οί</span> <span class='ocrx_word' id='word_1_482' title='bbox 1518 3730 1601 3788; x_wconf 77' lang='grc' dir='ltr'>στῦλοι</span> <span class='ocrx_word' id='word_1_483' title='bbox 1615 3728 1651 3796; x_wconf 75' lang='grc' dir='ltr'>τ’ίς</span> 
     </span>
     <span class='ocr_line' id='line_1_37' title="bbox 137 3787 1652 3898; baseline 0.003 -40"><span class='ocrx_word' id='word_1_484' title='bbox 137 3798 244 3858; x_wconf 90' lang='lat' dir='ltr'>lumnas</span> <span class='ocrx_word' id='word_1_485' title='bbox 258 3796 359 3856; x_wconf 90' lang='lat' dir='ltr'>scilicet</span> <span class='ocrx_word' id='word_1_486' title='bbox 368 3797 495 3857; x_wconf 67' lang='lat' dir='ltr'>Ecclesia)</span> <span class='ocrx_word' id='word_1_487' title='bbox 515 3799 585 3858; x_wconf 86' lang='lat' dir='ltr'>inter</span> <span class='ocrx_word' id='word_1_488' title='bbox 603 3821 631 3859; x_wconf 89' lang='lat' dir='ltr'>se</span> <span class='ocrx_word' id='word_1_489' title='bbox 649 3801 758 3880; x_wconf 84' lang='lat' dir='ltr'>collidi,</span> <span class='ocrx_word' id='word_1_490' title='bbox 772 3816 853 3883; x_wconf 89' lang='lat' dir='ltr'>atque</span> <span class='ocrx_word' id='word_1_491' title='bbox 905 3811 1066 3885; x_wconf 68' lang='grc' dir='ltr'>Ἐχχλησίας</span> <span class='ocrx_word' id='word_1_492' title='bbox 1080 3787 1267 3895; x_wconf 53' lang='grc' dir='ltr'>συγχρούοντᾷη</span> <span class='ocrx_word' id='word_1_493' title='bbox 1279 3814 1324 3874; x_wconf 61' lang='grc' dir='ltr'>καὶ</span> <span class='ocrx_word' id='word_1_494' title='bbox 1335 3817 1652 3898; x_wconf 53' lang='grc' dir='ltr'>ἀλλήλοιςπρωπῐωγ</span> 
     </span>
    </p>
   </div>
   <div class='ocr_carea' id='block_1_4' title="bbox 138 3888 1650 4070">
    <p class='ocr_par' dir='ltr' id='par_1_4' title="bbox 138 3888 1650 4070">
     <span class='ocr_line' id='line_1_38' title="bbox 138 3888 1650 3997; baseline 0.017 -49"><span class='ocrx_word' id='word_1_495' title='bbox 138 3888 168 3948; x_wconf 78' lang='grc' dir='ltr'>Π]</span> <span class='ocrx_word' id='word_1_496' title='bbox 186 3910 214 3948; x_wconf 70' lang='lat' dir='ltr'>se</span> <span class='ocrx_word' id='word_1_497' title='bbox 234 3889 351 3949; x_wconf 76' lang='lat' dir='ltr'>invicem</span> <span class='ocrx_word' id='word_1_498' title='bbox 366 3891 679 3970; x_wconf 53' lang='lat' dir='ltr'>incurrereisiqul&#39;dem</span> <span class='ocrx_word' id='word_1_499' title='bbox 696 3915 759 3955; x_wconf 73' lang='lat' dir='ltr'>Vere</span> <span class='ocrx_word' id='word_1_500' title='bbox 773 3897 852 3957; x_wconf 78' lang='lat' dir='ltr'><strong>colu·</strong></span> <span class='ocrx_word' id='word_1_501' title='bbox 905 3908 1001 3968; x_wconf 81' lang='grc' dir='ltr'>Στῦλος</span> <span class='ocrx_word' id='word_1_502' title='bbox 1012 3909 1064 3991; x_wconf 70' lang='grc' dir='ltr'>γὰρ</span> <span class='ocrx_word' id='word_1_503' title='bbox 1074 3909 1154 3979; x_wconf 76' lang='grc' dir='ltr'>ὄντως</span> <span class='ocrx_word' id='word_1_504' title='bbox 1165 3912 1230 3971; x_wconf 74' lang='grc' dir='ltr'>εἰσίν</span> <span class='ocrx_word' id='word_1_505' title='bbox 1241 3903 1320 3988; x_wconf 63' lang='grc' dir='ltr'>οὗτοι,</span> <span class='ocrx_word' id='word_1_506' title='bbox 1330 3913 1379 3986; x_wconf 65' lang='grc' dir='ltr'>τὴν</span> <span class='ocrx_word' id='word_1_507' title='bbox 1394 3915 1493 3997; x_wconf 75' lang='grc' dir='ltr'>ὀροφὴν</span> <span class='ocrx_word' id='word_1_508' title='bbox 1503 3918 1650 3990; x_wconf 45' lang='grc' dir='ltr'>τῆμίστυς</span> 
     </span>
     <span class='ocr_line' id='line_1_39' title="bbox 138 3980 852 4070; baseline 0.014 -31"><span class='ocrx_word' id='word_1_509' title='bbox 138 4000 208 4039; x_wconf 76' lang='lat' dir='ltr'>mnae</span> <span class='ocrx_word' id='word_1_510' title='bbox 220 3993 283 4039; x_wconf 89' lang='lat' dir='ltr'>sunt</span> <span class='ocrx_word' id='word_1_511' title='bbox 297 3980 353 4057; x_wconf 90' lang='lat' dir='ltr'>isti,</span> <span class='ocrx_word' id='word_1_512' title='bbox 370 3981 416 4059; x_wconf 90' lang='lat' dir='ltr'>qui</span> <span class='ocrx_word' id='word_1_513' title='bbox 432 3980 496 4041; x_wconf 88' lang='lat' dir='ltr'>fidei</span> <span class='ocrx_word' id='word_1_514' title='bbox 509 3995 610 4043; x_wconf 91' lang='lat' dir='ltr'>tectum</span> <span class='ocrx_word' id='word_1_515' title='bbox 623 3987 755 4046; x_wconf 89' lang='lat' dir='ltr'>sustinent</span> <span class='ocrx_word' id='word_1_516' title='bbox 767 4002 794 4048; x_wconf 91' lang='lat' dir='ltr'>et</span> <span class='ocrx_word' id='word_1_517' title='bbox 808 4010 852 4070; x_wconf 80' lang='lat' dir='ltr'>gc·</span> 
     </span>
    </p>
   </div>
   <div class='ocr_carea' id='block_1_5' title="bbox 15 4072 1690 4919">
    <p class='ocr_par' dir='ltr' id='par_1_5' title="bbox 15 4072 1690 4919">
     <span class='ocr_line' id='line_1_40' title="bbox 139 4072 852 4156; baseline 0.014 -25"><span class='ocrx_word' id='word_1_518' title='bbox 139 4085 221 4146; x_wconf 88' lang='lat' dir='ltr'>stant,</span> <span class='ocrx_word' id='word_1_519' title='bbox 234 4084 261 4130; x_wconf 90' lang='lat' dir='ltr'>et</span> <span class='ocrx_word' id='word_1_520' title='bbox 273 4072 403 4132; x_wconf 75' lang='lat' dir='ltr'>columna</span> <span class='ocrx_word' id='word_1_521' title='bbox 417 4086 444 4132; x_wconf 88' lang='lat' dir='ltr'>et</span> <span class='ocrx_word' id='word_1_522' title='bbox 459 4078 671 4156; x_wconf 79' lang='lat' dir='ltr'>propugnacula,</span> <span class='ocrx_word' id='word_1_523' title='bbox 683 4092 709 4139; x_wconf 89' lang='lat' dir='ltr'>et</span> <span class='ocrx_word' id='word_1_524' title='bbox 724 4079 852 4141; x_wconf 67' lang='lat' dir='ltr'>Ecclesia</span> 
     </span>
     <span class='ocr_line' id='line_1_41' title="bbox 139 4163 887 4260; baseline 0.015 -37"><span class='ocrx_word' id='word_1_525' title='bbox 139 4163 259 4244; x_wconf 86' lang='lat' dir='ltr'>corporis</span> <span class='ocrx_word' id='word_1_526' title='bbox 271 4163 354 4242; x_wconf 93' lang='lat' dir='ltr'>oculi,</span> <span class='ocrx_word' id='word_1_527' title='bbox 368 4178 394 4224; x_wconf 89' lang='lat' dir='ltr'>et</span> <span class='ocrx_word' id='word_1_528' title='bbox 404 4165 538 4225; x_wconf 90' lang='lat' dir='ltr'>bonorum</span> <span class='ocrx_word' id='word_1_529' title='bbox 547 4167 631 4228; x_wconf 85' lang='lat' dir='ltr'>fontes</span> <span class='ocrx_word' id='word_1_530' title='bbox 644 4191 676 4228; x_wconf 89' lang='lat' dir='ltr'>ac</span> <span class='ocrx_word' id='word_1_531' title='bbox 689 4171 819 4251; x_wconf 86' lang='lat' dir='ltr'>thesauri,</span> <span class='ocrx_word' id='word_1_532' title='bbox 826 4187 853 4234; x_wconf 89' lang='lat' dir='ltr'>et</span> <span class='ocrx_word' id='word_1_533' title='bbox 868 4211 887 4260; x_wconf 61' lang='grc' dir='ltr'>χ</span> 
     </span>
     <span class='ocr_line' id='line_1_42' title="bbox 139 4254 852 4343; baseline 0.018 -30"><span class='ocrx_word' id='word_1_534' title='bbox 139 4268 246 4336; x_wconf 85' lang='lat' dir='ltr'>portus,</span> <span class='ocrx_word' id='word_1_535' title='bbox 262 4269 288 4315; x_wconf 92' lang='lat' dir='ltr'>et</span> <span class='ocrx_word' id='word_1_536' title='bbox 302 4254 489 4336; x_wconf 90' lang='lat' dir='ltr'>quodcumque</span> <span class='ocrx_word' id='word_1_537' title='bbox 506 4257 607 4319; x_wconf 83' lang='lat' dir='ltr'>dixerit</span> <span class='ocrx_word' id='word_1_538' title='bbox 625 4263 771 4343; x_wconf 87' lang='lat' dir='ltr'>quispiam,</span> <span class='ocrx_word' id='word_1_539' title='bbox 786 4286 852 4325; x_wconf 88' lang='lat' dir='ltr'>nec-</span> 
     </span>
     <span class='ocr_line' id='line_1_43' title="bbox 139 4345 1304 4446; baseline 0.015 -40"><span class='ocrx_word' id='word_1_540' title='bbox 139 4345 207 4407; x_wconf 89' lang='lat' dir='ltr'>dum</span> <span class='ocrx_word' id='word_1_541' title='bbox 228 4362 316 4407; x_wconf 90' lang='lat' dir='ltr'>tamen</span> <span class='ocrx_word' id='word_1_542' title='bbox 340 4369 434 4409; x_wconf 89' lang='lat' dir='ltr'>eorum</span> <span class='ocrx_word' id='word_1_543' title='bbox 455 4349 614 4432; x_wconf 76' lang='lat' dir='ltr'>dignitatem</span> <span class='ocrx_word' id='word_1_544' title='bbox 637 4355 779 4433; x_wconf 83' lang='lat' dir='ltr'>aequabit=</span> <span class='ocrx_word' id='word_1_545' title='bbox 806 4359 854 4419; x_wconf 86' lang='lat' dir='ltr'>sed</span> <span class='ocrx_word' id='word_1_546' title='bbox 1288 4412 1304 4446; x_wconf 53' lang='grc' dir='ltr'>ρ</span> 
     </span>
     <span class='ocr_line' id='line_1_44' title="bbox 139 4416 1654 4530; baseline 0.017 -31"><span class='ocrx_word' id='word_1_547' title='bbox 139 4454 239 4519; x_wconf 86' lang='lat' dir='ltr'>quanto</span> <span class='ocrx_word' id='word_1_548' title='bbox 250 4440 364 4522; x_wconf 86' lang='lat' dir='ltr'>majores</span> <span class='ocrx_word' id='word_1_549' title='bbox 377 4456 454 4504; x_wconf 88' lang='lat' dir='ltr'>eruut</span> <span class='ocrx_word' id='word_1_550' title='bbox 465 4443 568 4521; x_wconf 82' lang='lat' dir='ltr'>laudes,</span> <span class='ocrx_word' id='word_1_551' title='bbox 580 4457 652 4507; x_wconf 85' lang='lat' dir='ltr'>tanto</span> <span class='ocrx_word' id='word_1_552' title='bbox 664 4449 765 4530; x_wconf 87' lang='lat' dir='ltr'>majora</span> <span class='ocrx_word' id='word_1_553' title='bbox 776 4453 854 4513; x_wconf 91' lang='lat' dir='ltr'>uobis</span> <span class='ocrx_word' id='word_1_554' title='bbox 905 4416 1036 4498; x_wconf 47' lang='grc' dir='ltr'>ἐφέξων</span> <span class='ocrx_word' id='word_1_555' title='bbox 1050 4420 1108 4476; x_wconf 56' lang='grc' dir='ltr'>ἀλλ’</span> <span class='ocrx_word' id='word_1_556' title='bbox 1124 4417 1228 4500; x_wconf 59' lang='grc' dir='ltr'>ὅσῳπερ</span> <span class='ocrx_word' id='word_1_557' title='bbox 1244 4419 1275 4478; x_wconf 60' lang='grc' dir='ltr'>ἂν</span> <span class='ocrx_word' id='word_1_558' title='bbox 1286 4446 1303 4501; x_wconf 68' lang='grc' dir='ltr'><strong>ῃ</strong></span> <span class='ocrx_word' id='word_1_559' title='bbox 1316 4422 1421 4501; x_wconf 45' lang='lat' dir='ltr'>imai</span> <span class='ocrx_word' id='word_1_560' title='bbox 1442 4426 1530 4484; x_wconf 56' lang='grc' dir='ltr'>αὐτῶν</span> <span class='ocrx_word' id='word_1_561' title='bbox 1540 4425 1574 4486; x_wconf 54' lang='grc' dir='ltr'>τὰ</span> <span class='ocrx_word' id='word_1_562' title='bbox 1586 4423 1654 4507; x_wconf 45' lang='lat'>‘7¹¹¹&#39;</span> 
     </span>
     <span class='ocr_line' id='line_1_45' title="bbox 139 4518 1652 4625; baseline 0.017 -35"><span class='ocrx_word' id='word_1_563' title='bbox 139 4532 244 4614; x_wconf 86' lang='lat' dir='ltr'>objecta</span> <span class='ocrx_word' id='word_1_564' title='bbox 268 4547 346 4593; x_wconf 84' lang='lat' dir='ltr'>erunt</span> <span class='ocrx_word' id='word_1_565' title='bbox 365 4535 521 4595; x_wconf 90' lang='lat' dir='ltr'>certamina.</span> <span class='ocrx_word' id='word_1_566' title='bbox 547 4537 683 4598; x_wconf 83' lang='lat' dir='ltr'>Attendite</span> <span class='ocrx_word' id='word_1_567' title='bbox 696 4541 793 4620; x_wconf 81' lang='lat' dir='ltr'>igitur:</span> <span class='ocrx_word' id='word_1_568' title='bbox 807 4565 855 4625; x_wconf 91' lang='lat' dir='ltr'>pro</span> <span class='ocrx_word' id='word_1_569' title='bbox 907 4543 967 4597; x_wconf 50' lang='grc' dir='ltr'>μα’</span> <span class='ocrx_word' id='word_1_570' title='bbox 977 4518 1092 4599; x_wconf 56' lang='grc' dir='ltr'>τοσούτῳ</span> <span class='ocrx_word' id='word_1_571' title='bbox 1102 4519 1199 4580; x_wconf 56' lang='grc' dir='ltr'>πλείων</span> <span class='ocrx_word' id='word_1_572' title='bbox 1210 4525 1274 4599; x_wconf 58' lang='grc' dir='ltr'><strong>ἡμῖν</strong></span> <span class='ocrx_word' id='word_1_573' title='bbox 1285 4527 1299 4581; x_wconf 62' lang='grc' dir='ltr'><strong>ὁ</strong></span> <span class='ocrx_word' id='word_1_574' title='bbox 1309 4522 1390 4604; x_wconf 66' lang='grc' dir='ltr'>ἀγών·</span> <span class='ocrx_word' id='word_1_575' title='bbox 1400 4527 1652 4601; x_wconf 50' lang='lat' dir='ltr'><strong>mmmmm</strong></span> 
     </span>
     <span class='ocr_line' id='line_1_46' title="bbox 139 4617 1656 4716; baseline 0.021 -33"><span class='ocrx_word' id='word_1_576' title='bbox 139 4625 262 4705; x_wconf 87' lang='lat' dir='ltr'>patribus</span> <span class='ocrx_word' id='word_1_577' title='bbox 280 4626 350 4686; x_wconf 91' lang='lat' dir='ltr'>onim</span> <span class='ocrx_word' id='word_1_578' title='bbox 367 4627 445 4687; x_wconf 90' lang='lat' dir='ltr'>nobis</span> <span class='ocrx_word' id='word_1_579' title='bbox 459 4627 605 4690; x_wconf 88' lang='lat' dir='ltr'>dicendum</span> <span class='ocrx_word' id='word_1_580' title='bbox 619 4646 674 4710; x_wconf 89' lang='lat' dir='ltr'>est,</span> <span class='ocrx_word' id='word_1_581' title='bbox 690 4647 721 4692; x_wconf 94' lang='lat' dir='ltr'>ut</span> <span class='ocrx_word' id='word_1_582' title='bbox 733 4635 852 4716; x_wconf 89' lang='lat' dir='ltr'>conjecta</span> <span class='ocrx_word' id='word_1_583' title='bbox 907 4617 974 4701; x_wconf 57' lang='grc' dir='ltr'>ὑπὲρ</span> <span class='ocrx_word' id='word_1_584' title='bbox 983 4619 1103 4702; x_wconf 49' lang='lat' dir='ltr'>mim</span> <span class='ocrx_word' id='word_1_585' title='bbox 1116 4619 1168 4701; x_wconf 66' lang='grc' dir='ltr'>ίίῑθ</span> <span class='ocrx_word' id='word_1_586' title='bbox 1179 4626 1244 4700; x_wconf 63' lang='grc' dir='ltr'>ἡμῖν</span> <span class='ocrx_word' id='word_1_587' title='bbox 1255 4627 1325 4683; x_wconf 62' lang='grc' dir='ltr'>ἐστίν</span> <span class='ocrx_word' id='word_1_588' title='bbox 1338 4630 1352 4684; x_wconf 66' lang='grc' dir='ltr'><strong>ὅ</strong></span> <span class='ocrx_word' id='word_1_589' title='bbox 1363 4626 1532 4706; x_wconf 61' lang='grc' dir='ltr'>λόίθίιῶπῑ</span> <span class='ocrx_word' id='word_1_590' title='bbox 1546 4626 1656 4714; x_wconf 48' lang='lat' dir='ltr'>&amp;W</span> 
     </span>
     <span class='ocr_line' id='line_1_47' title="bbox 140 4714 1689 4813; baseline 0.024 -39"><span class='ocrx_word' id='word_1_591' title='bbox 140 4714 168 4776; x_wconf 89' lang='lat' dir='ltr'>iu</span> <span class='ocrx_word' id='word_1_592' title='bbox 183 4719 423 4798; x_wconf 87' lang='lat' dir='ltr'>oosnprofanisct</span> <span class='ocrx_word' id='word_1_593' title='bbox 436 4741 452 4778; x_wconf 89' lang='lat' dir='ltr'>a</span> <span class='ocrx_word' id='word_1_594' title='bbox 467 4720 532 4781; x_wconf 88' lang='lat' dir='ltr'>fidei</span> <span class='ocrx_word' id='word_1_595' title='bbox 545 4722 667 4784; x_wconf 89' lang='lat' dir='ltr'>hostibus</span> <span class='ocrx_word' id='word_1_596' title='bbox 683 4726 795 4788; x_wconf 86' lang='lat' dir='ltr'>crimina</span> <span class='ocrx_word' id='word_1_597' title='bbox 809 4753 853 4791; x_wconf 91' lang='lat' dir='ltr'>re·</span> <span class='ocrx_word' id='word_1_598' title='bbox 905 4727 1002 4782; x_wconf 67' lang='grc' dir='ltr'>σασθαῑ</span> <span class='ocrx_word' id='word_1_599' title='bbox 1020 4721 1124 4782; x_wconf 55' lang='lat' dir='ltr'>tiw&#39;</span> <span class='ocrx_word' id='word_1_600' title='bbox 1147 4723 1253 4784; x_wconf 59' lang='grc' dir='ltr'>ἐκείνων</span> <span class='ocrx_word' id='word_1_601' title='bbox 1268 4727 1399 4808; x_wconf 61' lang='grc' dir='ltr'>φερόμενα</span> <span class='ocrx_word' id='word_1_602' title='bbox 1420 4733 1577 4813; x_wconf 55' lang='grc' dir='ltr'>ἐγκλήματα</span> <span class='ocrx_word' id='word_1_603' title='bbox 1596 4730 1655 4813; x_wconf 59' lang='grc' dir='ltr'>Μθέ</span> <span class='ocrx_word' id='word_1_604' title='bbox 1686 4784 1689 4789; x_wconf 93' lang='grc'>-</span> 
     </span>
     <span class='ocr_line' id='line_1_48' title="bbox 15 4806 1690 4919; baseline 0.017 -51"><span class='ocrx_word' id='word_1_605' title='bbox 15 4823 47 4868; x_wconf 78' lang='grc' dir='ltr'>ιιι.</span> <span class='ocrx_word' id='word_1_606' title='bbox 57 4835 79 4869; x_wconf 85' lang='lat' dir='ltr'>a.</span> <span class='ocrx_word' id='word_1_607' title='bbox 93 4837 129 4872; x_wconf 88' lang='grc' dir='ltr'>ιι.</span> <span class='ocrx_word' id='word_1_608' title='bbox 141 4807 273 4870; x_wconf 84' lang='lat' dir='ltr'>fellamus.</span> <span class='ocrx_word' id='word_1_609' title='bbox 288 4812 361 4871; x_wconf 86' lang='lat' dir='ltr'>Cum</span> <span class='ocrx_word' id='word_1_610' title='bbox 375 4826 473 4872; x_wconf 81' lang='lat' dir='ltr'>autem</span> <span class='ocrx_word' id='word_1_611' title='bbox 486 4820 617 4876; x_wconf 70' lang='lat' dir='ltr'>‘uenisset</span> <span class='ocrx_word' id='word_1_612' title='bbox 626 4821 733 4880; x_wconf 86' lang='lat' dir='ltr'>Petrus</span> <span class='ocrx_word' id='word_1_613' title='bbox 742 4822 852 4884; x_wconf 83' lang='lat' dir='ltr'>Antio-</span> <span class='ocrx_word' id='word_1_614' title='bbox 904 4825 956 4880; x_wconf 83' lang='grc' dir='ltr'>τῶν</span> <span class='ocrx_word' id='word_1_615' title='bbox 967 4821 1070 4896; x_wconf 72' lang='grc' dir='ltr'>ἔξωθεν,</span> <span class='ocrx_word' id='word_1_616' title='bbox 1084 4825 1130 4883; x_wconf 75' lang='grc' dir='ltr'>καί</span> <span class='ocrx_word' id='word_1_617' title='bbox 1143 4830 1193 4885; x_wconf 82' lang='grc' dir='ltr'>τῶν</span> <span class='ocrx_word' id='word_1_618' title='bbox 1206 4833 1252 4899; x_wconf 75' lang='grc' dir='ltr'>τῆς</span> <span class='ocrx_word' id='word_1_619' title='bbox 1263 4827 1375 4900; x_wconf 85' lang='grc' dir='ltr'>πίστεως</span> <span class='ocrx_word' id='word_1_620' title='bbox 1389 4835 1546 4919; x_wconf 80' lang='grc' dir='ltr'>ἀλλοτρίων.</span> <span class='ocrx_word' id='word_1_621' title='bbox 1561 4832 1655 4898; x_wconf 78' lang='grc' dir='ltr'>Ὀτεδί</span> <span class='ocrx_word' id='word_1_622' title='bbox 1688 4806 1690 4817; x_wconf 37' lang='grc' dir='ltr'>Ι</span> 
     </span>
    </p>
   </div>
   <div class='ocr_carea' id='block_1_6' title="bbox 2 4887 1656 5017">
    <p class='ocr_par' dir='ltr' id='par_1_6' title="bbox 2 4887 1656 5017">
     <span class='ocr_line' id='line_1_49' title="bbox 2 4887 1656 5017; baseline 0.025 -59"><span class='ocrx_word' id='word_1_623' title='bbox 2 4887 58 4945; x_wconf 74' lang='grc' dir='ltr'>·’ί·</span> <span class='ocrx_word' id='word_1_624' title='bbox 141 4903 851 4995; x_wconf 78' lang='lat' dir='ltr'>cbiam,injaciemeirestitt&#39;,quiareprebcrusibi·</span> <span class='ocrx_word' id='word_1_625' title='bbox 903 4913 968 4994; x_wconf 73' lang='grc' dir='ltr'>ἦλθε</span> <span class='ocrx_word' id='word_1_626' title='bbox 987 4923 1088 5005; x_wconf 83' lang='grc' dir='ltr'>Πέτρος</span> <span class='ocrx_word' id='word_1_627' title='bbox 1105 4927 1141 4993; x_wconf 80' lang='grc' dir='ltr'>εἰς</span> <span class='ocrx_word' id='word_1_628' title='bbox 1161 4926 1330 5009; x_wconf 83' lang='grc' dir='ltr'>Ἀντιόχειαν,</span> <span class='ocrx_word' id='word_1_629' title='bbox 1349 4934 1419 4995; x_wconf 78' lang='grc' dir='ltr'>κατὰ</span> <span class='ocrx_word' id='word_1_630' title='bbox 1439 4936 1579 5017; x_wconf 71' lang='grc' dir='ltr'>πρόσωπον</span> <span class='ocrx_word' id='word_1_631' title='bbox 1597 4936 1656 5014; x_wconf 74' lang='grc' dir='ltr'>αιἰτηῖ</span> 
     </span>
    </p>
   </div>
   <div class='ocr_carea' id='block_1_7' title="bbox 904 4010 1652 4397">
    <p class='ocr_par' dir='ltr' id='par_1_7' title="bbox 904 4010 1652 4397">
     <span class='ocr_line' id='line_1_50' title="bbox 904 4010 1650 4101; baseline 0.015 -31"><span class='ocrx_word' id='word_1_632' title='bbox 904 4010 1040 4092; x_wconf 84' lang='grc' dir='ltr'>ἀνέχοντες</span> <span class='ocrx_word' id='word_1_633' title='bbox 1053 4011 1098 4071; x_wconf 83' lang='grc' dir='ltr'>καί</span> <span class='ocrx_word' id='word_1_634' title='bbox 1114 4013 1344 4090; x_wconf 76' lang='grc' dir='ltr'>διαύαστάζοντες,</span> <span class='ocrx_word' id='word_1_635' title='bbox 1358 4016 1404 4076; x_wconf 82' lang='grc' dir='ltr'>καί</span> <span class='ocrx_word' id='word_1_636' title='bbox 1417 4022 1529 4092; x_wconf 78' lang='grc' dir='ltr'>στῦλοι,</span> <span class='ocrx_word' id='word_1_637' title='bbox 1547 4021 1589 4080; x_wconf 86' lang='grc' dir='ltr'>καί</span> <span class='ocrx_word' id='word_1_638' title='bbox 1600 4014 1650 4101; x_wconf 79' lang='grc' dir='ltr'>τρύ-</span> 
     </span>
     <span class='ocr_line' id='line_1_51' title="bbox 904 4111 1651 4194; baseline 0.016 -23"><span class='ocrx_word' id='word_1_639' title='bbox 904 4111 992 4188; x_wconf 76' lang='grc' dir='ltr'>ύολοι,</span> <span class='ocrx_word' id='word_1_640' title='bbox 1012 4112 1058 4172; x_wconf 85' lang='grc' dir='ltr'>καί</span> <span class='ocrx_word' id='word_1_641' title='bbox 1078 4114 1211 4194; x_wconf 74' lang='grc' dir='ltr'>ὀφθαλμοί</span> <span class='ocrx_word' id='word_1_642' title='bbox 1232 4121 1278 4174; x_wconf 80' lang='grc' dir='ltr'>τοῦ</span> <span class='ocrx_word' id='word_1_643' title='bbox 1297 4114 1420 4194; x_wconf 82' lang='grc' dir='ltr'>σώματος</span> <span class='ocrx_word' id='word_1_644' title='bbox 1433 4123 1482 4192; x_wconf 79' lang='grc' dir='ltr'>τῆς</span> <span class='ocrx_word' id='word_1_645' title='bbox 1497 4120 1651 4192; x_wconf 66' lang='grc' dir='ltr'>Ἐκκλησίαν,</span> 
     </span>
     <span class='ocr_line' id='line_1_52' title="bbox 905 4213 1652 4303; baseline 0.019 -31"><span class='ocrx_word' id='word_1_646' title='bbox 905 4213 950 4272; x_wconf 76' lang='grc' dir='ltr'>καί</span> <span class='ocrx_word' id='word_1_647' title='bbox 968 4213 1054 4293; x_wconf 79' lang='grc' dir='ltr'>πηγαί</span> <span class='ocrx_word' id='word_1_648' title='bbox 1074 4219 1125 4274; x_wconf 82' lang='grc' dir='ltr'>τῶν</span> <span class='ocrx_word' id='word_1_649' title='bbox 1149 4218 1263 4295; x_wconf 85' lang='grc' dir='ltr'>ἀγαθῶν,</span> <span class='ocrx_word' id='word_1_650' title='bbox 1273 4217 1319 4276; x_wconf 81' lang='grc' dir='ltr'>καὶ</span> <span class='ocrx_word' id='word_1_651' title='bbox 1331 4219 1471 4300; x_wconf 81' lang='grc' dir='ltr'>θησαυροί,</span> <span class='ocrx_word' id='word_1_652' title='bbox 1488 4223 1535 4281; x_wconf 84' lang='grc' dir='ltr'>καί</span> <span class='ocrx_word' id='word_1_653' title='bbox 1551 4222 1652 4303; x_wconf 67' lang='grc' dir='ltr'>λιμένες,</span> 
     </span>
     <span class='ocr_line' id='line_1_53' title="bbox 906 4315 1652 4397; baseline 0.016 -23"><span class='ocrx_word' id='word_1_654' title='bbox 906 4316 951 4375; x_wconf 82' lang='grc' dir='ltr'>καί</span> <span class='ocrx_word' id='word_1_655' title='bbox 964 4324 1016 4374; x_wconf 76' lang='grc' dir='ltr'>πᾶν</span> <span class='ocrx_word' id='word_1_656' title='bbox 1032 4315 1097 4397; x_wconf 79' lang='grc' dir='ltr'>ὅπερ</span> <span class='ocrx_word' id='word_1_657' title='bbox 1112 4315 1142 4375; x_wconf 87' lang='grc' dir='ltr'>ἀν</span> <span class='ocrx_word' id='word_1_658' title='bbox 1158 4315 1228 4376; x_wconf 89' lang='grc' dir='ltr'>είποι</span> <span class='ocrx_word' id='word_1_659' title='bbox 1242 4340 1297 4388; x_wconf 90' lang='grc' dir='ltr'>τις,</span> <span class='ocrx_word' id='word_1_660' title='bbox 1311 4318 1414 4380; x_wconf 81' lang='grc' dir='ltr'>οὐδέπω</span> <span class='ocrx_word' id='word_1_661' title='bbox 1432 4326 1481 4394; x_wconf 79' lang='grc' dir='ltr'>τῆς</span> <span class='ocrx_word' id='word_1_662' title='bbox 1495 4322 1569 4394; x_wconf 79' lang='grc' dir='ltr'>ἀξίας</span> <span class='ocrx_word' id='word_1_663' title='bbox 1586 4325 1652 4384; x_wconf 69' lang='lat' dir='ltr'>o’ttitt</span> 
     </span>
    </p>
   </div>
   <div class='ocr_carea' id='block_1_8' title="bbox 139 5093 1250 5241">
    <p class='ocr_par' dir='ltr' id='par_1_8' title="bbox 139 5093 1250 5241">
     <span class='ocr_line' id='line_1_54' title="bbox 146 5093 1250 5186; baseline 0.021 -43"><span class='ocrx_word' id='word_1_664' title='bbox 146 5109 154 5123; x_wconf 90' lang='lat'><strong>·</strong></span> <span class='ocrx_word' id='word_1_665' title='bbox 172 5093 186 5133; x_wconf 79' lang='lat'>‘¹</span> <span class='ocrx_word' id='word_1_666' title='bbox 203 5093 296 5145; x_wconf 84' lang='lat' dir='ltr'>Omnes</span> <span class='ocrx_word' id='word_1_667' title='bbox 306 5096 365 5146; x_wconf 86' lang='lat' dir='ltr'>Msa.</span> <span class='ocrx_word' id='word_1_668' title='bbox 379 5103 408 5158; x_wconf 81' lang='grc' dir='ltr'>ὠς</span> <span class='ocrx_word' id='word_1_669' title='bbox 418 5104 456 5153; x_wconf 84' lang='grc' dir='ltr'>καί</span> <span class='ocrx_word' id='word_1_670' title='bbox 473 5104 566 5171; x_wconf 82' lang='grc' dir='ltr'>ίτόρωθι</span> <span class='ocrx_word' id='word_1_671' title='bbox 577 5106 712 5171; x_wconf 79' lang='grc' dir='ltr'>διακομίσαι.</span> <span class='ocrx_word' id='word_1_672' title='bbox 723 5103 792 5158; x_wconf 79' lang='lat' dir='ltr'>Editi</span> <span class='ocrx_word' id='word_1_673' title='bbox 807 5113 837 5169; x_wconf 79' lang='lat' dir='ltr'>oi.-</span> <span class='ocrx_word' id='word_1_674' title='bbox 854 5116 892 5163; x_wconf 85' lang='grc' dir='ltr'>καί</span> <span class='ocrx_word' id='word_1_675' title='bbox 948 5125 959 5150; x_wconf 76' lang='lat'>⁸</span> <span class='ocrx_word' id='word_1_676' title='bbox 977 5110 1023 5164; x_wconf 78' lang='lat' dir='ltr'>dlii</span> <span class='ocrx_word' id='word_1_677' title='bbox 1033 5117 1128 5177; x_wconf 86' lang='grc' dir='ltr'>σπουδὴν</span> <span class='ocrx_word' id='word_1_678' title='bbox 1139 5121 1192 5186; x_wconf 78' lang='grc' dir='ltr'>περὶ</span> <span class='ocrx_word' id='word_1_679' title='bbox 1202 5128 1250 5178; x_wconf 78' lang='grc' dir='ltr'>την.</span> 
     </span>
     <span class='ocr_line' id='line_1_55' title="bbox 139 5175 355 5241; baseline 0 -17"><span class='ocrx_word' id='word_1_680' title='bbox 139 5175 211 5241; x_wconf 64' lang='lat' dir='ltr'>intpp</span> <span class='ocrx_word' id='word_1_681' title='bbox 220 5175 355 5240; x_wconf 78' lang='grc' dir='ltr'>διακομίσαι.</span> 
     </span>
    </p>
   </div>
   <div class='ocr_carea' id='block_1_9' title="bbox 0 0 1910 6000">
    <p class='ocr_par' dir='ltr' id='par_1_9' title="bbox 0 0 1910 6000">
     <span class='ocr_line' id='line_1_56' title="bbox 0 0 1910 6000; baseline 0 1"><span class='ocrx_word' id='word_1_682' title='bbox 0 0 1910 6000; x_wconf 95' lang='lat' dir='ltr'> </span> 
     </span>
    </p>
   </div>
  </div>
 </body>
</html>
