<?xml version="1.0" encoding="UTF-8"?>
<!DOCTYPE html PUBLIC "-//W3C//DTD XHTML 1.0 Transitional//EN"
    "http://www.w3.org/TR/xhtml1/DTD/xhtml1-transitional.dtd">
<html xmlns="http://www.w3.org/1999/xhtml" xml:lang="en" lang="en">
 <head>
  <title>
</title>
<meta http-equiv="Content-Type" content="text/html;charset=utf-8" />
  <meta name='ocr-system' content='tesseract 3.04.00' />
  <meta name='ocr-capabilities' content='ocr_page ocr_carea ocr_par ocr_line ocrx_word'/>
</head>
<body>
  <div class='ocr_page' id='page_1' title='image "./sanctipatrisnos03chrygoog/sanctipatrisnos03chrygoog_0676.png"; bbox 0 0 3810 6000; ppageno 0'>
   <div class='ocr_carea' id='block_1_1' title="bbox 206 414 1497 502">
    <p class='ocr_par' dir='ltr' id='par_1_1' title="bbox 206 414 1497 502">
     <span class='ocr_line' id='line_1_1' title="bbox 206 414 1497 502; baseline -0.011 1"><span class='ocrx_word' id='word_1_1' title='bbox 206 414 208 419; x_wconf 15' lang='grc' dir='ltr'>ί</span> <span class='ocrx_word' id='word_1_2' title='bbox 261 426 334 502; x_wconf 75' lang='grc'>668</span> <span class='ocrx_word' id='word_1_3' title='bbox 600 447 630 496; x_wconf 90' lang='grc'>8.</span> <span class='ocrx_word' id='word_1_4' title='bbox 658 443 800 494; x_wconf 71' lang='lat' dir='ltr'>totonis</span> <span class='ocrx_word' id='word_1_5' title='bbox 825 442 1008 492; x_wconf 71' lang='lat' dir='ltr'>cantsosr.</span> <span class='ocrx_word' id='word_1_6' title='bbox 1038 442 1195 491; x_wconf 70' lang='lat' dir='ltr'>tuentur.</span> <span class='ocrx_word' id='word_1_7' title='bbox 1224 441 1497 491; x_wconf 67' lang='lat' dir='ltr'>consulumque.</span> 
     </span>
    </p>
   </div>
   <div class='ocr_carea' id='block_1_2' title="bbox 100 564 1819 5064">
    <p class='ocr_par' dir='ltr' id='par_1_2' title="bbox 151 564 1791 1202">
     <span class='ocr_line' id='line_1_2' title="bbox 262 564 1791 658; baseline -0.008 -23"><span class='ocrx_word' id='word_1_8' title='bbox 262 574 396 658; x_wconf 76' lang='lat' dir='ltr'>pavor-ita</span> <span class='ocrx_word' id='word_1_9' title='bbox 412 575 540 654; x_wconf 84' lang='lat' dir='ltr'>perculit,</span> <span class='ocrx_word' id='word_1_10' title='bbox 553 586 583 631; x_wconf 93' lang='lat' dir='ltr'>ut</span> <span class='ocrx_word' id='word_1_11' title='bbox 598 585 659 654; x_wconf 88' lang='lat' dir='ltr'>post</span> <span class='ocrx_word' id='word_1_12' title='bbox 674 571 750 629; x_wconf 87' lang='lat' dir='ltr'>illam</span> <span class='ocrx_word' id='word_1_13' title='bbox 767 567 907 645; x_wconf 82' lang='lat' dir='ltr'>fiduciam,</span> <span class='ocrx_word' id='word_1_14' title='bbox 920 580 983 650; x_wconf 93' lang='lat' dir='ltr'>post</span> <span class='ocrx_word' id='word_1_15' title='bbox 1034 591 1165 629; x_wconf 68' lang='lat' dir='ltr'>corrono</span> <span class='ocrx_word' id='word_1_16' title='bbox 1089 571 1237 628; x_wconf 73' lang='grc' dir='ltr'>τοῦτο’καθ</span> <span class='ocrx_word' id='word_1_17' title='bbox 1251 567 1367 638; x_wconf 74' lang='grc' dir='ltr'>ἑκάστην</span> <span class='ocrx_word' id='word_1_18' title='bbox 1381 567 1487 648; x_wconf 78' lang='grc' dir='ltr'>ἡμίρσν</span> <span class='ocrx_word' id='word_1_19' title='bbox 1507 564 1791 643; x_wconf 67' lang='grc' dir='ltr'>ἔπιοῦσαὴμὶιντδγά-</span> 
     </span>
     <span class='ocr_line' id='line_1_3' title="bbox 263 657 1790 778; baseline -0.008 -52"><span class='ocrx_word' id='word_1_20' title='bbox 263 679 367 727; x_wconf 87' lang='lat' dir='ltr'>tantam</span> <span class='ocrx_word' id='word_1_21' title='bbox 380 687 409 725; x_wconf 89' lang='grc' dir='ltr'>ιιι</span> <span class='ocrx_word' id='word_1_22' title='bbox 420 662 556 744; x_wconf 88' lang='lat' dir='ltr'>loquendo</span> <span class='ocrx_word' id='word_1_23' title='bbox 566 664 727 736; x_wconf 77' lang='lat' dir='ltr'>libertatem</span> <span class='ocrx_word' id='word_1_24' title='bbox 741 676 802 745; x_wconf 84' lang='lat' dir='ltr'>post</span> <span class='ocrx_word' id='word_1_25' title='bbox 811 674 917 720; x_wconf 90' lang='lat' dir='ltr'>tantum</span> <span class='ocrx_word' id='word_1_26' title='bbox 925 667 1018 720; x_wconf 83' lang='lat' dir='ltr'>ur</span> <span class='ocrx_word' id='word_1_27' title='bbox 1035 684 1094 731; x_wconf 89' lang='grc' dir='ltr'>νος,</span> <span class='ocrx_word' id='word_1_28' title='bbox 1107 659 1176 720; x_wconf 84' lang='grc' dir='ltr'>οθτω</span> <span class='ocrx_word' id='word_1_29' title='bbox 1194 663 1254 719; x_wconf 87' lang='grc' dir='ltr'>καθ’</span> <span class='ocrx_word' id='word_1_30' title='bbox 1268 661 1379 721; x_wconf 76' lang='grc' dir='ltr'>ἕκαστον</span> <span class='ocrx_word' id='word_1_31' title='bbox 1392 665 1466 778; x_wconf 71' lang='grc' dir='ltr'>ίρμᾶς</span> <span class='ocrx_word' id='word_1_32' title='bbox 1488 657 1636 730; x_wconf 78' lang='grc' dir='ltr'>ἰκπλάςετιι</span> <span class='ocrx_word' id='word_1_33' title='bbox 1656 657 1740 737; x_wconf 80' lang='grc' dir='ltr'>νεκρὸν</span> <span class='ocrx_word' id='word_1_34' title='bbox 1754 657 1790 715; x_wconf 75' lang='grc' dir='ltr'>καὶ</span> 
     </span>
     <span class='ocr_line' id='line_1_4' title="bbox 263 736 1790 838; baseline -0.005 -22"><span class='ocrx_word' id='word_1_35' title='bbox 263 771 330 818; x_wconf 78' lang='lat' dir='ltr'>tutis</span> <span class='ocrx_word' id='word_1_36' title='bbox 340 779 474 838; x_wconf 79' lang='lat' dir='ltr'>specimen</span> <span class='ocrx_word' id='word_1_37' title='bbox 485 754 770 837; x_wconf 80' lang='lat' dir='ltr'>editum,ctpatr1am</span> <span class='ocrx_word' id='word_1_38' title='bbox 777 766 920 813; x_wconf 83' lang='lat' dir='ltr'>ettamum</span> <span class='ocrx_word' id='word_1_39' title='bbox 929 773 979 833; x_wconf 94' lang='lat' dir='ltr'>po</span> <span class='ocrx_word' id='word_1_40' title='bbox 1036 749 1143 832; x_wconf 68' lang='grc' dir='ltr'>συγγίιι</span> <span class='ocrx_word' id='word_1_41' title='bbox 1161 751 1207 810; x_wconf 79' lang='grc' dir='ltr'>καὶ</span> <span class='ocrx_word' id='word_1_42' title='bbox 1229 736 1414 826; x_wconf 60' lang='grc' dir='ltr'>συστέλλει,ι</span> <span class='ocrx_word' id='word_1_43' title='bbox 1399 776 1437 819; x_wconf 90' lang='grc' dir='ltr'>ως</span> <span class='ocrx_word' id='word_1_44' title='bbox 1456 750 1554 831; x_wconf 70' lang='grc' dir='ltr'>ἀθρόαι</span> <span class='ocrx_word' id='word_1_45' title='bbox 1574 750 1638 809; x_wconf 78' lang='grc' dir='ltr'>τάτι</span> <span class='ocrx_word' id='word_1_46' title='bbox 1656 749 1790 830; x_wconf 73' lang='grc' dir='ltr'>ραινομίνγ.</span> 
     </span>
     <span class='ocr_line' id='line_1_5' title="bbox 262 841 1790 930; baseline -0.003 -24"><span class='ocrx_word' id='word_1_47' title='bbox 262 849 370 930; x_wconf 91' lang='lat' dir='ltr'>pulum,</span> <span class='ocrx_word' id='word_1_48' title='bbox 383 849 461 929; x_wconf 85' lang='lat' dir='ltr'>cujus</span> <span class='ocrx_word' id='word_1_49' title='bbox 474 869 554 908; x_wconf 86' lang='lat' dir='ltr'>causa</span> <span class='ocrx_word' id='word_1_50' title='bbox 569 861 609 907; x_wconf 92' lang='lat' dir='ltr'>tot</span> <span class='ocrx_word' id='word_1_51' title='bbox 621 847 742 929; x_wconf 87' lang='lat' dir='ltr'>pericula</span> <span class='ocrx_word' id='word_1_52' title='bbox 762 845 853 906; x_wconf 87' lang='lat' dir='ltr'>audax</span> <span class='ocrx_word' id='word_1_53' title='bbox 866 845 981 923; x_wconf 88' lang='lat' dir='ltr'>adierat,</span> <span class='ocrx_word' id='word_1_54' title='bbox 1035 843 1090 903; x_wconf 81' lang='grc' dir='ltr'>Καί</span> <span class='ocrx_word' id='word_1_55' title='bbox 1103 842 1162 902; x_wconf 73' lang='grc' dir='ltr'>οὐδὲ</span> <span class='ocrx_word' id='word_1_56' title='bbox 1164 867 1177 900; x_wconf 87' lang='grc' dir='ltr'>ν</span> <span class='ocrx_word' id='word_1_57' title='bbox 1191 842 1298 924; x_wconf 81' lang='grc' dir='ltr'>ἴσχυσεν</span> <span class='ocrx_word' id='word_1_58' title='bbox 1318 847 1355 911; x_wconf 69' lang='lat' dir='ltr'>alc</span> <span class='ocrx_word' id='word_1_59' title='bbox 1372 842 1546 925; x_wconf 77' lang='grc' dir='ltr'>παραμυθίαν</span> <span class='ocrx_word' id='word_1_60' title='bbox 1560 847 1579 914; x_wconf 80' lang='grc' dir='ltr'>ἡ</span> <span class='ocrx_word' id='word_1_61' title='bbox 1591 865 1639 902; x_wconf 86' lang='grc' dir='ltr'>του</span> <span class='ocrx_word' id='word_1_62' title='bbox 1621 841 1738 922; x_wconf 74' lang='grc' dir='ltr'>’χρόνω</span> <span class='ocrx_word' id='word_1_63' title='bbox 1751 865 1790 919; x_wconf 86' lang='grc' dir='ltr'>με·</span> 
     </span>
     <span class='ocr_line' id='line_1_6' title="bbox 151 933 1790 1020; baseline -0.005 -21"><span class='ocrx_word' id='word_1_64' title='bbox 151 988 154 992; x_wconf 54' lang='grc'>,</span> <span class='ocrx_word' id='word_1_65' title='bbox 262 953 371 1020; x_wconf 84' lang='lat' dir='ltr'>repente</span> <span class='ocrx_word' id='word_1_66' title='bbox 393 939 534 1019; x_wconf 80' lang='lat' dir='ltr'>linqueret,</span> <span class='ocrx_word' id='word_1_67' title='bbox 557 954 583 1000; x_wconf 87' lang='lat' dir='ltr'>ct</span> <span class='ocrx_word' id='word_1_68' title='bbox 606 938 784 1019; x_wconf 86' lang='lat' dir='ltr'>quadraginta</span> <span class='ocrx_word' id='word_1_69' title='bbox 806 937 941 998; x_wconf 89' lang='lat' dir='ltr'>dierum</span> <span class='ocrx_word' id='word_1_70' title='bbox 932 952 984 998; x_wconf 79' lang='lat' dir='ltr'>tter</span> <span class='ocrx_word' id='word_1_71' title='bbox 1035 934 1115 1007; x_wconf 81' lang='grc' dir='ltr'>λίτη,</span> <span class='ocrx_word' id='word_1_72' title='bbox 1128 933 1187 994; x_wconf 78' lang='grc' dir='ltr'>οὐδὲ</span> <span class='ocrx_word' id='word_1_73' title='bbox 1200 936 1231 994; x_wconf 76' lang='grc' dir='ltr'>ιδ</span> <span class='ocrx_word' id='word_1_74' title='bbox 1247 937 1306 994; x_wconf 83' lang='grc' dir='ltr'>καθ’</span> <span class='ocrx_word' id='word_1_75' title='bbox 1318 936 1434 1006; x_wconf 80' lang='grc' dir='ltr'>ἑιιάστην</span> <span class='ocrx_word' id='word_1_76' title='bbox 1447 933 1790 1014; x_wconf 71' lang='grc' dir='ltr'>ἔνταιέτῃγυμνάζεσθαιτῇ</span> 
     </span>
     <span class='ocr_line' id='line_1_7' title="bbox 262 1024 1791 1133; baseline -0.003 -44"><span class='ocrx_word' id='word_1_77' title='bbox 262 1031 336 1090; x_wconf 87' lang='lat' dir='ltr'>solus</span> <span class='ocrx_word' id='word_1_78' title='bbox 346 1031 510 1091; x_wconf 78' lang='lat' dir='ltr'>obiretetin</span> <span class='ocrx_word' id='word_1_79' title='bbox 527 1032 617 1092; x_wconf 90' lang='lat' dir='ltr'>locum</span> <span class='ocrx_word' id='word_1_80' title='bbox 627 1031 763 1091; x_wconf 80' lang='lat' dir='ltr'>desertum</span> <span class='ocrx_word' id='word_1_81' title='bbox 777 1030 914 1133; x_wconf 78' lang='lat' dir='ltr'>migraret.</span> <span class='ocrx_word' id='word_1_82' title='bbox 931 1032 984 1091; x_wconf 91' lang='lat' dir='ltr'>Ve·</span> <span class='ocrx_word' id='word_1_83' title='bbox 1037 1026 1146 1108; x_wconf 77' lang='grc' dir='ltr'>θεωρίᾳ·</span> <span class='ocrx_word' id='word_1_84' title='bbox 1162 1027 1222 1087; x_wconf 73' lang='grc' dir='ltr'>οὐδὲ</span> <span class='ocrx_word' id='word_1_85' title='bbox 1242 1027 1453 1101; x_wconf 76' lang='grc' dir='ltr'>ἐπαλαιώθη”</span> <span class='ocrx_word' id='word_1_86' title='bbox 1416 1052 1456 1107; x_wconf 82' lang='grc' dir='ltr'>τῳ</span> <span class='ocrx_word' id='word_1_87' title='bbox 1475 1025 1670 1108; x_wconf 72' lang='grc' dir='ltr'>χράνφτδ”</span> <span class='ocrx_word' id='word_1_88' title='bbox 1636 1048 1685 1097; x_wconf 89' lang='grc' dir='ltr'>της</span> <span class='ocrx_word' id='word_1_89' title='bbox 1698 1024 1791 1102; x_wconf 65' lang='grc' dir='ltr'>ἀθυμίας</span> 
     </span>
     <span class='ocr_line' id='line_1_8' title="bbox 211 1117 1791 1202; baseline -0.003 -23"><span class='ocrx_word' id='word_1_90' title='bbox 211 1131 217 1142; x_wconf 92' lang='grc'><strong>“</strong></span> <span class='ocrx_word' id='word_1_91' title='bbox 262 1122 400 1182; x_wconf 89' lang='lat' dir='ltr'>hementer</span> <span class='ocrx_word' id='word_1_92' title='bbox 417 1122 497 1188; x_wconf 27' lang='lat' dir='ltr'>enim,</span> <span class='ocrx_word' id='word_1_93' title='bbox 509 1122 644 1183; x_wconf 86' lang='lat' dir='ltr'>horrenda</span> <span class='ocrx_word' id='word_1_94' title='bbox 664 1122 747 1202; x_wconf 88' lang='lat' dir='ltr'>hujus</span> <span class='ocrx_word' id='word_1_95' title='bbox 766 1121 806 1181; x_wconf 90' lang='lat' dir='ltr'>rei</span> <span class='ocrx_word' id='word_1_96' title='bbox 825 1135 920 1180; x_wconf 80' lang='lat' dir='ltr'>natrtra</span> <span class='ocrx_word' id='word_1_97' title='bbox 934 1134 983 1199; x_wconf 82' lang='lat' dir='ltr'>est,</span> <span class='ocrx_word' id='word_1_98' title='bbox 1006 1188 1010 1197; x_wconf 31' lang='lat'><strong><em>¹</em></strong></span> <span class='ocrx_word' id='word_1_99' title='bbox 1036 1119 1141 1190; x_wconf 76' lang='grc' dir='ltr'>κοίτης</span> <span class='ocrx_word' id='word_1_100' title='bbox 1152 1118 1424 1192; x_wconf 78' lang='grc' dir='ltr'>ἐκπληξεωςταυτης,</span> <span class='ocrx_word' id='word_1_101' title='bbox 1436 1118 1567 1180; x_wconf 71' lang='grc' dir='ltr'>ἀλλὰκαὶ</span> <span class='ocrx_word' id='word_1_102' title='bbox 1576 1118 1664 1186; x_wconf 80' lang='grc' dir='ltr'>νσαζει</span> <span class='ocrx_word' id='word_1_103' title='bbox 1673 1117 1791 1193; x_wconf 68' lang='lat' dir='ltr'>mleque</span> 
     </span>
    </p>

    <p class='ocr_par' dir='ltr' id='par_1_3' title="bbox 251 1209 1819 3038">
     <span class='ocr_line' id='line_1_9' title="bbox 263 1209 1793 1324; baseline -0.002 -51"><span class='ocrx_word' id='word_1_104' title='bbox 263 1229 440 1297; x_wconf 88' lang='lat' dir='ltr'>acpropterea</span> <span class='ocrx_word' id='word_1_105' title='bbox 451 1215 573 1295; x_wconf 85' lang='lat' dir='ltr'>quotidie</span> <span class='ocrx_word' id='word_1_106' title='bbox 584 1214 612 1274; x_wconf 92' lang='lat' dir='ltr'>in</span> <span class='ocrx_word' id='word_1_107' title='bbox 623 1236 709 1295; x_wconf 86' lang='lat' dir='ltr'>genus</span> <span class='ocrx_word' id='word_1_108' title='bbox 719 1227 840 1273; x_wconf 87' lang='lat' dir='ltr'>nostrum</span> <span class='ocrx_word' id='word_1_109' title='bbox 852 1213 983 1294; x_wconf 87' lang='lat' dir='ltr'>impetum</span> <span class='ocrx_word' id='word_1_110' title='bbox 1036 1213 1075 1279; x_wconf 74' lang='grc' dir='ltr'>ζει</span> <span class='ocrx_word' id='word_1_111' title='bbox 1094 1212 1234 1284; x_wconf 79' lang='grc' dir='ltr'>διηνεκῶς,</span> <span class='ocrx_word' id='word_1_112' title='bbox 1248 1213 1294 1271; x_wconf 81' lang='grc' dir='ltr'>καὶ</span> <span class='ocrx_word' id='word_1_113' title='bbox 1310 1212 1355 1272; x_wconf 83' lang='grc' dir='ltr'>τδν</span> <span class='ocrx_word' id='word_1_114' title='bbox 1374 1211 1455 1324; x_wconf 75' lang='grc' dir='ltr'>ρόάυν</span> <span class='ocrx_word' id='word_1_115' title='bbox 1472 1213 1611 1291; x_wconf 76' lang='grc' dir='ltr'>ἀκραιφνῆ</span> <span class='ocrx_word' id='word_1_116' title='bbox 1626 1209 1673 1269; x_wconf 71' lang='lat' dir='ltr'>eal</span> <span class='ocrx_word' id='word_1_117' title='bbox 1686 1212 1793 1270; x_wconf 61' lang='lat' dir='ltr'>aman</span> 
     </span>
     <span class='ocr_line' id='line_1_10' title="bbox 263 1301 1792 1386; baseline -0.003 -22"><span class='ocrx_word' id='word_1_118' title='bbox 263 1306 374 1384; x_wconf 84' lang='lat' dir='ltr'>faciens,</span> <span class='ocrx_word' id='word_1_119' title='bbox 392 1305 427 1366; x_wconf 89' lang='lat' dir='ltr'>ad</span> <span class='ocrx_word' id='word_1_120' title='bbox 447 1327 666 1386; x_wconf 86' lang='lat' dir='ltr'>unumquemque</span> <span class='ocrx_word' id='word_1_121' title='bbox 680 1319 817 1365; x_wconf 91' lang='lat' dir='ltr'>mortuum</span> <span class='ocrx_word' id='word_1_122' title='bbox 830 1323 880 1364; x_wconf 83' lang='lat' dir='ltr'>nos</span> <span class='ocrx_word' id='word_1_123' title='bbox 899 1325 983 1383; x_wconf 82' lang='lat' dir='ltr'>usque</span> <span class='ocrx_word' id='word_1_124' title='bbox 1035 1302 1142 1383; x_wconf 83' lang='grc' dir='ltr'>ἔρχεται</span> <span class='ocrx_word' id='word_1_125' title='bbox 1155 1307 1214 1363; x_wconf 88' lang='grc' dir='ltr'>καθ</span> <span class='ocrx_word' id='word_1_126' title='bbox 1227 1303 1387 1377; x_wconf 83' lang='grc' dir='ltr'>ἐκάυτην’</span> <span class='ocrx_word' id='word_1_127' title='bbox 1354 1326 1471 1384; x_wconf 72' lang='lat' dir='ltr'>peporcit</span> <span class='ocrx_word' id='word_1_128' title='bbox 1480 1307 1531 1375; x_wconf 72' lang='grc' dir='ltr'>τιν</span> <span class='ocrx_word' id='word_1_129' title='bbox 1546 1303 1669 1384; x_wconf 74' lang='grc' dir='ltr'>ἡμέραν·</span> <span class='ocrx_word' id='word_1_130' title='bbox 1683 1301 1792 1378; x_wconf 76' lang='grc' dir='ltr'>καλμαθε</span> 
     </span>
     <span class='ocr_line' id='line_1_11' title="bbox 264 1393 1793 1512; baseline -0.001 -56"><span class='ocrx_word' id='word_1_131' title='bbox 264 1396 330 1457; x_wconf 87' lang='lat' dir='ltr'>adeo</span> <span class='ocrx_word' id='word_1_132' title='bbox 341 1398 463 1478; x_wconf 79' lang='lat' dir='ltr'>percellit</span> <span class='ocrx_word' id='word_1_133' title='bbox 475 1412 556 1477; x_wconf 91' lang='lat' dir='ltr'>atque</span> <span class='ocrx_word' id='word_1_134' title='bbox 566 1411 716 1458; x_wconf 86' lang='lat' dir='ltr'>consternat</span> <span class='ocrx_word' id='word_1_135' title='bbox 717 1409 867 1475; x_wconf 87' lang='lat' dir='ltr'>metuque</span> <span class='ocrx_word' id='word_1_136' title='bbox 875 1410 982 1477; x_wconf 81' lang='lat' dir='ltr'>pertua</span> <span class='ocrx_word' id='word_1_137' title='bbox 990 1395 1151 1512; x_wconf 65' lang='grc' dir='ltr'>556ιίιιότως.</span> <span class='ocrx_word' id='word_1_138' title='bbox 1168 1395 1206 1455; x_wconf 81' lang='lat' dir='ltr'>f</span> <span class='ocrx_word' id='word_1_139' title='bbox 1197 1418 1219 1463; x_wconf 87' lang='grc' dir='ltr'>ις</span> <span class='ocrx_word' id='word_1_140' title='bbox 1227 1395 1306 1478; x_wconf 78' lang='grc' dir='ltr'>γά</span> <span class='ocrx_word' id='word_1_141' title='bbox 1313 1399 1359 1457; x_wconf 78' lang='grc' dir='ltr'>οὐκ</span> <span class='ocrx_word' id='word_1_142' title='bbox 1372 1395 1403 1455; x_wconf 81' lang='grc' dir='ltr'>δν</span> <span class='ocrx_word' id='word_1_143' title='bbox 1418 1393 1793 1477; x_wconf 68' lang='grc' dir='ltr'>αἰσχυνθείηκαλκαταιιέαιι,</span> 
     </span>
     <span class='ocr_line' id='line_1_12' title="bbox 263 1486 1790 1570; baseline -0.001 -22"><span class='ocrx_word' id='word_1_144' title='bbox 263 1490 312 1548; x_wconf 77' lang='grc' dir='ltr'>λιιι</span> <span class='ocrx_word' id='word_1_145' title='bbox 330 1503 356 1550; x_wconf 89' lang='lat' dir='ltr'>et</span> <span class='ocrx_word' id='word_1_146' title='bbox 375 1490 519 1567; x_wconf 88' lang='lat' dir='ltr'>contrabit,</span> <span class='ocrx_word' id='word_1_147' title='bbox 532 1504 562 1549; x_wconf 88' lang='lat' dir='ltr'>nt</span> <span class='ocrx_word' id='word_1_148' title='bbox 579 1511 640 1569; x_wconf 78' lang='lat' dir='ltr'>quae</span> <span class='ocrx_word' id='word_1_149' title='bbox 659 1509 708 1548; x_wconf 88' lang='lat' dir='ltr'>nec</span> <span class='ocrx_word' id='word_1_150' title='bbox 722 1488 832 1570; x_wconf 89' lang='lat' dir='ltr'>opinato</span> <span class='ocrx_word' id='word_1_151' title='bbox 844 1500 981 1569; x_wconf 78' lang='lat' dir='ltr'>appareat.</span> <span class='ocrx_word' id='word_1_152' title='bbox 999 1488 1124 1551; x_wconf 69' lang='lat' dir='ltr'>Adraa</span> <span class='ocrx_word' id='word_1_153' title='bbox 1113 1490 1154 1564; x_wconf 80' lang='grc' dir='ltr'>ιδῃ</span> <span class='ocrx_word' id='word_1_154' title='bbox 1167 1487 1339 1567; x_wconf 81' lang='grc' dir='ltr'>τδνχθέςκαλ</span> <span class='ocrx_word' id='word_1_155' title='bbox 1353 1488 1405 1568; x_wconf 84' lang='grc' dir='ltr'>πρδ</span> <span class='ocrx_word' id='word_1_156' title='bbox 1416 1487 1514 1568; x_wconf 79' lang='grc' dir='ltr'>ὀλίγων</span> <span class='ocrx_word' id='word_1_157' title='bbox 1527 1490 1642 1568; x_wconf 77' lang='grc' dir='ltr'>ἡμερῶν</span> <span class='ocrx_word' id='word_1_158' title='bbox 1658 1486 1790 1566; x_wconf 51' lang='lat' dir='ltr'>patrima,</span> 
     </span>
     <span class='ocr_line' id='line_1_13' title="bbox 263 1577 1792 1661; baseline 0.001 -22"><span class='ocrx_word' id='word_1_159' title='bbox 263 1583 320 1641; x_wconf 87' lang='lat' dir='ltr'>Nec</span> <span class='ocrx_word' id='word_1_160' title='bbox 337 1602 402 1641; x_wconf 83' lang='lat' dir='ltr'>vcro</span> <span class='ocrx_word' id='word_1_161' title='bbox 418 1580 454 1640; x_wconf 91' lang='lat' dir='ltr'>ad</span> <span class='ocrx_word' id='word_1_162' title='bbox 471 1581 678 1641; x_wconf 77' lang='lat' dir='ltr'>consolationem</span> <span class='ocrx_word' id='word_1_163' title='bbox 701 1579 834 1639; x_wconf 90' lang='lat' dir='ltr'>ullam</span> <span class='ocrx_word' id='word_1_164' title='bbox 805 1600 864 1638; x_wconf 80' lang='lat' dir='ltr'>vam</span> <span class='ocrx_word' id='word_1_165' title='bbox 886 1577 982 1638; x_wconf 91' lang='lat' dir='ltr'>babuit</span> <span class='ocrx_word' id='word_1_166' title='bbox 1035 1583 1148 1660; x_wconf 78' lang='grc' dir='ltr'>ἄγοντα,</span> <span class='ocrx_word' id='word_1_167' title='bbox 1161 1579 1273 1660; x_wconf 83' lang='grc' dir='ltr'>ρίροντα</span> <span class='ocrx_word' id='word_1_168' title='bbox 1286 1580 1368 1661; x_wconf 89' lang='grc' dir='ltr'>μυρία</span> <span class='ocrx_word' id='word_1_169' title='bbox 1378 1580 1546 1660; x_wconf 72' lang='grc' dir='ltr'>πράγματα</span> <span class='ocrx_word' id='word_1_170' title='bbox 1557 1579 1664 1651; x_wconf 76' lang='grc' dir='ltr'>αἰκίαις,</span> <span class='ocrx_word' id='word_1_171' title='bbox 1673 1579 1792 1657; x_wconf 66' lang='grc' dir='ltr'>γενναία,</span> 
     </span>
     <span class='ocr_line' id='line_1_14' title="bbox 262 1669 1789 1752; baseline 0.001 -22"><span class='ocrx_word' id='word_1_172' title='bbox 262 1686 309 1731; x_wconf 88' lang='lat' dir='ltr'>aut</span> <span class='ocrx_word' id='word_1_173' title='bbox 330 1673 458 1752; x_wconf 83' lang='lat' dir='ltr'>temporis</span> <span class='ocrx_word' id='word_1_174' title='bbox 474 1672 625 1750; x_wconf 82' lang='lat' dir='ltr'>meditatio,</span> <span class='ocrx_word' id='word_1_175' title='bbox 643 1684 690 1732; x_wconf 90' lang='lat' dir='ltr'>aut</span> <span class='ocrx_word' id='word_1_176' title='bbox 709 1670 893 1750; x_wconf 91' lang='lat' dir='ltr'>quotidiana</span> <span class='ocrx_word' id='word_1_177' title='bbox 885 1691 913 1729; x_wconf 90' lang='grc' dir='ltr'>ιιι</span> <span class='ocrx_word' id='word_1_178' title='bbox 930 1670 983 1730; x_wconf 81' lang='lat' dir='ltr'>lrac</span> <span class='ocrx_word' id='word_1_179' title='bbox 1034 1669 1146 1743; x_wconf 85' lang='grc' dir='ltr'>παίδων,</span> <span class='ocrx_word' id='word_1_180' title='bbox 1161 1674 1280 1746; x_wconf 80' lang='grc' dir='ltr'>οἰκετῶν,</span> <span class='ocrx_word' id='word_1_181' title='bbox 1294 1671 1463 1740; x_wconf 78' lang='grc' dir='ltr'>πολλάκιςδέ</span> <span class='ocrx_word' id='word_1_182' title='bbox 1476 1670 1523 1732; x_wconf 74' lang='grc' dir='ltr'>καὶ</span> <span class='ocrx_word' id='word_1_183' title='bbox 1543 1669 1789 1748; x_wconf 78' lang='grc' dir='ltr'>πολιωνθλαιλιίρνν</span> 
     </span>
     <span class='ocr_line' id='line_1_15' title="bbox 262 1761 1790 1868; baseline 0.002 -48"><span class='ocrx_word' id='word_1_184' title='bbox 262 1763 486 1868; x_wconf 64' lang='lat' dir='ltr'>contemplatione</span> <span class='ocrx_word' id='word_1_185' title='bbox 504 1763 668 1824; x_wconf 88' lang='lat' dir='ltr'>consuetudo</span> <span class='ocrx_word' id='word_1_186' title='bbox 686 1777 713 1822; x_wconf 90' lang='lat' dir='ltr'>et</span> <span class='ocrx_word' id='word_1_187' title='bbox 725 1776 913 1823; x_wconf 75' lang='lat' dir='ltr'>excercitatio</span> <span class='ocrx_word' id='word_1_188' title='bbox 933 1783 983 1822; x_wconf 90' lang='lat' dir='ltr'>uec</span> <span class='ocrx_word' id='word_1_189' title='bbox 1034 1765 1237 1842; x_wconf 81' lang='grc' dir='ltr'>προϊστάμενον,</span> <span class='ocrx_word' id='word_1_190' title='bbox 1251 1767 1426 1840; x_wconf 79' lang='grc' dir='ltr'>ἀπειλοῦντα,</span> <span class='ocrx_word' id='word_1_191' title='bbox 1445 1765 1603 1845; x_wconf 66' lang='grc' dir='ltr'>ροὸαἳντα,</span> <span class='ocrx_word' id='word_1_192' title='bbox 1617 1764 1714 1825; x_wconf 81' lang='grc' dir='ltr'>λιέονια</span> <span class='ocrx_word' id='word_1_193' title='bbox 1730 1761 1790 1823; x_wconf 71' lang='lat' dir='ltr'>roll</span> 
     </span>
     <span class='ocr_line' id='line_1_16' title="bbox 261 1854 1800 1938; baseline 0.001 -24"><span class='ocrx_word' id='word_1_194' title='bbox 261 1856 390 1936; x_wconf 87' lang='lat' dir='ltr'>temporis</span> <span class='ocrx_word' id='word_1_195' title='bbox 403 1856 583 1916; x_wconf 85' lang='lat' dir='ltr'>diuturnitate</span> <span class='ocrx_word' id='word_1_196' title='bbox 596 1854 753 1938; x_wconf 86' lang='lat' dir='ltr'>hujusmodi</span> <span class='ocrx_word' id='word_1_197' title='bbox 766 1876 866 1915; x_wconf 86' lang='lat' dir='ltr'>moeror</span> <span class='ocrx_word' id='word_1_198' title='bbox 884 1869 982 1915; x_wconf 91' lang='lat' dir='ltr'>terror-</span> <span class='ocrx_word' id='word_1_199' title='bbox 1034 1879 1103 1930; x_wconf 88' lang='grc' dir='ltr'>σεις,</span> <span class='ocrx_word' id='word_1_200' title='bbox 1115 1856 1246 1935; x_wconf 78' lang='grc' dir='ltr'>ἐπάγοντα</span> <span class='ocrx_word' id='word_1_201' title='bbox 1259 1857 1396 1932; x_wconf 78' lang='grc' dir='ltr'>κολάσεις,</span> <span class='ocrx_word' id='word_1_202' title='bbox 1412 1857 1495 1938; x_wconf 86' lang='grc' dir='ltr'>μυρία</span> <span class='ocrx_word' id='word_1_203' title='bbox 1508 1856 1585 1919; x_wconf 69' lang='grc' dir='ltr'>κατὰ</span> <span class='ocrx_word' id='word_1_204' title='bbox 1598 1854 1800 1936; x_wconf 74' lang='grc' dir='ltr'>πιίλιιςκαίγιί·’</span> 
     </span>
     <span class='ocr_line' id='line_1_17' title="bbox 262 1946 1787 2030; baseline 0.001 -24"><span class='ocrx_word' id='word_1_205' title='bbox 262 1968 314 2025; x_wconf 91' lang='lat' dir='ltr'>que</span> <span class='ocrx_word' id='word_1_206' title='bbox 326 1947 475 2022; x_wconf 85' lang='lat' dir='ltr'>consenuit,</span> <span class='ocrx_word' id='word_1_207' title='bbox 485 1968 582 2008; x_wconf 88' lang='lat' dir='ltr'>rerum</span> <span class='ocrx_word' id='word_1_208' title='bbox 594 1960 723 2029; x_wconf 86' lang='lat' dir='ltr'>perpetuo</span> <span class='ocrx_word' id='word_1_209' title='bbox 733 1947 884 2027; x_wconf 84' lang='lat' dir='ltr'>juvenescit</span> <span class='ocrx_word' id='word_1_210' title='bbox 897 1969 928 2007; x_wconf 88' lang='lat' dir='ltr'>ao</span> <span class='ocrx_word' id='word_1_211' title='bbox 938 1947 982 2010; x_wconf 84' lang='lat' dir='ltr'>vi·</span> <span class='ocrx_word' id='word_1_212' title='bbox 1036 1971 1082 2028; x_wconf 85' lang='grc' dir='ltr'>ρας</span> <span class='ocrx_word' id='word_1_213' title='bbox 1093 1948 1281 2030; x_wconf 73' lang='grc' dir='ltr'>ἐργασάμενον,</span> <span class='ocrx_word' id='word_1_214' title='bbox 1296 1947 1388 2029; x_wconf 77' lang='grc' dir='ltr'>ἀθρόον</span> <span class='ocrx_word' id='word_1_215' title='bbox 1398 1948 1506 2009; x_wconf 72' lang='grc' dir='ltr'>λίθου’</span> <span class='ocrx_word' id='word_1_216' title='bbox 1490 1949 1662 2030; x_wconf 75' lang='grc' dir='ltr'>αρωνάτερυν</span> <span class='ocrx_word' id='word_1_217' title='bbox 1674 1946 1787 2025; x_wconf 71' lang='grc' dir='ltr'>κείμεναι</span> 
     </span>
     <span class='ocr_line' id='line_1_18' title="bbox 260 2030 1787 2122; baseline 0.001 -25"><span class='ocrx_word' id='word_1_218' title='bbox 260 2052 316 2118; x_wconf 91' lang='lat' dir='ltr'>get,</span> <span class='ocrx_word' id='word_1_219' title='bbox 331 2030 516 2117; x_wconf 86' lang='lat' dir='ltr'>recentemque</span> <span class='ocrx_word' id='word_1_220' title='bbox 530 2061 562 2099; x_wconf 93' lang='lat' dir='ltr'>ac</span> <span class='ocrx_word' id='word_1_221' title='bbox 578 2040 718 2100; x_wconf 88' lang='lat' dir='ltr'>florentem</span> <span class='ocrx_word' id='word_1_222' title='bbox 739 2037 860 2118; x_wconf 87' lang='lat' dir='ltr'>quotidie</span> <span class='ocrx_word' id='word_1_223' title='bbox 879 2054 981 2099; x_wconf 87' lang='lat' dir='ltr'>metum</span> <span class='ocrx_word' id='word_1_224' title='bbox 1034 2039 1079 2099; x_wconf 80' lang='grc' dir='ltr'>καὶ</span> <span class='ocrx_word' id='word_1_225' title='bbox 1093 2040 1194 2122; x_wconf 89' lang='grc' dir='ltr'>μυρίων</span> <span class='ocrx_word' id='word_1_226' title='bbox 1203 2039 1367 2114; x_wconf 82' lang='grc' dir='ltr'>κωκυάντων</span> <span class='ocrx_word' id='word_1_227' title='bbox 1376 2038 1472 2101; x_wconf 79' lang='grc' dir='ltr'>καλ”</span> <span class='ocrx_word' id='word_1_228' title='bbox 1434 2063 1489 2100; x_wconf 88' lang='grc' dir='ltr'>των</span> <span class='ocrx_word' id='word_1_229' title='bbox 1500 2041 1641 2121; x_wconf 79' lang='grc' dir='ltr'>ριλτάτων</span> <span class='ocrx_word' id='word_1_230' title='bbox 1651 2059 1787 2099; x_wconf 69' lang='lat' dir='ltr'>mamre</span> 
     </span>
     <span class='ocr_line' id='line_1_19' title="bbox 260 2130 1786 2253; baseline 0.002 -65"><span class='ocrx_word' id='word_1_231' title='bbox 260 2130 349 2191; x_wconf 76' lang='lat' dir='ltr'>affert</span> <span class='ocrx_word' id='word_1_232' title='bbox 366 2132 422 2192; x_wconf 86' lang='lat' dir='ltr'>Nec</span> <span class='ocrx_word' id='word_1_233' title='bbox 437 2152 501 2194; x_wconf 83' lang='lat' dir='ltr'>tane</span> <span class='ocrx_word' id='word_1_234' title='bbox 516 2131 660 2192; x_wconf 88' lang='lat' dir='ltr'>immerito.</span> <span class='ocrx_word' id='word_1_235' title='bbox 679 2131 750 2205; x_wconf 89' lang='lat' dir='ltr'>Quis</span> <span class='ocrx_word' id='word_1_236' title='bbox 765 2131 838 2191; x_wconf 91' lang='lat' dir='ltr'>enim</span> <span class='ocrx_word' id='word_1_237' title='bbox 851 2153 905 2192; x_wconf 90' lang='lat' dir='ltr'>non</span> <span class='ocrx_word' id='word_1_238' title='bbox 919 2154 981 2214; x_wconf 87' lang='lat' dir='ltr'>per-</span> <span class='ocrx_word' id='word_1_239' title='bbox 1034 2131 1130 2210; x_wconf 83' lang='grc' dir='ltr'>με’νων,</span> <span class='ocrx_word' id='word_1_240' title='bbox 1142 2131 1380 2212; x_wconf 78' lang='grc' dir='ltr'>καλτῆςγυναυιδς</span> <span class='ocrx_word' id='word_1_241' title='bbox 1389 2132 1665 2253; x_wconf 69' lang='grc' dir='ltr'>καταθρυιττομίμης,</span> <span class='ocrx_word' id='word_1_242' title='bbox 1678 2130 1786 2248; x_wconf 64' lang='lat' dir='ltr'>&#39;nappis</span> 
     </span>
     <span class='ocr_line' id='line_1_20' title="bbox 260 2221 1819 2306; baseline 0.003 -26"><span class='ocrx_word' id='word_1_243' title='bbox 260 2222 419 2282; x_wconf 87' lang='lat' dir='ltr'>turbeturet</span> <span class='ocrx_word' id='word_1_244' title='bbox 432 2237 625 2299; x_wconf 84' lang='lat' dir='ltr'>consternetur,</span> <span class='ocrx_word' id='word_1_245' title='bbox 638 2244 700 2283; x_wconf 91' lang='lat' dir='ltr'>cum</span> <span class='ocrx_word' id='word_1_246' title='bbox 712 2243 786 2299; x_wconf 75' lang='lat' dir='ltr'>etim,</span> <span class='ocrx_word' id='word_1_247' title='bbox 798 2244 844 2300; x_wconf 84' lang='lat' dir='ltr'>qur</span> <span class='ocrx_word' id='word_1_248' title='bbox 838 2223 980 2282; x_wconf 88' lang='lat' dir='ltr'>hesterno</span> <span class='ocrx_word' id='word_1_249' title='bbox 1033 2221 1187 2295; x_wconf 80' lang='grc' dir='ltr'>ξαινοιέυης,</span> <span class='ocrx_word' id='word_1_250' title='bbox 1207 2223 1361 2303; x_wconf 88' lang='grc' dir='ltr'>πλοκάμους</span> <span class='ocrx_word' id='word_1_251' title='bbox 1380 2223 1508 2299; x_wconf 82' lang='grc' dir='ltr'>λυοάσης,</span> <span class='ocrx_word' id='word_1_252' title='bbox 1528 2223 1628 2305; x_wconf 81' lang='grc' dir='ltr'>χοροέις</span> <span class='ocrx_word' id='word_1_253' title='bbox 1639 2223 1784 2305; x_wconf 80' lang='grc' dir='ltr'>περιισιέσιε</span> <span class='ocrx_word' id='word_1_254' title='bbox 1816 2277 1819 2306; x_wconf 60' lang='grc'>,</span> 
     </span>
     <span class='ocr_line' id='line_1_21' title="bbox 258 2313 1785 2396; baseline 0.005 -23"><span class='ocrx_word' id='word_1_255' title='bbox 258 2314 314 2387; x_wconf 85' lang='lat' dir='ltr'>die,</span> <span class='ocrx_word' id='word_1_256' title='bbox 326 2329 373 2375; x_wconf 89' lang='lat' dir='ltr'>aut</span> <span class='ocrx_word' id='word_1_257' title='bbox 385 2315 480 2396; x_wconf 86' lang='lat' dir='ltr'>paucis</span> <span class='ocrx_word' id='word_1_258' title='bbox 494 2329 555 2376; x_wconf 89' lang='lat' dir='ltr'>ante</span> <span class='ocrx_word' id='word_1_259' title='bbox 566 2313 663 2375; x_wconf 84' lang='lat' dir='ltr'>diebus</span> <span class='ocrx_word' id='word_1_260' title='bbox 675 2314 845 2393; x_wconf 82' lang='lat' dir='ltr'>ambulabat,</span> <span class='ocrx_word' id='word_1_261' title='bbox 856 2326 979 2374; x_wconf 80' lang='lat' dir='ltr'>sexcenta</span> <span class='ocrx_word' id='word_1_262' title='bbox 1033 2314 1225 2394; x_wconf 82' lang='grc' dir='ltr'>θεραπαινίδων</span> <span class='ocrx_word' id='word_1_263' title='bbox 1248 2317 1315 2393; x_wconf 78' lang='grc' dir='ltr'>ματδ</span> <span class='ocrx_word' id='word_1_264' title='bbox 1339 2319 1439 2388; x_wconf 81' lang='grc' dir='ltr'>πολλῆς</span> <span class='ocrx_word' id='word_1_265' title='bbox 1459 2319 1509 2387; x_wconf 78' lang='grc' dir='ltr'>τῆς</span> <span class='ocrx_word' id='word_1_266' title='bbox 1535 2319 1684 2396; x_wconf 57' lang='lat' dir='ltr'>obtorta,</span> <span class='ocrx_word' id='word_1_267' title='bbox 1706 2315 1785 2381; x_wconf 66' lang='lat' dir='ltr'>viluit</span> 
     </span>
     <span class='ocr_line' id='line_1_22' title="bbox 259 2404 1782 2488; baseline -0.001 -22"><span class='ocrx_word' id='word_1_268' title='bbox 259 2406 358 2476; x_wconf 86' lang='lat' dir='ltr'>domus</span> <span class='ocrx_word' id='word_1_269' title='bbox 368 2408 475 2488; x_wconf 86' lang='lat' dir='ltr'>negotia</span> <span class='ocrx_word' id='word_1_270' title='bbox 493 2408 613 2488; x_wconf 78' lang='lat' dir='ltr'>gerebat,</span> <span class='ocrx_word' id='word_1_271' title='bbox 631 2404 736 2484; x_wconf 82' lang='lat' dir='ltr'>uxoris,</span> <span class='ocrx_word' id='word_1_272' title='bbox 750 2405 881 2484; x_wconf 88' lang='lat' dir='ltr'>filiorum,</span> <span class='ocrx_word' id='word_1_273' title='bbox 900 2428 978 2466; x_wconf 90' lang='lat' dir='ltr'>man-</span> <span class='ocrx_word' id='word_1_274' title='bbox 1032 2407 1236 2484; x_wconf 73' lang='lat' dir='ltr'>alabaudpcvou3</span> <span class='ocrx_word' id='word_1_275' title='bbox 1253 2406 1302 2466; x_wconf 76' lang='grc' dir='ltr'>καί</span> <span class='ocrx_word' id='word_1_276' title='bbox 1315 2406 1404 2468; x_wconf 86' lang='grc' dir='ltr'>πάντα</span> <span class='ocrx_word' id='word_1_277' title='bbox 1423 2405 1548 2488; x_wconf 75' lang='grc' dir='ltr'>ἐξαίφνης</span> <span class='ocrx_word' id='word_1_278' title='bbox 1561 2407 1692 2478; x_wconf 77' lang='grc' dir='ltr'>ἐκποδὼν,</span> <span class='ocrx_word' id='word_1_279' title='bbox 1704 2407 1782 2466; x_wconf 72' lang='lat' dir='ltr'>rollo</span> 
     </span>
     <span class='ocr_line' id='line_1_23' title="bbox 258 2495 1782 2582; baseline -0.001 -24"><span class='ocrx_word' id='word_1_280' title='bbox 258 2498 404 2580; x_wconf 89' lang='lat' dir='ltr'>cipiorum,</span> <span class='ocrx_word' id='word_1_281' title='bbox 417 2521 488 2582; x_wconf 76' lang='lat' dir='ltr'>saepe</span> <span class='ocrx_word' id='word_1_282' title='bbox 498 2500 580 2559; x_wconf 86' lang='lat' dir='ltr'>etiam</span> <span class='ocrx_word' id='word_1_283' title='bbox 595 2499 761 2580; x_wconf 88' lang='lat' dir='ltr'>integrarum</span> <span class='ocrx_word' id='word_1_284' title='bbox 772 2497 915 2559; x_wconf 80' lang='lat' dir='ltr'>civitatum</span> <span class='ocrx_word' id='word_1_285' title='bbox 931 2519 978 2559; x_wconf 90' lang='lat' dir='ltr'>cu·</span> <span class='ocrx_word' id='word_1_286' title='bbox 995 2516 1014 2564; x_wconf 80' lang='lat' dir='ltr'>n</span> <span class='ocrx_word' id='word_1_287' title='bbox 1031 2499 1126 2577; x_wconf 82' lang='grc' dir='ltr'>γισμὸν</span> <span class='ocrx_word' id='word_1_288' title='bbox 1142 2497 1188 2559; x_wconf 80' lang='grc' dir='ltr'>καὶ</span> <span class='ocrx_word' id='word_1_289' title='bbox 1200 2497 1315 2558; x_wconf 92' lang='grc' dir='ltr'>διάνοιαν</span> <span class='ocrx_word' id='word_1_290' title='bbox 1329 2498 1375 2557; x_wconf 82' lang='grc' dir='ltr'>καλ</span> <span class='ocrx_word' id='word_1_291' title='bbox 1391 2497 1490 2578; x_wconf 78' lang='grc' dir='ltr'>ψυχὴν,</span> <span class='ocrx_word' id='word_1_292' title='bbox 1500 2499 1550 2558; x_wconf 77' lang='lat' dir='ltr'>ml</span> <span class='ocrx_word' id='word_1_293' title='bbox 1561 2499 1649 2579; x_wconf 68' lang='grc' dir='ltr'>θρεως</span> <span class='ocrx_word' id='word_1_294' title='bbox 1658 2495 1782 2572; x_wconf 52' lang='lat' dir='ltr'>detegam</span> 
     </span>
     <span class='ocr_line' id='line_1_24' title="bbox 251 2588 1780 2673; baseline 0.001 -25"><span class='ocrx_word' id='word_1_295' title='bbox 251 2613 317 2650; x_wconf 76' lang='lat' dir='ltr'>ram</span> <span class='ocrx_word' id='word_1_296' title='bbox 329 2591 505 2673; x_wconf 90' lang='lat' dir='ltr'>suscipiebat,</span> <span class='ocrx_word' id='word_1_297' title='bbox 521 2589 689 2667; x_wconf 88' lang='lat' dir='ltr'>minabatur,</span> <span class='ocrx_word' id='word_1_298' title='bbox 704 2590 832 2662; x_wconf 83' lang='lat' dir='ltr'>terrebat,</span> <span class='ocrx_word' id='word_1_299' title='bbox 844 2589 979 2672; x_wconf 86' lang='lat' dir='ltr'>supplicia</span> <span class='ocrx_word' id='word_1_300' title='bbox 1032 2593 1119 2670; x_wconf 83' lang='grc' dir='ltr'>μελῶν</span> <span class='ocrx_word' id='word_1_301' title='bbox 1135 2590 1253 2664; x_wconf 77' lang='grc' dir='ltr'>κίνησιν,</span> <span class='ocrx_word' id='word_1_302' title='bbox 1269 2590 1314 2649; x_wconf 80' lang='grc' dir='ltr'>καὶ</span> <span class='ocrx_word' id='word_1_303' title='bbox 1328 2591 1362 2650; x_wconf 79' lang='grc' dir='ltr'>τὰ</span> <span class='ocrx_word' id='word_1_304' title='bbox 1371 2592 1474 2672; x_wconf 78' lang='grc' dir='ltr'>ἀτερπῆ</span> <span class='ocrx_word' id='word_1_305' title='bbox 1486 2591 1680 2672; x_wconf 80' lang='grc' dir='ltr'>διαδεχόμενα,</span> <span class='ocrx_word' id='word_1_306' title='bbox 1690 2588 1780 2671; x_wconf 64' lang='lat' dir='ltr'>&amp;poclm</span> 
     </span>
     <span class='ocr_line' id='line_1_25' title="bbox 228 2680 1777 2787; baseline 0.001 -46.016"><span class='ocrx_word' id='word_1_307' title='bbox 228 2685 357 2787; x_wconf 86' lang='lat' dir='ltr'>partim</span> <span class='ocrx_word' id='word_1_308' title='bbox 367 2681 489 2743; x_wconf 78' lang='lat' dir='ltr'>solvebat</span> <span class='ocrx_word' id='word_1_309' title='bbox 489 2682 611 2764; x_wconf 89' lang='lat' dir='ltr'>partim</span> <span class='ocrx_word' id='word_1_310' title='bbox 619 2681 759 2758; x_wconf 87' lang='lat' dir='ltr'>inferebat,</span> <span class='ocrx_word' id='word_1_311' title='bbox 768 2680 909 2741; x_wconf 86' lang='lat' dir='ltr'>innumera</span> <span class='ocrx_word' id='word_1_312' title='bbox 920 2695 980 2742; x_wconf 89' lang='lat' dir='ltr'>tum</span> <span class='ocrx_word' id='word_1_313' title='bbox 1032 2683 1079 2742; x_wconf 83' lang='grc' dir='ltr'>καί</span> <span class='ocrx_word' id='word_1_314' title='bbox 1092 2681 1274 2757; x_wconf 73' lang='grc' dir='ltr'>ἀναισθησίαν,</span> <span class='ocrx_word' id='word_1_315' title='bbox 1289 2687 1354 2764; x_wconf 82' lang='grc' dir='ltr'>ρθυρ</span> <span class='ocrx_word' id='word_1_316' title='bbox 1356 2682 1399 2753; x_wconf 78' lang='grc' dir='ltr'>δν,</span> <span class='ocrx_word' id='word_1_317' title='bbox 1410 2685 1514 2765; x_wconf 75' lang='grc' dir='ltr'>ἰχῶρα,</span> <span class='ocrx_word' id='word_1_318' title='bbox 1529 2683 1685 2757; x_wconf 71' lang='grc' dir='ltr'>σκώληκας,</span> <span class='ocrx_word' id='word_1_319' title='bbox 1697 2684 1777 2763; x_wconf 74' lang='lat' dir='ltr'>cippo,</span> 
     </span>
     <span class='ocr_line' id='line_1_26' title="bbox 256 2772 1776 2855; baseline -0.003 -22"><span class='ocrx_word' id='word_1_320' title='bbox 256 2774 285 2834; x_wconf 93' lang='lat' dir='ltr'>in</span> <span class='ocrx_word' id='word_1_321' title='bbox 299 2775 424 2840; x_wconf 88' lang='lat' dir='ltr'>urbibus</span> <span class='ocrx_word' id='word_1_322' title='bbox 439 2789 499 2835; x_wconf 90' lang='lat' dir='ltr'>tum</span> <span class='ocrx_word' id='word_1_323' title='bbox 511 2795 538 2833; x_wconf 91' lang='grc' dir='ltr'>ιιι</span> <span class='ocrx_word' id='word_1_324' title='bbox 550 2774 706 2854; x_wconf 75' lang='lat' dir='ltr'>regionibus</span> <span class='ocrx_word' id='word_1_325' title='bbox 714 2773 857 2848; x_wconf 77' lang='lat' dir='ltr'>efficiebat,</span> <span class='ocrx_word' id='word_1_326' title='bbox 871 2787 980 2855; x_wconf 84' lang='lat' dir='ltr'>repente</span> <span class='ocrx_word' id='word_1_327' title='bbox 1032 2772 1116 2845; x_wconf 79' lang='grc' dir='ltr'>κόνιν,</span> <span class='ocrx_word' id='word_1_328' title='bbox 1138 2772 1277 2846; x_wconf 82' lang='grc' dir='ltr'>δυσωδίαν,</span> <span class='ocrx_word' id='word_1_329' title='bbox 1291 2775 1440 2854; x_wconf 76' lang='grc' dir='ltr'>ἀφανισμὸν</span> <span class='ocrx_word' id='word_1_330' title='bbox 1460 2776 1600 2846; x_wconf 83' lang='grc' dir='ltr'>παντιλῆ,</span> <span class='ocrx_word' id='word_1_331' title='bbox 1614 2774 1660 2833; x_wconf 79' lang='grc' dir='ltr'>καί</span> <span class='ocrx_word' id='word_1_332' title='bbox 1679 2772 1776 2833; x_wconf 74' lang='grc' dir='ltr'>δσιιιιέ</span> 
     </span>
     <span class='ocr_line' id='line_1_27' title="bbox 256 2864 1774 2947; baseline 0.001 -25"><span class='ocrx_word' id='word_1_333' title='bbox 256 2865 401 2945; x_wconf 81' lang='lat' dir='ltr'>plusquam</span> <span class='ocrx_word' id='word_1_334' title='bbox 420 2865 539 2946; x_wconf 79' lang='lat' dir='ltr'>lapidem</span> <span class='ocrx_word' id='word_1_335' title='bbox 559 2878 666 2925; x_wconf 89' lang='lat' dir='ltr'>mutum</span> <span class='ocrx_word' id='word_1_336' title='bbox 685 2880 712 2923; x_wconf 91' lang='lat' dir='ltr'>et</span> <span class='ocrx_word' id='word_1_337' title='bbox 729 2864 863 2944; x_wconf 89' lang='lat' dir='ltr'>jacentem</span> <span class='ocrx_word' id='word_1_338' title='bbox 880 2864 978 2926; x_wconf 80' lang='lat' dir='ltr'>videt?</span> <span class='ocrx_word' id='word_1_339' title='bbox 1032 2867 1112 2945; x_wconf 83' lang='grc' dir='ltr'>δεχθῆ</span> <span class='ocrx_word' id='word_1_340' title='bbox 1138 2864 1184 2925; x_wconf 80' lang='grc' dir='ltr'>καί</span> <span class='ocrx_word' id='word_1_341' title='bbox 1210 2864 1303 2946; x_wconf 72' lang='grc' dir='ltr'>ἄσημα</span> <span class='ocrx_word' id='word_1_342' title='bbox 1324 2865 1356 2925; x_wconf 87' lang='grc' dir='ltr'>τδ</span> <span class='ocrx_word' id='word_1_343' title='bbox 1379 2875 1432 2929; x_wconf 71' lang='grc' dir='ltr'>πᾶν</span> <span class='ocrx_word' id='word_1_344' title='bbox 1455 2864 1632 2947; x_wconf 78' lang='grc' dir='ltr'>ἐπειγόμενον</span> <span class='ocrx_word' id='word_1_345' title='bbox 1658 2865 1774 2926; x_wconf 79' lang='grc' dir='ltr'>ιιιιττλίιιι</span> 
     </span>
     <span class='ocr_line' id='line_1_28' title="bbox 257 2954 1286 3038; baseline 0.002 -25"><span class='ocrx_word' id='word_1_346' title='bbox 257 2976 374 3033; x_wconf 89' lang='lat' dir='ltr'>cumque</span> <span class='ocrx_word' id='word_1_347' title='bbox 384 2954 595 3015; x_wconf 76' lang='lat' dir='ltr'>mnumerabiles</span> <span class='ocrx_word' id='word_1_348' title='bbox 603 2954 726 3016; x_wconf 82' lang='lat' dir='ltr'>homines</span> <span class='ocrx_word' id='word_1_349' title='bbox 739 2956 857 3038; x_wconf 89' lang='lat' dir='ltr'>plorent,</span> <span class='ocrx_word' id='word_1_350' title='bbox 874 2971 902 3016; x_wconf 92' lang='lat' dir='ltr'>et</span> <span class='ocrx_word' id='word_1_351' title='bbox 910 2979 979 3018; x_wconf 83' lang='lat' dir='ltr'>amr</span> <span class='ocrx_word' id='word_1_352' title='bbox 1032 2962 1127 3037; x_wconf 71' lang='grc' dir='ltr'>σι’·ἰμας</span> <span class='ocrx_word' id='word_1_353' title='bbox 1283 2989 1286 2993; x_wconf 88' lang='grc'>·</span> 
     </span>
    </p>

    <p class='ocr_par' dir='ltr' id='par_1_4' title="bbox 256 3045 980 3127">
     <span class='ocr_line' id='line_1_29' title="bbox 256 3045 980 3127; baseline 0.008 -23"><span class='ocrx_word' id='word_1_354' title='bbox 256 3045 472 3125; x_wconf 87' lang='lat' dir='ltr'>cissimiquique</span> <span class='ocrx_word' id='word_1_355' title='bbox 485 3046 606 3127; x_wconf 77' lang='lat' dir='ltr'>lugeant,</span> <span class='ocrx_word' id='word_1_356' title='bbox 626 3060 652 3107; x_wconf 87' lang='lat' dir='ltr'>et</span> <span class='ocrx_word' id='word_1_357' title='bbox 675 3068 746 3107; x_wconf 84' lang='lat' dir='ltr'>uxor</span> <span class='ocrx_word' id='word_1_358' title='bbox 769 3045 862 3107; x_wconf 92' lang='lat' dir='ltr'>dolore</span> <span class='ocrx_word' id='word_1_359' title='bbox 879 3047 980 3113; x_wconf 81' lang='lat' dir='ltr'>distor-</span> 
     </span>
    </p>

    <p class='ocr_par' dir='ltr' id='par_1_5' title="bbox 255 3133 982 3216">
     <span class='ocr_line' id='line_1_30' title="bbox 255 3133 982 3216; baseline 0.007 -24"><span class='ocrx_word' id='word_1_360' title='bbox 255 3148 384 3213; x_wconf 86' lang='lat' dir='ltr'>queatur,</span> <span class='ocrx_word' id='word_1_361' title='bbox 401 3155 482 3215; x_wconf 87' lang='lat' dir='ltr'>genas</span> <span class='ocrx_word' id='word_1_362' title='bbox 494 3134 589 3211; x_wconf 72' lang='lat' dir='ltr'>caedat,</span> <span class='ocrx_word' id='word_1_363' title='bbox 601 3154 707 3194; x_wconf 87' lang='lat' dir='ltr'>comam</span> <span class='ocrx_word' id='word_1_364' title='bbox 722 3133 814 3210; x_wconf 87' lang='lat' dir='ltr'>vellat,</span> <span class='ocrx_word' id='word_1_365' title='bbox 830 3155 982 3216; x_wconf 87' lang='lat' dir='ltr'>magnoque</span> 
     </span>
    </p>

    <p class='ocr_par' dir='ltr' id='par_1_6' title="bbox 256 3226 979 3306">
     <span class='ocr_line' id='line_1_31' title="bbox 256 3226 979 3306; baseline 0.001 -20"><span class='ocrx_word' id='word_1_366' title='bbox 256 3248 318 3286; x_wconf 87' lang='lat' dir='ltr'>cum</span> <span class='ocrx_word' id='word_1_367' title='bbox 336 3227 440 3286; x_wconf 89' lang='lat' dir='ltr'>ululatu</span> <span class='ocrx_word' id='word_1_368' title='bbox 456 3227 616 3286; x_wconf 88' lang='lat' dir='ltr'>ancillarum</span> <span class='ocrx_word' id='word_1_369' title='bbox 631 3246 724 3306; x_wconf 80' lang='lat' dir='ltr'>greges</span> <span class='ocrx_word' id='word_1_370' title='bbox 735 3226 836 3286; x_wconf 89' lang='lat' dir='ltr'>circum</span> <span class='ocrx_word' id='word_1_371' title='bbox 850 3248 879 3286; x_wconf 91' lang='lat' dir='ltr'>se</span> <span class='ocrx_word' id='word_1_372' title='bbox 893 3227 979 3288; x_wconf 90' lang='lat' dir='ltr'>eollo-</span> 
     </span>
    </p>

    <p class='ocr_par' dir='ltr' id='par_1_7' title="bbox 255 3317 980 3400">
     <span class='ocr_line' id='line_1_32' title="bbox 255 3317 980 3400; baseline 0.001 -23"><span class='ocrx_word' id='word_1_373' title='bbox 255 3332 306 3395; x_wconf 86' lang='lat' dir='ltr'>eet,</span> <span class='ocrx_word' id='word_1_374' title='bbox 320 3318 409 3400; x_wconf 88' lang='lat' dir='ltr'>ipsum</span> <span class='ocrx_word' id='word_1_375' title='bbox 423 3332 512 3379; x_wconf 89' lang='lat' dir='ltr'>tamen</span> <span class='ocrx_word' id='word_1_376' title='bbox 526 3317 595 3377; x_wconf 92' lang='lat' dir='ltr'>nihil</span> <span class='ocrx_word' id='word_1_377' title='bbox 615 3338 709 3376; x_wconf 89' lang='lat' dir='ltr'>eorum</span> <span class='ocrx_word' id='word_1_378' title='bbox 724 3317 902 3377; x_wconf 79' lang='lat' dir='ltr'>sentientem?</span> <span class='ocrx_word' id='word_1_379' title='bbox 916 3340 980 3379; x_wconf 89' lang='lat' dir='ltr'>cum</span> 
     </span>
    </p>

    <p class='ocr_par' dir='ltr' id='par_1_8' title="bbox 255 3408 977 3492">
     <span class='ocr_line' id='line_1_33' title="bbox 255 3408 977 3492; baseline 0 -22"><span class='ocrx_word' id='word_1_380' title='bbox 255 3410 433 3471; x_wconf 81' lang='lat' dir='ltr'>videtomnia</span> <span class='ocrx_word' id='word_1_381' title='bbox 442 3423 554 3492; x_wconf 87' lang='lat' dir='ltr'>repente</span> <span class='ocrx_word' id='word_1_382' title='bbox 571 3409 607 3469; x_wconf 91' lang='lat' dir='ltr'>de</span> <span class='ocrx_word' id='word_1_383' title='bbox 623 3408 712 3469; x_wconf 90' lang='lat' dir='ltr'>medio</span> <span class='ocrx_word' id='word_1_384' title='bbox 727 3409 833 3469; x_wconf 89' lang='lat' dir='ltr'>sublata</span> <span class='ocrx_word' id='word_1_385' title='bbox 853 3432 918 3486; x_wconf 84' lang='lat' dir='ltr'>esse,</span> <span class='ocrx_word' id='word_1_386' title='bbox 932 3434 977 3470; x_wconf 91' lang='lat' dir='ltr'>ra·</span> 
     </span>
    </p>

    <p class='ocr_par' dir='ltr' id='par_1_9' title="bbox 258 3501 978 3583">
     <span class='ocr_line' id='line_1_34' title="bbox 258 3501 978 3583; baseline 0.003 -21"><span class='ocrx_word' id='word_1_387' title='bbox 258 3503 368 3578; x_wconf 90' lang='lat' dir='ltr'>tionem,</span> <span class='ocrx_word' id='word_1_388' title='bbox 389 3503 537 3583; x_wconf 77' lang='lat' dir='ltr'>ingenium,</span> <span class='ocrx_word' id='word_1_389' title='bbox 555 3502 684 3578; x_wconf 85' lang='lat' dir='ltr'>animam,</span> <span class='ocrx_word' id='word_1_390' title='bbox 701 3501 756 3561; x_wconf 84' lang='lat' dir='ltr'>oris</span> <span class='ocrx_word' id='word_1_391' title='bbox 777 3503 870 3562; x_wconf 81' lang='lat' dir='ltr'>florem</span> <span class='ocrx_word' id='word_1_392' title='bbox 888 3525 920 3563; x_wconf 88' lang='lat' dir='ltr'>ac</span> <span class='ocrx_word' id='word_1_393' title='bbox 933 3525 978 3564; x_wconf 89' lang='lat' dir='ltr'>ve-</span> 
     </span>
    </p>

    <p class='ocr_par' dir='ltr' id='par_1_10' title="bbox 257 3584 977 3675">
     <span class='ocr_line' id='line_1_35' title="bbox 257 3584 977 3675; baseline 0 -20"><span class='ocrx_word' id='word_1_394' title='bbox 257 3609 401 3672; x_wconf 89' lang='lat' dir='ltr'>nustatem,</span> <span class='ocrx_word' id='word_1_395' title='bbox 408 3595 591 3655; x_wconf 87' lang='lat' dir='ltr'>membrorum</span> <span class='ocrx_word' id='word_1_396' title='bbox 603 3584 877 3675; x_wconf 69' lang='lat' dir='ltr'>motumlinjircunda</span> <span class='ocrx_word' id='word_1_397' title='bbox 887 3609 977 3656; x_wconf 90' lang='lat' dir='ltr'>autem</span> 
     </span>
    </p>

    <p class='ocr_par' dir='ltr' id='par_1_11' title="bbox 255 3685 975 3768">
     <span class='ocr_line' id='line_1_36' title="bbox 255 3685 975 3768; baseline 0.003 -23"><span class='ocrx_word' id='word_1_398' title='bbox 255 3688 288 3745; x_wconf 90' lang='lat' dir='ltr'>iis</span> <span class='ocrx_word' id='word_1_399' title='bbox 311 3687 477 3764; x_wconf 83' lang='lat' dir='ltr'>successisse,</span> <span class='ocrx_word' id='word_1_400' title='bbox 501 3687 631 3746; x_wconf 84' lang='lat' dir='ltr'>nimirum</span> <span class='ocrx_word' id='word_1_401' title='bbox 649 3685 799 3761; x_wconf 90' lang='lat' dir='ltr'>silentium,</span> <span class='ocrx_word' id='word_1_402' title='bbox 824 3700 975 3768; x_wconf 88' lang='lat' dir='ltr'>stuporem,</span> 
     </span>
    </p>

    <p class='ocr_par' dir='ltr' id='par_1_12' title="bbox 255 3777 975 3859">
     <span class='ocr_line' id='line_1_37' title="bbox 255 3777 975 3859; baseline 0.003 -22"><span class='ocrx_word' id='word_1_403' title='bbox 255 3778 460 3858; x_wconf 86' lang='lat' dir='ltr'>corruptionem,</span> <span class='ocrx_word' id='word_1_404' title='bbox 473 3778 588 3852; x_wconf 85' lang='lat' dir='ltr'>saniem,</span> <span class='ocrx_word' id='word_1_405' title='bbox 603 3799 719 3855; x_wconf 78' lang='lat' dir='ltr'>vermes,</span> <span class='ocrx_word' id='word_1_406' title='bbox 731 3777 861 3856; x_wconf 88' lang='lat' dir='ltr'>cinerem,</span> <span class='ocrx_word' id='word_1_407' title='bbox 874 3779 975 3859; x_wconf 79' lang='lat' dir='ltr'>pulve-</span> 
     </span>
    </p>

    <p class='ocr_par' dir='ltr' id='par_1_13' title="bbox 254 3869 975 3952">
     <span class='ocr_line' id='line_1_38' title="bbox 254 3869 975 3952; baseline -0.001 -23"><span class='ocrx_word' id='word_1_408' title='bbox 254 3891 323 3946; x_wconf 89' lang='lat' dir='ltr'>rem,</span> <span class='ocrx_word' id='word_1_409' title='bbox 344 3871 477 3947; x_wconf 88' lang='lat' dir='ltr'>foetorem,</span> <span class='ocrx_word' id='word_1_410' title='bbox 497 3869 636 3929; x_wconf 86' lang='lat' dir='ltr'>interitum</span> <span class='ocrx_word' id='word_1_411' title='bbox 658 3869 805 3951; x_wconf 87' lang='lat' dir='ltr'>integrum,</span> <span class='ocrx_word' id='word_1_412' title='bbox 824 3891 975 3952; x_wconf 85' lang='lat' dir='ltr'>corpusque</span> 
     </span>
    </p>

    <p class='ocr_par' dir='ltr' id='par_1_14' title="bbox 254 3959 975 4042">
     <span class='ocr_line' id='line_1_39' title="bbox 254 3959 975 4042; baseline 0 -21"><span class='ocrx_word' id='word_1_413' title='bbox 254 3976 341 4021; x_wconf 88' lang='lat' dir='ltr'>totum</span> <span class='ocrx_word' id='word_1_414' title='bbox 354 3983 385 4020; x_wconf 93' lang='lat' dir='ltr'>eo</span> <span class='ocrx_word' id='word_1_415' title='bbox 403 3981 560 4042; x_wconf 87' lang='lat' dir='ltr'>properans,</span> <span class='ocrx_word' id='word_1_416' title='bbox 579 3972 610 4019; x_wconf 93' lang='lat' dir='ltr'>ut</span> <span class='ocrx_word' id='word_1_417' title='bbox 624 3959 653 4019; x_wconf 90' lang='lat' dir='ltr'>iu</span> <span class='ocrx_word' id='word_1_418' title='bbox 665 3960 733 4022; x_wconf 90' lang='lat' dir='ltr'>vilia</span> <span class='ocrx_word' id='word_1_419' title='bbox 743 3973 776 4020; x_wconf 84' lang='lat' dir='ltr'>et</span> <span class='ocrx_word' id='word_1_420' title='bbox 791 3959 921 4020; x_wconf 77' lang='lat' dir='ltr'>deformia</span> <span class='ocrx_word' id='word_1_421' title='bbox 934 3974 975 4021; x_wconf 86' lang='lat' dir='ltr'>at·</span> 
     </span>
    </p>

    <p class='ocr_par' dir='ltr' id='par_1_15' title="bbox 252 4051 648 4133">
     <span class='ocr_line' id='line_1_40' title="bbox 252 4051 648 4133; baseline 0 -22"><span class='ocrx_word' id='word_1_422' title='bbox 252 4075 305 4133; x_wconf 88' lang='lat' dir='ltr'>que</span> <span class='ocrx_word' id='word_1_423' title='bbox 314 4053 444 4133; x_wconf 89' lang='lat' dir='ltr'>ignobilia</span> <span class='ocrx_word' id='word_1_424' title='bbox 456 4074 514 4113; x_wconf 80' lang='lat' dir='ltr'>ossa</span> <span class='ocrx_word' id='word_1_425' title='bbox 524 4051 648 4112; x_wconf 80' lang='lat' dir='ltr'>desinat?</span> 
     </span>
    </p>

    <p class='ocr_par' dir='ltr' id='par_1_16' title="bbox 251 4143 1765 4422">
     <span class='ocr_line' id='line_1_41' title="bbox 290 4143 1764 4234; baseline 0.009 -30"><span class='ocrx_word' id='word_1_426' title='bbox 290 4145 320 4204; x_wconf 74' lang='lat' dir='ltr'>l</span> <span class='ocrx_word' id='word_1_427' title='bbox 333 4143 368 4204; x_wconf 88' lang='lat' dir='ltr'>Et</span> <span class='ocrx_word' id='word_1_428' title='bbox 383 4159 472 4206; x_wconf 87' lang='lat' dir='ltr'>tamen</span> <span class='ocrx_word' id='word_1_429' title='bbox 489 4143 573 4219; x_wconf 89' lang='lat' dir='ltr'>istud,</span> <span class='ocrx_word' id='word_1_430' title='bbox 593 4143 706 4223; x_wconf 87' lang='lat' dir='ltr'>quodet</span> <span class='ocrx_word' id='word_1_431' title='bbox 724 4166 773 4226; x_wconf 89' lang='lat' dir='ltr'>per</span> <span class='ocrx_word' id='word_1_432' title='bbox 784 4167 831 4205; x_wconf 83' lang='lat' dir='ltr'>rea</span> <span class='ocrx_word' id='word_1_433' title='bbox 848 4147 933 4228; x_wconf 88' lang='lat' dir='ltr'>ipsas,</span> <span class='ocrx_word' id='word_1_434' title='bbox 943 4163 974 4210; x_wconf 83' lang='lat' dir='ltr'>et</span> <span class='ocrx_word' id='word_1_435' title='bbox 1065 4151 1134 4212; x_wconf 77' lang='grc' dir='ltr'>Ἀλλ’</span> <span class='ocrx_word' id='word_1_436' title='bbox 1147 4152 1219 4232; x_wconf 73' lang='grc' dir='ltr'>ὅμως</span> <span class='ocrx_word' id='word_1_437' title='bbox 1243 4153 1273 4213; x_wconf 77' lang='grc' dir='ltr'>τὸ</span> <span class='ocrx_word' id='word_1_438' title='bbox 1297 4152 1648 4234; x_wconf 58' lang='lat' dir='ltr'>postponerentur</span> <span class='ocrx_word' id='word_1_439' title='bbox 1664 4159 1764 4234; x_wconf 58' lang='lat' dir='ltr'>riter*</span> 
     </span>
     <span class='ocr_line' id='line_1_42' title="bbox 251 4235 1764 4329; baseline 0.008 -33"><span class='ocrx_word' id='word_1_440' title='bbox 251 4259 300 4318; x_wconf 88' lang='lat' dir='ltr'>per</span> <span class='ocrx_word' id='word_1_441' title='bbox 326 4251 480 4298; x_wconf 84' lang='lat' dir='ltr'>sanctorum</span> <span class='ocrx_word' id='word_1_442' title='bbox 508 4235 618 4296; x_wconf 88' lang='lat' dir='ltr'>illorum</span> <span class='ocrx_word' id='word_1_443' title='bbox 651 4236 774 4297; x_wconf 86' lang='lat' dir='ltr'>virorum</span> <span class='ocrx_word' id='word_1_444' title='bbox 799 4238 972 4300; x_wconf 85' lang='lat' dir='ltr'>formidinem</span> <span class='ocrx_word' id='word_1_445' title='bbox 1024 4245 1133 4325; x_wconf 87' lang='grc' dir='ltr'>γμάτων</span> <span class='ocrx_word' id='word_1_446' title='bbox 1148 4244 1324 4324; x_wconf 72' lang='grc' dir='ltr'>δεικνύμενον,</span> <span class='ocrx_word' id='word_1_447' title='bbox 1337 4246 1383 4305; x_wconf 80' lang='grc' dir='ltr'>καὶ</span> <span class='ocrx_word' id='word_1_448' title='bbox 1397 4246 1497 4307; x_wconf 79' lang='grc' dir='ltr'>διδ</span> <span class='ocrx_word' id='word_1_449' title='bbox 1462 4270 1512 4318; x_wconf 86' lang='grc' dir='ltr'>της</span> <span class='ocrx_word' id='word_1_450' title='bbox 1526 4253 1581 4308; x_wconf 82' lang='grc' dir='ltr'>τῶν</span> <span class='ocrx_word' id='word_1_451' title='bbox 1598 4244 1764 4329; x_wconf 69' lang='grc' dir='ltr'>άγίωνέιιένν</span> 
     </span>
     <span class='ocr_line' id='line_1_43' title="bbox 252 4327 1765 4422; baseline 0.008 -36"><span class='ocrx_word' id='word_1_452' title='bbox 252 4328 418 4390; x_wconf 87' lang='lat' dir='ltr'>horrendum</span> <span class='ocrx_word' id='word_1_453' title='bbox 436 4349 494 4388; x_wconf 88' lang='lat' dir='ltr'>esse</span> <span class='ocrx_word' id='word_1_454' title='bbox 519 4340 631 4402; x_wconf 86' lang='lat' dir='ltr'>constat,</span> <span class='ocrx_word' id='word_1_455' title='bbox 660 4349 773 4386; x_wconf 78' lang='lat' dir='ltr'>maerore</span> <span class='ocrx_word' id='word_1_456' title='bbox 786 4327 866 4408; x_wconf 92' lang='lat' dir='ltr'>longe</span> <span class='ocrx_word' id='word_1_457' title='bbox 884 4331 973 4393; x_wconf 85' lang='lat' dir='ltr'>levius</span> <span class='ocrx_word' id='word_1_458' title='bbox 1024 4336 1135 4409; x_wconf 87' lang='grc' dir='ltr'>διιλίας,</span> <span class='ocrx_word' id='word_1_459' title='bbox 1150 4336 1516 4419; x_wconf 77' lang='grc' dir='ltr'>άθυμίαςπυλδιιουράττρον.</span> <span class='ocrx_word' id='word_1_460' title='bbox 1529 4339 1765 4422; x_wconf 72' lang='grc' dir='ltr'>Ταύτηςγτλρίιαι</span> 
     </span>
    </p>

    <p class='ocr_par' dir='ltr' id='par_1_17' title="bbox 100 4372 1765 5062">
     <span class='ocr_line' id='line_1_44' title="bbox 116 4372 1764 4511; baseline 0.009 -33"><span class='ocrx_word' id='word_1_461' title='bbox 116 4433 211 4480; x_wconf 71' lang='lat' dir='ltr'>noran</span> <span class='ocrx_word' id='word_1_462' title='bbox 212 4435 299 4482; x_wconf 61' lang='grc' dir='ltr'>σενι.</span> <span class='ocrx_word' id='word_1_463' title='bbox 315 4421 417 4480; x_wconf 89' lang='lat' dir='ltr'>Nam</span> <span class='ocrx_word' id='word_1_464' title='bbox 409 4421 494 4501; x_wconf 82' lang='lat' dir='ltr'>ipsius</span> <span class='ocrx_word' id='word_1_465' title='bbox 521 4439 600 4478; x_wconf 86' lang='lat' dir='ltr'>causa</span> <span class='ocrx_word' id='word_1_466' title='bbox 622 4372 704 4497; x_wconf 89' lang='lat' dir='ltr'>longa</span> <span class='ocrx_word' id='word_1_467' title='bbox 730 4417 789 4478; x_wconf 82' lang='lat' dir='ltr'>baec</span> <span class='ocrx_word' id='word_1_468' title='bbox 817 4442 972 4484; x_wconf 86' lang='lat' dir='ltr'>sermonum</span> <span class='ocrx_word' id='word_1_469' title='bbox 1023 4426 1083 4496; x_wconf 76' lang='grc' dir='ltr'>τοὺς</span> <span class='ocrx_word' id='word_1_470' title='bbox 1103 4426 1219 4511; x_wconf 77' lang='grc' dir='ltr'>μακροὺς</span> <span class='ocrx_word' id='word_1_471' title='bbox 1232 4452 1339 4496; x_wconf 84' lang='grc' dir='ltr'>τουτους</span> <span class='ocrx_word' id='word_1_472' title='bbox 1349 4453 1402 4489; x_wconf 90' lang='grc' dir='ltr'>των</span> <span class='ocrx_word' id='word_1_473' title='bbox 1415 4431 1503 4510; x_wconf 83' lang='grc' dir='ltr'>λόγων</span> <span class='ocrx_word' id='word_1_474' title='bbox 1517 4432 1639 4501; x_wconf 76' lang='grc' dir='ltr'>διαύλους</span> <span class='ocrx_word' id='word_1_475' title='bbox 1657 4431 1764 4503; x_wconf 64' lang='grc' dir='ltr'>ἄνθινοι</span> 
     </span>
     <span class='ocr_line' id='line_1_45' title="bbox 100 4496 1765 4607; baseline 0.01 -36"><span class='ocrx_word' id='word_1_476' title='bbox 100 4512 151 4541; x_wconf 75' lang='lat'>¹⁰“</span> <span class='ocrx_word' id='word_1_477' title='bbox 161 4496 220 4540; x_wconf 70' lang='lat'><strong>¹⁶⁸⁵⁰</strong></span> <span class='ocrx_word' id='word_1_478' title='bbox 207 4513 384 4573; x_wconf 56' lang='lat' dir='ltr'>⁰⁵·cur1icula</span> <span class='ocrx_word' id='word_1_479' title='bbox 399 4532 522 4572; x_wconf 84' lang='lat' dir='ltr'>emensus</span> <span class='ocrx_word' id='word_1_480' title='bbox 535 4531 607 4586; x_wconf 89' lang='lat' dir='ltr'>sum,</span> <span class='ocrx_word' id='word_1_481' title='bbox 624 4523 654 4569; x_wconf 90' lang='lat' dir='ltr'>ut</span> <span class='ocrx_word' id='word_1_482' title='bbox 666 4530 701 4569; x_wconf 83' lang='lat' dir='ltr'>ex</span> <span class='ocrx_word' id='word_1_483' title='bbox 715 4531 757 4570; x_wconf 90' lang='lat' dir='ltr'>me</span> <span class='ocrx_word' id='word_1_484' title='bbox 772 4511 860 4572; x_wconf 91' lang='lat' dir='ltr'>discas</span> <span class='ocrx_word' id='word_1_485' title='bbox 863 4537 970 4594; x_wconf 86' lang='lat' dir='ltr'>,quan-</span> <span class='ocrx_word' id='word_1_486' title='bbox 987 4519 1037 4582; x_wconf 85' lang='lat' dir='ltr'>cl</span> <span class='ocrx_word' id='word_1_487' title='bbox 1035 4545 1066 4580; x_wconf 87' lang='grc' dir='ltr'>να</span> <span class='ocrx_word' id='word_1_488' title='bbox 1080 4545 1109 4582; x_wconf 89' lang='grc' dir='ltr'>σε</span> <span class='ocrx_word' id='word_1_489' title='bbox 1124 4519 1275 4593; x_wconf 84' lang='grc' dir='ltr'>διδάξω,ί</span> <span class='ocrx_word' id='word_1_490' title='bbox 1247 4543 1305 4581; x_wconf 85' lang='grc' dir='ltr'>σαν</span> <span class='ocrx_word' id='word_1_491' title='bbox 1324 4521 1403 4589; x_wconf 85' lang='grc' dir='ltr'>τίνεις</span> <span class='ocrx_word' id='word_1_492' title='bbox 1416 4521 1505 4596; x_wconf 84' lang='grc' dir='ltr'>δίκην,</span> <span class='ocrx_word' id='word_1_493' title='bbox 1525 4520 1765 4607; x_wconf 61' lang='lat' dir='ltr'>xattwtppum’r</span> 
     </span>
     <span class='ocr_line' id='line_1_46' title="bbox 249 4603 1763 4696; baseline 0.003 -29"><span class='ocrx_word' id='word_1_494' title='bbox 249 4621 304 4667; x_wconf 89' lang='lat' dir='ltr'>tam</span> <span class='ocrx_word' id='word_1_495' title='bbox 321 4628 427 4688; x_wconf 89' lang='lat' dir='ltr'>poenam</span> <span class='ocrx_word' id='word_1_496' title='bbox 448 4603 560 4687; x_wconf 85' lang='lat' dir='ltr'>pendas,</span> <span class='ocrx_word' id='word_1_497' title='bbox 578 4625 611 4663; x_wconf 88' lang='lat' dir='ltr'>ac</span> <span class='ocrx_word' id='word_1_498' title='bbox 635 4626 727 4684; x_wconf 89' lang='lat' dir='ltr'>parem</span> <span class='ocrx_word' id='word_1_499' title='bbox 745 4605 808 4686; x_wconf 90' lang='lat' dir='ltr'>ipsi,</span> <span class='ocrx_word' id='word_1_500' title='bbox 830 4607 886 4666; x_wconf 89' lang='lat' dir='ltr'>imo</span> <span class='ocrx_word' id='word_1_501' title='bbox 904 4627 969 4672; x_wconf 87' lang='lat' dir='ltr'>vero</span> <span class='ocrx_word' id='word_1_502' title='bbox 1022 4635 1085 4685; x_wconf 84' lang='grc' dir='ltr'>της,</span> <span class='ocrx_word' id='word_1_503' title='bbox 1097 4613 1243 4690; x_wconf 72' lang='grc' dir='ltr'>μᾶλλονδὲ</span> <span class='ocrx_word' id='word_1_504' title='bbox 1263 4612 1309 4671; x_wconf 79' lang='grc' dir='ltr'>καί</span> <span class='ocrx_word' id='word_1_505' title='bbox 1322 4613 1413 4692; x_wconf 78' lang='grc' dir='ltr'>πολλῷ</span> <span class='ocrx_word' id='word_1_506' title='bbox 1429 4614 1584 4691; x_wconf 81' lang='grc' dir='ltr'>μείζονα</span> <span class='ocrx_word' id='word_1_507' title='bbox 1549 4639 1604 4676; x_wconf 81' lang='grc' dir='ltr'>των</span> <span class='ocrx_word' id='word_1_508' title='bbox 1617 4615 1763 4696; x_wconf 68' lang='grc' dir='ltr'>άγαθῧνέιν</span> 
     </span>
     <span class='ocr_line' id='line_1_47' title="bbox 125 4671 1761 4785; baseline 0.004 -28"><span class='ocrx_word' id='word_1_509' title='bbox 125 4777 126 4780; x_wconf 12' lang='grc' dir='ltr'>γ</span> <span class='ocrx_word' id='word_1_510' title='bbox 248 4699 342 4758; x_wconf 89' lang='lat' dir='ltr'>multis</span> <span class='ocrx_word' id='word_1_511' title='bbox 361 4697 485 4779; x_wconf 90' lang='lat' dir='ltr'>partibus</span> <span class='ocrx_word' id='word_1_512' title='bbox 503 4696 644 4776; x_wconf 83' lang='lat' dir='ltr'>majorem,</span> <span class='ocrx_word' id='word_1_513' title='bbox 663 4695 797 4756; x_wconf 89' lang='lat' dir='ltr'>bonorum</span> <span class='ocrx_word' id='word_1_514' title='bbox 818 4693 970 4761; x_wconf 85' lang='lat' dir='ltr'>mercedem</span> <span class='ocrx_word' id='word_1_515' title='bbox 1024 4703 1086 4781; x_wconf 78' lang='grc' dir='ltr'>μένε</span> <span class='ocrx_word' id='word_1_516' title='bbox 1089 4727 1111 4770; x_wconf 92' lang='grc' dir='ltr'>ις</span> <span class='ocrx_word' id='word_1_517' title='bbox 1123 4702 1172 4774; x_wconf 75' lang='grc' dir='ltr'>τὴν</span> <span class='ocrx_word' id='word_1_518' title='bbox 1184 4703 1309 4779; x_wconf 67' lang='lat' dir='ltr'>«potet</span> <span class='ocrx_word' id='word_1_519' title='bbox 1324 4704 1378 4763; x_wconf 83' lang='grc' dir='ltr'>Καὶ</span> <span class='ocrx_word' id='word_1_520' title='bbox 1392 4671 1436 4763; x_wconf 76' lang='lat' dir='ltr'>lau</span> <span class='ocrx_word' id='word_1_521' title='bbox 1458 4704 1547 4785; x_wconf 83' lang='grc' dir='ltr'>μαθης</span> <span class='ocrx_word' id='word_1_522' title='bbox 1556 4706 1761 4768; x_wconf 65' lang='lat' dir='ltr'>&amp;remmam</span> 
     </span>
     <span class='ocr_line' id='line_1_48' title="bbox 119 4785 1760 4882; baseline 0.006 -32"><span class='ocrx_word' id='word_1_523' title='bbox 119 4785 123 4793; x_wconf 76' lang='grc'><strong>’</strong></span> <span class='ocrx_word' id='word_1_524' title='bbox 247 4805 394 4872; x_wconf 74' lang='lat' dir='ltr'>exspectes.</span> <span class='ocrx_word' id='word_1_525' title='bbox 411 4792 501 4868; x_wconf 73' lang='lat' dir='ltr'>Atque</span> <span class='ocrx_word' id='word_1_526' title='bbox 513 4801 542 4846; x_wconf 93' lang='lat' dir='ltr'>ut</span> <span class='ocrx_word' id='word_1_527' title='bbox 551 4787 628 4847; x_wconf 76' lang='lat' dir='ltr'>hac</span> <span class='ocrx_word' id='word_1_528' title='bbox 621 4800 658 4846; x_wconf 80' lang='lat' dir='ltr'>ita</span> <span class='ocrx_word' id='word_1_529' title='bbox 670 4809 698 4846; x_wconf 90' lang='lat' dir='ltr'>se</span> <span class='ocrx_word' id='word_1_530' title='bbox 710 4788 809 4849; x_wconf 90' lang='lat' dir='ltr'>babere</span> <span class='ocrx_word' id='word_1_531' title='bbox 820 4790 968 4873; x_wconf 78' lang='lat' dir='ltr'>intelligas,</span> <span class='ocrx_word' id='word_1_532' title='bbox 1022 4796 1120 4878; x_wconf 83' lang='grc' dir='ltr'>ἔχει</span> <span class='ocrx_word' id='word_1_533' title='bbox 1095 4820 1140 4856; x_wconf 86' lang='grc' dir='ltr'>τον</span> <span class='ocrx_word' id='word_1_534' title='bbox 1153 4795 1260 4882; x_wconf 77' lang='grc' dir='ltr'>τρόπον,</span> <span class='ocrx_word' id='word_1_535' title='bbox 1275 4795 1373 4855; x_wconf 77' lang='lat' dir='ltr'>inl</span> <span class='ocrx_word' id='word_1_536' title='bbox 1334 4820 1392 4864; x_wconf 89' lang='grc' dir='ltr'>τους</span> <span class='ocrx_word' id='word_1_537' title='bbox 1408 4797 1522 4866; x_wconf 76' lang='grc' dir='ltr'>ἁλυντας</span> <span class='ocrx_word' id='word_1_538' title='bbox 1533 4799 1626 4859; x_wconf 86' lang='grc' dir='ltr'>λοιπον</span> <span class='ocrx_word' id='word_1_539' title='bbox 1639 4791 1760 4874; x_wconf 59' lang='lat' dir='ltr'>mmai*</span> 
     </span>
     <span class='ocr_line' id='line_1_49' title="bbox 243 4879 1759 4992; baseline -0.002 -49"><span class='ocrx_word' id='word_1_540' title='bbox 243 4906 301 4965; x_wconf 89' lang='lat' dir='ltr'>Jam</span> <span class='ocrx_word' id='word_1_541' title='bbox 314 4882 349 4941; x_wconf 90' lang='lat' dir='ltr'>ad</span> <span class='ocrx_word' id='word_1_542' title='bbox 362 4902 407 4941; x_wconf 88' lang='lat' dir='ltr'>eos</span> <span class='ocrx_word' id='word_1_543' title='bbox 420 4902 467 4959; x_wconf 85' lang='lat' dir='ltr'>qur</span> <span class='ocrx_word' id='word_1_544' title='bbox 460 4879 623 4939; x_wconf 85' lang='lat' dir='ltr'>coaffectu</span> <span class='ocrx_word' id='word_1_545' title='bbox 637 4879 792 4960; x_wconf 86' lang='lat' dir='ltr'>captisunt,</span> <span class='ocrx_word' id='word_1_546' title='bbox 805 4883 970 4962; x_wconf 67' lang='lat' dir='ltr'>confingunt,</span> <span class='ocrx_word' id='word_1_547' title='bbox 1023 4913 1092 4968; x_wconf 71' lang='grc' dir='ltr'>μσς,</span> <span class='ocrx_word' id='word_1_548' title='bbox 1105 4891 1142 4956; x_wconf 81' lang='grc' dir='ltr'>εἰς</span> <span class='ocrx_word' id='word_1_549' title='bbox 1158 4886 1332 4968; x_wconf 81' lang='grc' dir='ltr'>ὃέμπροσθεν</span> <span class='ocrx_word' id='word_1_550' title='bbox 1348 4888 1499 4967; x_wconf 74' lang='grc' dir='ltr'>ἠπειγόμην</span> <span class='ocrx_word' id='word_1_551' title='bbox 1520 4892 1615 4950; x_wconf 65' lang='grc' dir='ltr'>ἐλθεῖν</span> <span class='ocrx_word' id='word_1_552' title='bbox 1630 4885 1759 4992; x_wconf 73' lang='grc' dir='ltr'>Ὁρδρρίν</span> 
     </span>
     <span class='ocr_line' id='line_1_50' title="bbox 246 4971 1753 5064; baseline 0.001 -29"><span class='ocrx_word' id='word_1_553' title='bbox 246 4972 605 5057; x_wconf 86' lang='lat' dir='ltr'>quoscilicctpriusnostra</span> <span class='ocrx_word' id='word_1_554' title='bbox 619 4971 760 5064; x_wconf 77' lang='lat' dir='ltr'>festinabat</span> <span class='ocrx_word' id='word_1_555' title='bbox 774 4973 873 5034; x_wconf 88' lang='lat' dir='ltr'>oratio.</span> <span class='ocrx_word' id='word_1_556' title='bbox 891 4977 970 5039; x_wconf 86' lang='lat' dir='ltr'>Plebs</span> <span class='ocrx_word' id='word_1_557' title='bbox 1018 4979 1156 5062; x_wconf 76' lang='grc' dir='ltr'>Ἔὸραίων</span> <span class='ocrx_word' id='word_1_558' title='bbox 1171 4979 1268 5058; x_wconf 79' lang='grc' dir='ltr'>δῆμος,</span> <span class='ocrx_word' id='word_1_559' title='bbox 1290 4979 1409 5047; x_wconf 80' lang='grc' dir='ltr'>Μωσέως</span> <span class='ocrx_word' id='word_1_560' title='bbox 1434 4979 1555 5051; x_wconf 76' lang='grc' dir='ltr'>ἐλθόντος</span> <span class='ocrx_word' id='word_1_561' title='bbox 1581 4981 1626 5041; x_wconf 75' lang='grc' dir='ltr'>καί</span> <span class='ocrx_word' id='word_1_562' title='bbox 1643 4972 1753 5054; x_wconf 64' lang='lat' dir='ltr'>asupio</span> 
     </span>
    </p>
   </div>
   <div class='ocr_carea' id='block_1_3' title="bbox 277 5138 1351 5283">
    <p class='ocr_par' dir='ltr' id='par_1_18' title="bbox 277 5138 1351 5283">
     <span class='ocr_line' id='line_1_51' title="bbox 277 5138 1351 5212; baseline 0.004 -26"><span class='ocrx_word' id='word_1_563' title='bbox 277 5138 291 5176; x_wconf 70' lang='lat' dir='ltr'>b</span> <span class='ocrx_word' id='word_1_564' title='bbox 306 5139 362 5188; x_wconf 87' lang='lat' dir='ltr'>Duo</span> <span class='ocrx_word' id='word_1_565' title='bbox 372 5139 430 5190; x_wconf 78' lang='lat' dir='ltr'>llat-</span> <span class='ocrx_word' id='word_1_566' title='bbox 443 5143 482 5192; x_wconf 73' lang='lat' dir='ltr'>ola</span> <span class='ocrx_word' id='word_1_567' title='bbox 493 5145 521 5192; x_wconf 81' lang='grc' dir='ltr'>άν</span> <span class='ocrx_word' id='word_1_568' title='bbox 530 5145 629 5206; x_wconf 74' lang='grc' dir='ltr'>συγχυθῇ</span> <span class='ocrx_word' id='word_1_569' title='bbox 639 5144 678 5191; x_wconf 77' lang='grc' dir='ltr'>καί</span> <span class='ocrx_word' id='word_1_570' title='bbox 688 5142 822 5192; x_wconf 75' lang='grc' dir='ltr'>καταπίνει.</span> <span class='ocrx_word' id='word_1_571' title='bbox 1029 5149 1124 5212; x_wconf 67' lang='lat' dir='ltr'>repud-5</span> <span class='ocrx_word' id='word_1_572' title='bbox 1135 5143 1247 5202; x_wconf 74' lang='grc' dir='ltr'>ἔκιναὺσης</span> <span class='ocrx_word' id='word_1_573' title='bbox 1256 5139 1351 5192; x_wconf 83' lang='lat' dir='ltr'>deerat.</span> 
     </span>
     <span class='ocr_line' id='line_1_52' title="bbox 277 5213 1006 5283; baseline 0.011 -22"><span class='ocrx_word' id='word_1_574' title='bbox 277 5232 287 5261; x_wconf 88' lang='grc' dir='ltr'>ι</span> <span class='ocrx_word' id='word_1_575' title='bbox 304 5215 346 5267; x_wconf 86' lang='lat' dir='ltr'>Sic</span> <span class='ocrx_word' id='word_1_576' title='bbox 358 5213 433 5270; x_wconf 81' lang='lat' dir='ltr'>iidem</span> <span class='ocrx_word' id='word_1_577' title='bbox 449 5216 507 5265; x_wconf 69' lang='lat' dir='ltr'>blaa.</span> <span class='ocrx_word' id='word_1_578' title='bbox 520 5226 595 5283; x_wconf 82' lang='lat' dir='ltr'>atque</span> <span class='ocrx_word' id='word_1_579' title='bbox 613 5215 648 5265; x_wconf 78' lang='lat' dir='ltr'>ite</span> <span class='ocrx_word' id='word_1_580' title='bbox 666 5213 727 5282; x_wconf 86' lang='lat' dir='ltr'>legit</span> <span class='ocrx_word' id='word_1_581' title='bbox 738 5216 874 5281; x_wconf 81' lang='lat' dir='ltr'>Interpres.</span> <span class='ocrx_word' id='word_1_582' title='bbox 886 5217 917 5267; x_wconf 89' lang='lat' dir='ltr'>In</span> <span class='ocrx_word' id='word_1_583' title='bbox 929 5216 1006 5270; x_wconf 81' lang='lat' dir='ltr'>ildito</span> 
     </span>
    </p>
   </div>
   <div class='ocr_carea' id='block_1_4' title="bbox 0 0 1910 6000">
    <p class='ocr_par' dir='ltr' id='par_1_19' title="bbox 0 0 1910 6000">
     <span class='ocr_line' id='line_1_53' title="bbox 0 0 1910 6000; baseline 0 4"><span class='ocrx_word' id='word_1_584' title='bbox 0 0 1910 6000; x_wconf 95' lang='lat' dir='ltr'> </span> 
     </span>
    </p>
   </div>
  </div>
 </body>
</html>
