<?xml version="1.0" encoding="UTF-8"?>
<!DOCTYPE html PUBLIC "-//W3C//DTD XHTML 1.0 Transitional//EN"
    "http://www.w3.org/TR/xhtml1/DTD/xhtml1-transitional.dtd">
<html xmlns="http://www.w3.org/1999/xhtml" xml:lang="en" lang="en">
 <head>
  <title>
</title>
<meta http-equiv="Content-Type" content="text/html;charset=utf-8" />
  <meta name='ocr-system' content='tesseract 3.04.00' />
  <meta name='ocr-capabilities' content='ocr_page ocr_carea ocr_par ocr_line ocrx_word'/>
</head>
<body>
  <div class='ocr_page' id='page_1' title='image "./sanctipatrisnos03chrygoog_0824.png"; bbox 0 0 3764 5992; ppageno 0'>
   <div class='ocr_carea' id='block_1_1' title="bbox 260 392 1513 490">
    <p class='ocr_par' dir='ltr' id='par_1_1' title="bbox 260 392 1513 490">
     <span class='ocr_line' id='line_1_1' title="bbox 260 392 1513 490; baseline -0.002 -3"><span class='ocrx_word' id='word_1_1' title='bbox 260 416 334 490; x_wconf 80' lang='lat'><strong>816</strong></span> <span class='ocrx_word' id='word_1_2' title='bbox 601 435 631 484; x_wconf 91' lang='lat' dir='ltr'><strong>s.</strong></span> <span class='ocrx_word' id='word_1_3' title='bbox 658 392 798 483; x_wconf 75' lang='lat' dir='ltr'><strong>solutus</strong></span> <span class='ocrx_word' id='word_1_4' title='bbox 825 430 1009 479; x_wconf 76' lang='lat' dir='ltr'><strong>cunusosr.</strong></span> <span class='ocrx_word' id='word_1_5' title='bbox 1039 431 1196 487; x_wconf 73' lang='lat' dir='ltr'><strong>incatur.</strong></span> <span class='ocrx_word' id='word_1_6' title='bbox 1225 435 1513 488; x_wconf 77' lang='lat' dir='ltr'><strong>cossraururon.</strong></span> 
     </span>
    </p>
   </div>
   <div class='ocr_carea' id='block_1_2' title="bbox 176 556 1874 2831">
    <p class='ocr_par' dir='ltr' id='par_1_2' title="bbox 176 556 1874 2831">
     <span class='ocr_line' id='line_1_2' title="bbox 259 556 1820 649; baseline 0.003 -27"><span class='ocrx_word' id='word_1_7' title='bbox 259 584 322 646; x_wconf 88' lang='lat' dir='ltr'><strong>pere</strong></span> <span class='ocrx_word' id='word_1_8' title='bbox 335 561 510 637; x_wconf 79' lang='lat' dir='ltr'><strong>exsultamus,</strong></span> <span class='ocrx_word' id='word_1_9' title='bbox 526 559 562 620; x_wconf 94' lang='lat' dir='ltr'><strong>ob</strong></span> <span class='ocrx_word' id='word_1_10' title='bbox 575 573 650 618; x_wconf 90' lang='lat' dir='ltr'><strong>tuam</strong></span> <span class='ocrx_word' id='word_1_11' title='bbox 661 556 820 638; x_wconf 79' lang='lat' dir='ltr'><strong>amicitiam,</strong></span> <span class='ocrx_word' id='word_1_12' title='bbox 838 569 977 634; x_wconf 78' lang='lat' dir='ltr'><strong>tamquam</strong></span> <span class='ocrx_word' id='word_1_13' title='bbox 1033 558 1272 640; x_wconf 85' lang='grc' dir='ltr'>μεγαλαπρεπείας.</span> <span class='ocrx_word' id='word_1_14' title='bbox 1286 563 1401 638; x_wconf 74' lang='grc' dir='ltr'>Ἐπειδὴ</span> <span class='ocrx_word' id='word_1_15' title='bbox 1414 563 1444 626; x_wconf 78' lang='grc' dir='ltr'>δί</span> <span class='ocrx_word' id='word_1_16' title='bbox 1456 564 1509 624; x_wconf 87' lang='grc' dir='ltr'><strong>καλ</strong></span> <span class='ocrx_word' id='word_1_17' title='bbox 1523 564 1615 647; x_wconf 78' lang='grc' dir='ltr'>εύχδς</span> <span class='ocrx_word' id='word_1_18' title='bbox 1626 563 1677 634; x_wconf 81' lang='grc' dir='ltr'><strong>τδς</strong></span> <span class='ocrx_word' id='word_1_19' title='bbox 1690 568 1752 649; x_wconf 80' lang='grc' dir='ltr'>παρ’</span> <span class='ocrx_word' id='word_1_20' title='bbox 1761 575 1820 648; x_wconf 70' lang='grc' dir='ltr'>ἡμῖν,</span> 
     </span>
     <span class='ocr_line' id='line_1_3' title="bbox 260 645 1823 742; baseline 0.004 -28"><span class='ocrx_word' id='word_1_21' title='bbox 260 656 297 715; x_wconf 95' lang='lat' dir='ltr'><strong>ob</strong></span> <span class='ocrx_word' id='word_1_22' title='bbox 319 652 492 734; x_wconf 87' lang='lat' dir='ltr'><strong>splendidam</strong></span> <span class='ocrx_word' id='word_1_23' title='bbox 513 670 639 710; x_wconf 88' lang='lat' dir='ltr'><strong>coronam</strong></span> <span class='ocrx_word' id='word_1_24' title='bbox 663 647 816 729; x_wconf 77' lang='lat' dir='ltr'><strong>gloriantes.</strong></span> <span class='ocrx_word' id='word_1_25' title='bbox 839 645 978 718; x_wconf 80' lang='lat' dir='ltr'><strong>Quoniam</strong></span> <span class='ocrx_word' id='word_1_26' title='bbox 995 652 1014 699; x_wconf 88' lang='grc' dir='ltr'><strong>Β</strong></span> <span class='ocrx_word' id='word_1_27' title='bbox 1033 650 1155 718; x_wconf 77' lang='grc' dir='ltr'><strong>ἀπαιτεῖς</strong></span> <span class='ocrx_word' id='word_1_28' title='bbox 1168 651 1212 710; x_wconf 78' lang='grc' dir='ltr'><strong>διδ</strong></span> <span class='ocrx_word' id='word_1_29' title='bbox 1224 656 1278 713; x_wconf 85' lang='grc' dir='ltr'><strong>τῶν</strong></span> <span class='ocrx_word' id='word_1_30' title='bbox 1293 656 1482 735; x_wconf 77' lang='grc' dir='ltr'>γραμμάτων,</span> <span class='ocrx_word' id='word_1_31' title='bbox 1505 658 1636 735; x_wconf 83' lang='grc' dir='ltr'>μάνθανε</span> <span class='ocrx_word' id='word_1_32' title='bbox 1657 657 1701 719; x_wconf 77' lang='grc' dir='ltr'><strong>ὅτι</strong></span> <span class='ocrx_word' id='word_1_33' title='bbox 1720 661 1764 719; x_wconf 82' lang='grc' dir='ltr'><strong>καὶ</strong></span> <span class='ocrx_word' id='word_1_34' title='bbox 1783 667 1823 742; x_wconf 69' lang='grc' dir='ltr'>πρὸ</span> 
     </span>
     <span class='ocr_line' id='line_1_4' title="bbox 261 730 1871 831; baseline 0.004 -26"><span class='ocrx_word' id='word_1_35' title='bbox 261 759 353 805; x_wconf 71' lang='lat' dir='ltr'><strong>atatem</strong></span> <span class='ocrx_word' id='word_1_36' title='bbox 367 764 459 825; x_wconf 79' lang='lat' dir='ltr'>preces</span> <span class='ocrx_word' id='word_1_37' title='bbox 472 763 580 822; x_wconf 88' lang='lat' dir='ltr'><strong>quoque</strong></span> <span class='ocrx_word' id='word_1_38' title='bbox 594 762 610 800; x_wconf 90' lang='lat' dir='ltr'><strong>a</strong></span> <span class='ocrx_word' id='word_1_39' title='bbox 623 740 763 821; x_wconf 89' lang='lat' dir='ltr'><strong>nobisper</strong></span> <span class='ocrx_word' id='word_1_40' title='bbox 776 739 868 798; x_wconf 86' lang='lat' dir='ltr'><strong>literas</strong></span> <span class='ocrx_word' id='word_1_41' title='bbox 889 758 977 818; x_wconf 85' lang='lat' dir='ltr'><strong>expo-</strong></span> <span class='ocrx_word' id='word_1_42' title='bbox 1033 745 1086 800; x_wconf 81' lang='grc' dir='ltr'><strong>τῶν</strong></span> <span class='ocrx_word' id='word_1_43' title='bbox 1099 742 1267 822; x_wconf 79' lang='grc' dir='ltr'>γραμμάτων</span> <span class='ocrx_word' id='word_1_44' title='bbox 1281 746 1381 807; x_wconf 86' lang='grc' dir='ltr'>τούτων</span> <span class='ocrx_word' id='word_1_45' title='bbox 1403 751 1456 808; x_wconf 67' lang='lat' dir='ltr'><strong>oisc</strong></span> <span class='ocrx_word' id='word_1_46' title='bbox 1472 749 1669 828; x_wconf 74' lang='grc' dir='ltr'>ἐπαυσάμεθα</span> <span class='ocrx_word' id='word_1_47' title='bbox 1687 753 1821 831; x_wconf 73' lang='grc' dir='ltr'>εὐχόμεναι,</span> <span class='ocrx_word' id='word_1_48' title='bbox 1868 730 1871 755; x_wconf 65' lang='lat'><strong>¹</strong></span> 
     </span>
     <span class='ocr_line' id='line_1_5' title="bbox 261 828 1824 922; baseline 0.004 -26"><span class='ocrx_word' id='word_1_49' title='bbox 261 837 325 912; x_wconf 87' lang='lat' dir='ltr'><strong>scis,</strong></span> <span class='ocrx_word' id='word_1_50' title='bbox 338 835 422 896; x_wconf 86' lang='lat' dir='ltr'><strong>velim</strong></span> <span class='ocrx_word' id='word_1_51' title='bbox 437 831 584 913; x_wconf 77' lang='lat' dir='ltr'><strong>intelligas,</strong></span> <span class='ocrx_word' id='word_1_52' title='bbox 599 853 648 892; x_wconf 90' lang='lat' dir='ltr'><strong>nos</strong></span> <span class='ocrx_word' id='word_1_53' title='bbox 669 853 702 891; x_wconf 90' lang='lat' dir='ltr'><strong>ne</strong></span> <span class='ocrx_word' id='word_1_54' title='bbox 723 844 785 890; x_wconf 90' lang='lat' dir='ltr'><strong>ante</strong></span> <span class='ocrx_word' id='word_1_55' title='bbox 805 831 855 889; x_wconf 87' lang='lat' dir='ltr'><strong>has</strong></span> <span class='ocrx_word' id='word_1_56' title='bbox 868 828 978 909; x_wconf 86' lang='lat' dir='ltr'><strong>quidem</strong></span> <span class='ocrx_word' id='word_1_57' title='bbox 1033 831 1082 905; x_wconf 72' lang='grc' dir='ltr'><strong>τὴν</strong></span> <span class='ocrx_word' id='word_1_58' title='bbox 1097 835 1217 912; x_wconf 79' lang='grc' dir='ltr'>μεγαλην</span> <span class='ocrx_word' id='word_1_59' title='bbox 1235 834 1304 896; x_wconf 80' lang='grc' dir='ltr'>αύτω</span> <span class='ocrx_word' id='word_1_60' title='bbox 1318 838 1364 897; x_wconf 82' lang='grc' dir='ltr'><strong>καί</strong></span> <span class='ocrx_word' id='word_1_61' title='bbox 1378 838 1534 921; x_wconf 76' lang='grc' dir='ltr'>φιλόσοφον</span> <span class='ocrx_word' id='word_1_62' title='bbox 1559 839 1660 922; x_wconf 72' lang='grc' dir='ltr'>ψυχὴν</span> <span class='ocrx_word' id='word_1_63' title='bbox 1679 843 1824 903; x_wconf 71' lang='grc' dir='ltr'>ίδιῑιτελω</span> 
     </span>
     <span class='ocr_line' id='line_1_6' title="bbox 259 920 1823 1013; baseline 0.004 -26"><span class='ocrx_word' id='word_1_64' title='bbox 259 928 352 988; x_wconf 84' lang='lat' dir='ltr'><strong>literas</strong></span> <span class='ocrx_word' id='word_1_65' title='bbox 369 939 432 989; x_wconf 87' lang='lat' dir='ltr'><strong>vota</strong></span> <span class='ocrx_word' id='word_1_66' title='bbox 446 926 534 985; x_wconf 83' lang='lat' dir='ltr'><strong>facere</strong></span> <span class='ocrx_word' id='word_1_67' title='bbox 558 923 704 999; x_wconf 82' lang='lat' dir='ltr'><strong>destitisse,</strong></span> <span class='ocrx_word' id='word_1_68' title='bbox 719 935 749 981; x_wconf 94' lang='lat' dir='ltr'><strong>ut</strong></span> <span class='ocrx_word' id='word_1_69' title='bbox 763 920 882 981; x_wconf 87' lang='lat' dir='ltr'><strong>animam</strong></span> <span class='ocrx_word' id='word_1_70' title='bbox 894 940 979 998; x_wconf 90' lang='lat' dir='ltr'><strong>usque</strong></span> <span class='ocrx_word' id='word_1_71' title='bbox 1036 923 1117 1003; x_wconf 87' lang='grc' dir='ltr'>μένην</span> <span class='ocrx_word' id='word_1_72' title='bbox 1145 925 1249 1006; x_wconf 65' lang='grc' dir='ltr'>παγίως</span> <span class='ocrx_word' id='word_1_73' title='bbox 1269 927 1318 1001; x_wconf 68' lang='grc' dir='ltr'><strong>τὴν</strong></span> <span class='ocrx_word' id='word_1_74' title='bbox 1343 929 1418 1009; x_wconf 81' lang='grc' dir='ltr'>ίερίιν</span> <span class='ocrx_word' id='word_1_75' title='bbox 1443 932 1580 1008; x_wconf 73' lang='grc' dir='ltr'>τελετὴν,</span> <span class='ocrx_word' id='word_1_76' title='bbox 1610 933 1662 992; x_wconf 83' lang='grc' dir='ltr'><strong>καί</strong></span> <span class='ocrx_word' id='word_1_77' title='bbox 1686 938 1742 994; x_wconf 75' lang='grc' dir='ltr'><strong>τῶν</strong></span> <span class='ocrx_word' id='word_1_78' title='bbox 1764 939 1823 1013; x_wconf 79' lang='grc' dir='ltr'>ίιρῖω</span> 
     </span>
     <span class='ocr_line' id='line_1_7' title="bbox 176 1011 1824 1107; baseline 0.003 -28"><span class='ocrx_word' id='word_1_79' title='bbox 176 1056 185 1067; x_wconf 88' lang='grc'><strong>-</strong></span> <span class='ocrx_word' id='word_1_80' title='bbox 262 1018 330 1080; x_wconf 84' lang='lat' dir='ltr'><strong>adeo</strong></span> <span class='ocrx_word' id='word_1_81' title='bbox 350 1037 477 1098; x_wconf 83' lang='lat' dir='ltr'><strong>magnam</strong></span> <span class='ocrx_word' id='word_1_82' title='bbox 491 1030 517 1076; x_wconf 93' lang='lat' dir='ltr'><strong>et</strong></span> <span class='ocrx_word' id='word_1_83' title='bbox 531 1015 747 1098; x_wconf 90' lang='lat' dir='ltr'><strong>philosophicam</strong></span> <span class='ocrx_word' id='word_1_84' title='bbox 761 1013 844 1074; x_wconf 87' lang='lat' dir='ltr'><strong>sacris</strong></span> <span class='ocrx_word' id='word_1_85' title='bbox 866 1011 979 1087; x_wconf 88' lang='lat' dir='ltr'><strong>initiari,</strong></span> <span class='ocrx_word' id='word_1_86' title='bbox 1035 1015 1140 1076; x_wconf 78' lang='grc' dir='ltr'>ἐκείνων</span> <span class='ocrx_word' id='word_1_87' title='bbox 1157 1016 1203 1077; x_wconf 83' lang='grc' dir='ltr'><strong>καί</strong></span> <span class='ocrx_word' id='word_1_88' title='bbox 1219 1022 1336 1098; x_wconf 81' lang='grc' dir='ltr'>φρικτῶν</span> <span class='ocrx_word' id='word_1_89' title='bbox 1349 1022 1576 1102; x_wconf 81' lang='grc' dir='ltr'>καταξιουμένην</span> <span class='ocrx_word' id='word_1_90' title='bbox 1595 1025 1768 1107; x_wconf 80' lang='grc' dir='ltr'>μυσιηρίωι.</span> <span class='ocrx_word' id='word_1_91' title='bbox 1781 1029 1824 1086; x_wconf 70' lang='lat' dir='ltr'><strong>[ts</strong></span> 
     </span>
     <span class='ocr_line' id='line_1_8' title="bbox 261 1101 1824 1193; baseline 0.004 -23"><span class='ocrx_word' id='word_1_92' title='bbox 261 1132 294 1170; x_wconf 89' lang='lat' dir='ltr'><strong>ac</strong></span> <span class='ocrx_word' id='word_1_93' title='bbox 308 1108 483 1170; x_wconf 83' lang='lat' dir='ltr'><strong>sacrosanctis</strong></span> <span class='ocrx_word' id='word_1_94' title='bbox 502 1107 559 1168; x_wconf 82' lang='lat' dir='ltr'><strong>illis</strong></span> <span class='ocrx_word' id='word_1_95' title='bbox 572 1104 769 1184; x_wconf 76' lang='lat' dir='ltr'><strong>comendisque</strong></span> <span class='ocrx_word' id='word_1_96' title='bbox 784 1102 921 1187; x_wconf 75' lang='lat' dir='ltr'><strong>mysteriis</strong></span> <span class='ocrx_word' id='word_1_97' title='bbox 929 1101 979 1161; x_wconf 85' lang='lat' dir='ltr'><strong>(lo-</strong></span> <span class='ocrx_word' id='word_1_98' title='bbox 1033 1104 1132 1167; x_wconf 84' lang='grc' dir='ltr'>τούτων</span> <span class='ocrx_word' id='word_1_99' title='bbox 1147 1109 1301 1188; x_wconf 80' lang='grc' dir='ltr'>δυνηθῶμεν</span> <span class='ocrx_word' id='word_1_100' title='bbox 1323 1121 1472 1193; x_wconf 77' lang='grc' dir='ltr'>μετασχεῖν</span> <span class='ocrx_word' id='word_1_101' title='bbox 1494 1118 1554 1174; x_wconf 84' lang='grc' dir='ltr'><strong>τῶν</strong></span> <span class='ocrx_word' id='word_1_102' title='bbox 1572 1115 1758 1192; x_wconf 74' lang='grc' dir='ltr'>εὐαγγελίων,</span> <span class='ocrx_word' id='word_1_103' title='bbox 1773 1115 1824 1177; x_wconf 65' lang='lat' dir='ltr'><strong>&#39;mi</strong></span> 
     </span>
     <span class='ocr_line' id='line_1_9' title="bbox 261 1193 1825 1286; baseline 0.003 -24"><span class='ocrx_word' id='word_1_104' title='bbox 261 1201 322 1263; x_wconf 86' lang='lat' dir='ltr'><strong>uari</strong></span> <span class='ocrx_word' id='word_1_105' title='bbox 341 1201 566 1282; x_wconf 85' lang='lat' dir='ltr'><strong>conspiceremus.</strong></span> <span class='ocrx_word' id='word_1_106' title='bbox 584 1204 626 1258; x_wconf 80' lang='lat' dir='ltr'><strong>Ac</strong></span> <span class='ocrx_word' id='word_1_107' title='bbox 636 1199 660 1258; x_wconf 91' lang='lat' dir='ltr'><strong>si</strong></span> <span class='ocrx_word' id='word_1_108' title='bbox 673 1197 751 1257; x_wconf 87' lang='lat' dir='ltr'><strong>nobis</strong></span> <span class='ocrx_word' id='word_1_109' title='bbox 773 1196 869 1256; x_wconf 80' lang='lat' dir='ltr'><strong>laetum</strong></span> <span class='ocrx_word' id='word_1_110' title='bbox 885 1193 979 1275; x_wconf 89' lang='lat' dir='ltr'><strong>hujus·</strong></span> <span class='ocrx_word' id='word_1_111' title='bbox 1035 1201 1083 1270; x_wconf 73' lang='grc' dir='ltr'><strong>τῆς</strong></span> <span class='ocrx_word' id='word_1_112' title='bbox 1100 1197 1201 1279; x_wconf 80' lang='grc' dir='ltr'>ίξορίας</span> <span class='ocrx_word' id='word_1_113' title='bbox 1217 1200 1414 1281; x_wconf 74' lang='grc' dir='ltr'>ἀπηλλάγμεθα</span> <span class='ocrx_word' id='word_1_114' title='bbox 1431 1203 1553 1280; x_wconf 77' lang='grc' dir='ltr'>ταύτης,</span> <span class='ocrx_word' id='word_1_115' title='bbox 1582 1206 1637 1265; x_wconf 78' lang='grc' dir='ltr'><strong>καί</strong></span> <span class='ocrx_word' id='word_1_116' title='bbox 1660 1211 1712 1279; x_wconf 82' lang='grc' dir='ltr'>εῆς</span> <span class='ocrx_word' id='word_1_117' title='bbox 1732 1209 1825 1286; x_wconf 77' lang='grc' dir='ltr'>ἐρημίας</span> 
     </span>
     <span class='ocr_line' id='line_1_10' title="bbox 262 1286 1823 1376; baseline 0.001 -22"><span class='ocrx_word' id='word_1_118' title='bbox 262 1294 338 1356; x_wconf 90' lang='lat' dir='ltr'><strong>modi</strong></span> <span class='ocrx_word' id='word_1_119' title='bbox 352 1293 478 1354; x_wconf 90' lang='lat' dir='ltr'><strong>nuntium</strong></span> <span class='ocrx_word' id='word_1_120' title='bbox 490 1294 610 1375; x_wconf 86' lang='lat' dir='ltr'><strong>accipere</strong></span> <span class='ocrx_word' id='word_1_121' title='bbox 618 1291 805 1372; x_wconf 85' lang='lat' dir='ltr'><strong>liceat,&#39;jamet</strong></span> <span class='ocrx_word' id='word_1_122' title='bbox 818 1289 871 1349; x_wconf 88' lang='lat' dir='ltr'><strong>boc</strong></span> <span class='ocrx_word' id='word_1_123' title='bbox 883 1286 981 1348; x_wconf 84' lang='lat' dir='ltr'><strong>exsilio</strong></span> <span class='ocrx_word' id='word_1_124' title='bbox 1035 1290 1231 1369; x_wconf 69' lang='grc' dir='ltr'>ἐπιλελήσμεθα</span> <span class='ocrx_word' id='word_1_125' title='bbox 1238 1337 1247 1367; x_wconf 89' lang='grc'>,</span> <span class='ocrx_word' id='word_1_126' title='bbox 1263 1292 1310 1352; x_wconf 80' lang='grc' dir='ltr'><strong>καί</strong></span> <span class='ocrx_word' id='word_1_127' title='bbox 1324 1298 1373 1366; x_wconf 82' lang='grc' dir='ltr'><strong>τῆς</strong></span> <span class='ocrx_word' id='word_1_128' title='bbox 1390 1299 1560 1373; x_wconf 81' lang='grc' dir='ltr'>σωματικῆς</span> <span class='ocrx_word' id='word_1_129' title='bbox 1577 1297 1742 1370; x_wconf 73' lang='grc' dir='ltr'>ἀσθενείας,</span> <span class='ocrx_word' id='word_1_130' title='bbox 1756 1290 1823 1376; x_wconf 64' lang='grc' dir='ltr'>ᾔει·</span> 
     </span>
     <span class='ocr_line' id='line_1_11' title="bbox 262 1378 1825 1468; baseline 0.003 -22"><span class='ocrx_word' id='word_1_131' title='bbox 262 1385 371 1446; x_wconf 86' lang='lat' dir='ltr'><strong>lrberati</strong></span> <span class='ocrx_word' id='word_1_132' title='bbox 382 1385 492 1462; x_wconf 85' lang='lat' dir='ltr'><strong>erimus,</strong></span> <span class='ocrx_word' id='word_1_133' title='bbox 504 1397 530 1445; x_wconf 88' lang='lat' dir='ltr'><strong>et</strong></span> <span class='ocrx_word' id='word_1_134' title='bbox 540 1380 858 1445; x_wconf 87' lang='lat' dir='ltr'><strong>solitudinismemoriam</strong></span> <span class='ocrx_word' id='word_1_135' title='bbox 866 1378 980 1459; x_wconf 90' lang='lat' dir='ltr'><strong>depone·</strong></span> <span class='ocrx_word' id='word_1_136' title='bbox 1035 1378 1145 1459; x_wconf 79' lang='grc' dir='ltr'>λαίομαν</span> <span class='ocrx_word' id='word_1_137' title='bbox 1167 1388 1222 1457; x_wconf 78' lang='grc' dir='ltr'>νῦν,</span> <span class='ocrx_word' id='word_1_138' title='bbox 1239 1383 1454 1466; x_wconf 84' lang='grc' dir='ltr'>ἠλιυθερύιμιθα.</span> <span class='ocrx_word' id='word_1_139' title='bbox 1483 1386 1541 1446; x_wconf 83' lang='grc' dir='ltr'><strong>Καί</strong></span> <span class='ocrx_word' id='word_1_140' title='bbox 1569 1379 1637 1449; x_wconf 80' lang='grc' dir='ltr'>οἶδα</span> <span class='ocrx_word' id='word_1_141' title='bbox 1663 1389 1716 1468; x_wconf 81' lang='grc' dir='ltr'><strong>μίν</strong></span> <span class='ocrx_word' id='word_1_142' title='bbox 1736 1388 1775 1449; x_wconf 72' lang='lat' dir='ltr'><strong>sn</strong></span> <span class='ocrx_word' id='word_1_143' title='bbox 1794 1415 1825 1450; x_wconf 85' lang='grc' dir='ltr'><strong>αυι</strong></span> 
     </span>
     <span class='ocr_line' id='line_1_12' title="bbox 262 1472 1825 1560; baseline 0.003 -23"><span class='ocrx_word' id='word_1_144' title='bbox 262 1498 334 1553; x_wconf 69' lang='lat' dir='ltr'><strong>mus,</strong></span> <span class='ocrx_word' id='word_1_145' title='bbox 357 1491 384 1537; x_wconf 89' lang='lat' dir='ltr'><strong>et</strong></span> <span class='ocrx_word' id='word_1_146' title='bbox 408 1476 529 1558; x_wconf 86' lang='lat' dir='ltr'><strong>corporis</strong></span> <span class='ocrx_word' id='word_1_147' title='bbox 554 1473 751 1549; x_wconf 77' lang='lat' dir='ltr'><strong>imbecillitate,</strong></span> <span class='ocrx_word' id='word_1_148' title='bbox 766 1492 828 1532; x_wconf 92' lang='lat' dir='ltr'><strong>cum</strong></span> <span class='ocrx_word' id='word_1_149' title='bbox 842 1487 983 1550; x_wconf 72' lang='lat' dir='ltr'><strong>quantum</strong></span> <span class='ocrx_word' id='word_1_150' title='bbox 999 1475 1018 1524; x_wconf 83' lang='lat' dir='ltr'><strong>G</strong></span> <span class='ocrx_word' id='word_1_151' title='bbox 1038 1472 1155 1548; x_wconf 81' lang='grc' dir='ltr'>σπωδὴ,</span> <span class='ocrx_word' id='word_1_152' title='bbox 1173 1473 1289 1536; x_wconf 86' lang='grc' dir='ltr'>δίσπυτά</span> <span class='ocrx_word' id='word_1_153' title='bbox 1315 1499 1366 1554; x_wconf 81' lang='grc' dir='ltr'><strong>μου</strong></span> <span class='ocrx_word' id='word_1_154' title='bbox 1378 1477 1620 1556; x_wconf 75' lang='grc' dir='ltr'>θαυμασιώτατε,</span> <span class='ocrx_word' id='word_1_155' title='bbox 1643 1481 1695 1540; x_wconf 80' lang='grc' dir='ltr'><strong>καί</strong></span> <span class='ocrx_word' id='word_1_156' title='bbox 1716 1484 1825 1560; x_wconf 68' lang='grc' dir='ltr'>ἐπιθυμία</span> 
     </span>
     <span class='ocr_line' id='line_1_13' title="bbox 263 1559 1825 1654; baseline -0.001 -25"><span class='ocrx_word' id='word_1_157' title='bbox 263 1568 342 1629; x_wconf 86' lang='lat' dir='ltr'><strong>nobis</strong></span> <span class='ocrx_word' id='word_1_158' title='bbox 362 1581 497 1628; x_wconf 86' lang='lat' dir='ltr'><strong>certamen</strong></span> <span class='ocrx_word' id='word_1_159' title='bbox 509 1580 560 1644; x_wconf 81' lang='lat' dir='ltr'><strong>est,</strong></span> <span class='ocrx_word' id='word_1_160' title='bbox 574 1567 677 1627; x_wconf 89' lang='lat' dir='ltr'><strong>solutos</strong></span> <span class='ocrx_word' id='word_1_161' title='bbox 695 1584 744 1624; x_wconf 89' lang='lat' dir='ltr'><strong>nos</strong></span> <span class='ocrx_word' id='word_1_162' title='bbox 757 1583 814 1622; x_wconf 76' lang='lat' dir='ltr'><strong>csse</strong></span> <span class='ocrx_word' id='word_1_163' title='bbox 839 1559 981 1620; x_wconf 86' lang='lat' dir='ltr'><strong>ducemus.</strong></span> <span class='ocrx_word' id='word_1_164' title='bbox 1039 1563 1083 1624; x_wconf 88' lang='grc' dir='ltr'>διδι</span> <span class='ocrx_word' id='word_1_165' title='bbox 1093 1567 1142 1636; x_wconf 80' lang='grc' dir='ltr'><strong>τῆς</strong></span> <span class='ocrx_word' id='word_1_166' title='bbox 1152 1565 1285 1647; x_wconf 78' lang='grc' dir='ltr'>ἡμετίρας</span> <span class='ocrx_word' id='word_1_167' title='bbox 1298 1568 1465 1649; x_wconf 85' lang='grc' dir='ltr'>βραχύτητας</span> <span class='ocrx_word' id='word_1_168' title='bbox 1477 1573 1534 1631; x_wconf 81' lang='grc' dir='ltr'><strong>τῶν</strong></span> <span class='ocrx_word' id='word_1_169' title='bbox 1551 1573 1730 1654; x_wconf 74' lang='grc' dir='ltr'>ἀπορρήτων</span> <span class='ocrx_word' id='word_1_170' title='bbox 1743 1575 1825 1634; x_wconf 63' lang='grc' dir='ltr'>ναίων</span> 
     </span>
     <span class='ocr_line' id='line_1_14' title="bbox 263 1650 1825 1739; baseline 0.004 -20"><span class='ocrx_word' id='word_1_171' title='bbox 263 1661 321 1719; x_wconf 90' lang='lat' dir='ltr'><strong>Nec</strong></span> <span class='ocrx_word' id='word_1_172' title='bbox 334 1680 399 1719; x_wconf 84' lang='lat' dir='ltr'><strong>vero</strong></span> <span class='ocrx_word' id='word_1_173' title='bbox 408 1658 480 1718; x_wconf 92' lang='lat' dir='ltr'><strong>illud</strong></span> <span class='ocrx_word' id='word_1_174' title='bbox 493 1658 571 1718; x_wconf 87' lang='lat' dir='ltr'><strong>nobis</strong></span> <span class='ocrx_word' id='word_1_175' title='bbox 578 1656 694 1716; x_wconf 91' lang='lat' dir='ltr'><strong>dubium</strong></span> <span class='ocrx_word' id='word_1_176' title='bbox 704 1654 806 1732; x_wconf 84' lang='lat' dir='ltr'><strong>est,vir</strong></span> <span class='ocrx_word' id='word_1_177' title='bbox 815 1650 983 1728; x_wconf 76' lang='lat' dir='ltr'><strong>admirande,</strong></span> <span class='ocrx_word' id='word_1_178' title='bbox 1039 1655 1233 1730; x_wconf 77' lang='grc' dir='ltr'>καταξιωθῆναι</span> <span class='ocrx_word' id='word_1_179' title='bbox 1245 1660 1361 1737; x_wconf 81' lang='grc' dir='ltr'>ἀγαθῶν,</span> <span class='ocrx_word' id='word_1_180' title='bbox 1374 1659 1420 1719; x_wconf 85' lang='grc' dir='ltr'><strong>καλ</strong></span> <span class='ocrx_word' id='word_1_181' title='bbox 1430 1665 1499 1739; x_wconf 74' lang='grc' dir='ltr'>ἡμῖν</span> <span class='ocrx_word' id='word_1_182' title='bbox 1516 1661 1568 1737; x_wconf 79' lang='grc' dir='ltr'>δὲ,</span> <span class='ocrx_word' id='word_1_183' title='bbox 1586 1667 1628 1732; x_wconf 82' lang='grc' dir='ltr'>ὡς</span> <span class='ocrx_word' id='word_1_184' title='bbox 1651 1664 1734 1732; x_wconf 62' lang='lat' dir='ltr'><strong>ntes&lt;</strong></span> <span class='ocrx_word' id='word_1_185' title='bbox 1751 1657 1825 1739; x_wconf 72' lang='lat' dir='ltr'><strong>clete,</strong></span> 
     </span>
     <span class='ocr_line' id='line_1_15' title="bbox 263 1742 1827 1836; baseline 0.004 -28"><span class='ocrx_word' id='word_1_186' title='bbox 263 1749 329 1828; x_wconf 88' lang='lat' dir='ltr'><strong>quin</strong></span> <span class='ocrx_word' id='word_1_187' title='bbox 352 1761 443 1808; x_wconf 85' lang='lat' dir='ltr'><strong>nostra</strong></span> <span class='ocrx_word' id='word_1_188' title='bbox 462 1768 542 1828; x_wconf 89' lang='lat' dir='ltr'><strong>opera</strong></span> <span class='ocrx_word' id='word_1_189' title='bbox 570 1767 668 1806; x_wconf 86' lang='lat' dir='ltr'><strong>arcana</strong></span> <span class='ocrx_word' id='word_1_190' title='bbox 692 1745 752 1804; x_wconf 79' lang='lat' dir='ltr'><strong>bac</strong></span> <span class='ocrx_word' id='word_1_191' title='bbox 764 1743 835 1803; x_wconf 88' lang='lat' dir='ltr'><strong>bona</strong></span> <span class='ocrx_word' id='word_1_192' title='bbox 859 1742 986 1822; x_wconf 86' lang='lat' dir='ltr'><strong>consequi</strong></span> <span class='ocrx_word' id='word_1_193' title='bbox 1039 1749 1361 1830; x_wconf 72' lang='grc' dir='ltr'>ωῦωπιρισπούδαστον.</span> <span class='ocrx_word' id='word_1_194' title='bbox 1377 1751 1448 1812; x_wconf 77' lang='grc' dir='ltr'>Ἀλλ’</span> <span class='ocrx_word' id='word_1_195' title='bbox 1461 1753 1510 1813; x_wconf 76' lang='grc' dir='ltr'><strong>ἐὰν</strong></span> <span class='ocrx_word' id='word_1_196' title='bbox 1526 1755 1625 1836; x_wconf 79' lang='grc' dir='ltr'>μέλλῃ</span> <span class='ocrx_word' id='word_1_197' title='bbox 1645 1755 1684 1816; x_wconf 86' lang='grc' dir='ltr'><strong>τδι</strong></span> <span class='ocrx_word' id='word_1_198' title='bbox 1703 1758 1827 1836; x_wconf 71' lang='grc' dir='ltr'>ἡμετέρα,</span> 
     </span>
     <span class='ocr_line' id='line_1_16' title="bbox 264 1828 1874 1930; baseline 0.004 -31"><span class='ocrx_word' id='word_1_199' title='bbox 264 1837 374 1899; x_wconf 87' lang='lat' dir='ltr'><strong>studeas</strong></span> <span class='ocrx_word' id='word_1_200' title='bbox 390 1852 417 1898; x_wconf 91' lang='lat' dir='ltr'><strong>et</strong></span> <span class='ocrx_word' id='word_1_201' title='bbox 445 1838 627 1919; x_wconf 83' lang='lat' dir='ltr'><strong>concupiscas.</strong></span> <span class='ocrx_word' id='word_1_202' title='bbox 648 1834 847 1921; x_wconf 29' lang='lat' dir='ltr'><strong>Quod&#39;etiam,</strong></span> <span class='ocrx_word' id='word_1_203' title='bbox 871 1847 903 1893; x_wconf 94' lang='lat' dir='ltr'><strong>ut</strong></span> <span class='ocrx_word' id='word_1_204' title='bbox 928 1834 987 1915; x_wconf 87' lang='lat' dir='ltr'><strong>ipse</strong></span> <span class='ocrx_word' id='word_1_205' title='bbox 1039 1846 1117 1902; x_wconf 77' lang='grc' dir='ltr'>ταῦτα</span> <span class='ocrx_word' id='word_1_206' title='bbox 1129 1835 1263 1921; x_wconf 88' lang='grc' dir='ltr'>μηδεμίαν</span> <span class='ocrx_word' id='word_1_207' title='bbox 1281 1841 1366 1922; x_wconf 78' lang='grc' dir='ltr'>ἐχέτω</span> <span class='ocrx_word' id='word_1_208' title='bbox 1385 1843 1528 1922; x_wconf 89' lang='grc' dir='ltr'>μέλλησιν.</span> <span class='ocrx_word' id='word_1_209' title='bbox 1547 1847 1678 1916; x_wconf 82' lang='grc' dir='ltr'>Πάντως</span> <span class='ocrx_word' id='word_1_210' title='bbox 1695 1848 1749 1930; x_wconf 66' lang='grc' dir='ltr'><strong>γὰρ</strong></span> <span class='ocrx_word' id='word_1_211' title='bbox 1762 1853 1826 1910; x_wconf 70' lang='grc' dir='ltr'>ὠπι-</span> <span class='ocrx_word' id='word_1_212' title='bbox 1871 1828 1874 1847; x_wconf 63' lang='grc'>’</span> 
     </span>
     <span class='ocr_line' id='line_1_17' title="bbox 263 1925 1829 2021; baseline 0.003 -34"><span class='ocrx_word' id='word_1_213' title='bbox 263 1929 346 2006; x_wconf 87' lang='lat' dir='ltr'><strong>nosti,</strong></span> <span class='ocrx_word' id='word_1_214' title='bbox 364 1929 444 1989; x_wconf 93' lang='lat' dir='ltr'><strong>nobis</strong></span> <span class='ocrx_word' id='word_1_215' title='bbox 454 1950 562 2008; x_wconf 90' lang='lat' dir='ltr'><strong>quoque</strong></span> <span class='ocrx_word' id='word_1_216' title='bbox 580 1927 672 1988; x_wconf 85' lang='lat' dir='ltr'><strong>¹studio</strong></span> <span class='ocrx_word' id='word_1_217' title='bbox 690 1941 770 2007; x_wconf 88' lang='lat' dir='ltr'><strong>atque</strong></span> <span class='ocrx_word' id='word_1_218' title='bbox 780 1925 924 2008; x_wconf 88' lang='lat' dir='ltr'><strong>cupiditati</strong></span> <span class='ocrx_word' id='word_1_219' title='bbox 937 1935 985 1985; x_wconf 81' lang='lat' dir='ltr'><strong>cst.</strong></span> <span class='ocrx_word' id='word_1_220' title='bbox 1044 1931 1152 2015; x_wconf 74' lang='grc' dir='ltr'>ρήςςςς,</span> <span class='ocrx_word' id='word_1_221' title='bbox 1172 1933 1218 1993; x_wconf 73' lang='grc' dir='ltr'><strong>ναί</strong></span> <span class='ocrx_word' id='word_1_222' title='bbox 1239 1936 1317 2011; x_wconf 70' lang='grc' dir='ltr'>ἡμῶν</span> <span class='ocrx_word' id='word_1_223' title='bbox 1343 1933 1474 2010; x_wconf 58' lang='grc' dir='ltr'>ἁπάντων,</span> <span class='ocrx_word' id='word_1_224' title='bbox 1499 1937 1615 2017; x_wconf 71' lang='grc' dir='ltr'>ἀνδρῶν</span> <span class='ocrx_word' id='word_1_225' title='bbox 1646 1940 1754 2021; x_wconf 54' lang='grc' dir='ltr'>σφόδρα</span> <span class='ocrx_word' id='word_1_226' title='bbox 1776 1948 1829 2013; x_wconf 61' lang='grc' dir='ltr'>ἡμῖν</span> 
     </span>
     <span class='ocr_line' id='line_1_18' title="bbox 264 2015 1829 2112; baseline 0.005 -32"><span class='ocrx_word' id='word_1_227' title='bbox 264 2021 369 2080; x_wconf 83' lang='lat' dir='ltr'><strong>Verum</strong></span> <span class='ocrx_word' id='word_1_228' title='bbox 381 2020 403 2079; x_wconf 89' lang='lat' dir='ltr'><strong>si</strong></span> <span class='ocrx_word' id='word_1_229' title='bbox 416 2042 432 2080; x_wconf 91' lang='lat' dir='ltr'><strong>a</strong></span> <span class='ocrx_word' id='word_1_230' title='bbox 446 2021 526 2081; x_wconf 88' lang='lat' dir='ltr'><strong>uobis</strong></span> <span class='ocrx_word' id='word_1_231' title='bbox 538 2041 614 2080; x_wconf 89' lang='lat' dir='ltr'><strong>mora</strong></span> <span class='ocrx_word' id='word_1_232' title='bbox 627 2019 719 2100; x_wconf 86' lang='lat' dir='ltr'><strong>aliqua</strong></span> <span class='ocrx_word' id='word_1_233' title='bbox 730 2017 901 2094; x_wconf 83' lang='lat' dir='ltr'><strong>interveniat,</strong></span> <span class='ocrx_word' id='word_1_234' title='bbox 920 2015 987 2077; x_wconf 89' lang='lat' dir='ltr'><strong>huic</strong></span> <span class='ocrx_word' id='word_1_235' title='bbox 1041 2023 1167 2102; x_wconf 77' lang='grc' dir='ltr'>γνησίων,</span> <span class='ocrx_word' id='word_1_236' title='bbox 1195 2023 1347 2102; x_wconf 83' lang='grc' dir='ltr'>δυναμένων</span> <span class='ocrx_word' id='word_1_237' title='bbox 1368 2049 1398 2085; x_wconf 90' lang='grc' dir='ltr'><strong>σε</strong></span> <span class='ocrx_word' id='word_1_238' title='bbox 1420 2026 1464 2087; x_wconf 72' lang='lat' dir='ltr'><strong>aa</strong></span> <span class='ocrx_word' id='word_1_239' title='bbox 1489 2028 1603 2102; x_wconf 86' lang='grc' dir='ltr'>ταύτην</span> <span class='ocrx_word' id='word_1_240' title='bbox 1633 2032 1750 2112; x_wconf 76' lang='grc' dir='ltr'>ἀγαγεῖν</span> <span class='ocrx_word' id='word_1_241' title='bbox 1778 2033 1829 2104; x_wconf 62' lang='grc' dir='ltr'>’τὴν</span> 
     </span>
     <span class='ocr_line' id='line_1_19' title="bbox 263 2109 1832 2202; baseline 0.008 -33"><span class='ocrx_word' id='word_1_242' title='bbox 263 2123 353 2198; x_wconf 77' lang='lat' dir='ltr'><strong>tamen</strong></span> <span class='ocrx_word' id='word_1_243' title='bbox 375 2111 414 2171; x_wconf 90' lang='lat' dir='ltr'><strong>rei</strong></span> <span class='ocrx_word' id='word_1_244' title='bbox 435 2132 469 2172; x_wconf 89' lang='lat' dir='ltr'><strong>ne</strong></span> <span class='ocrx_word' id='word_1_245' title='bbox 488 2133 564 2172; x_wconf 89' lang='lat' dir='ltr'><strong>mora</strong></span> <span class='ocrx_word' id='word_1_246' title='bbox 592 2112 739 2188; x_wconf 77' lang='lat' dir='ltr'><strong>afferatur,</strong></span> <span class='ocrx_word' id='word_1_247' title='bbox 766 2131 841 2170; x_wconf 90' lang='lat' dir='ltr'><strong>cura.</strong></span> <span class='ocrx_word' id='word_1_248' title='bbox 866 2109 986 2170; x_wconf 87' lang='lat' dir='ltr'><strong>Omnino</strong></span> <span class='ocrx_word' id='word_1_249' title='bbox 1043 2114 1240 2195; x_wconf 87' lang='grc' dir='ltr'>μυσταγωγίαν.</span> <span class='ocrx_word' id='word_1_250' title='bbox 1254 2115 1312 2175; x_wconf 75' lang='grc' dir='ltr'><strong>Κᾶν</strong></span> <span class='ocrx_word' id='word_1_251' title='bbox 1330 2123 1406 2177; x_wconf 79' lang='grc' dir='ltr'>τοῦτο</span> <span class='ocrx_word' id='word_1_252' title='bbox 1425 2117 1558 2196; x_wconf 80' lang='grc' dir='ltr'>γένηται,</span> <span class='ocrx_word' id='word_1_253' title='bbox 1576 2120 1635 2194; x_wconf 74' lang='grc' dir='ltr'><strong>τὴν</strong></span> <span class='ocrx_word' id='word_1_254' title='bbox 1652 2123 1742 2195; x_wconf 65' lang='grc' dir='ltr'>αυτὴν</span> <span class='ocrx_word' id='word_1_255' title='bbox 1754 2123 1832 2202; x_wconf 57' lang='grc' dir='ltr'>ᾔομεν</span> 
     </span>
     <span class='ocr_line' id='line_1_20' title="bbox 264 2199 1832 2293; baseline 0.01 -33"><span class='ocrx_word' id='word_1_256' title='bbox 264 2199 347 2277; x_wconf 66' lang='lat' dir='ltr'><strong>euim,</strong></span> <span class='ocrx_word' id='word_1_257' title='bbox 361 2201 444 2263; x_wconf 84' lang='lat' dir='ltr'><strong>ctiam</strong></span> <span class='ocrx_word' id='word_1_258' title='bbox 458 2203 481 2264; x_wconf 88' lang='lat' dir='ltr'><strong>si</strong></span> <span class='ocrx_word' id='word_1_259' title='bbox 495 2204 547 2286; x_wconf 88' lang='lat' dir='ltr'><strong>ipsi</strong></span> <span class='ocrx_word' id='word_1_260' title='bbox 565 2203 742 2279; x_wconf 84' lang='lat' dir='ltr'><strong>abluerimus,</strong></span> <span class='ocrx_word' id='word_1_261' title='bbox 763 2201 886 2262; x_wconf 86' lang='lat' dir='ltr'><strong>homines</strong></span> <span class='ocrx_word' id='word_1_262' title='bbox 908 2201 987 2261; x_wconf 85' lang='lat' dir='ltr'><strong>nobis</strong></span> <span class='ocrx_word' id='word_1_263' title='bbox 1040 2205 1147 2281; x_wconf 72' lang='grc' dir='ltr'>ἡδονὴν,</span> <span class='ocrx_word' id='word_1_264' title='bbox 1167 2205 1252 2287; x_wconf 86' lang='grc' dir='ltr'>ἥνπερ</span> <span class='ocrx_word' id='word_1_265' title='bbox 1274 2204 1306 2266; x_wconf 81' lang='grc' dir='ltr'><strong>δν</strong></span> <span class='ocrx_word' id='word_1_266' title='bbox 1329 2210 1352 2267; x_wconf 84' lang='grc' dir='ltr'><strong>εἰ</strong></span> <span class='ocrx_word' id='word_1_267' title='bbox 1372 2207 1519 2286; x_wconf 61' lang='grc' dir='ltr'>καλήμεῖς</span> <span class='ocrx_word' id='word_1_268' title='bbox 1547 2213 1785 2291; x_wconf 76' lang='grc' dir='ltr'>διηκανησάμεθα</span> <span class='ocrx_word' id='word_1_269' title='bbox 1806 2222 1832 2293; x_wconf 72' lang='grc' dir='ltr'>τῇ</span> 
     </span>
     <span class='ocr_line' id='line_1_21' title="bbox 265 2292 1835 2390; baseline 0.011 -38"><span class='ocrx_word' id='word_1_270' title='bbox 265 2293 424 2354; x_wconf 80' lang='lat' dir='ltr'><strong>amicissimi</strong></span> <span class='ocrx_word' id='word_1_271' title='bbox 448 2316 502 2356; x_wconf 92' lang='lat' dir='ltr'><strong>non</strong></span> <span class='ocrx_word' id='word_1_272' title='bbox 523 2294 645 2356; x_wconf 81' lang='lat' dir='ltr'><strong>defuturi</strong></span> <span class='ocrx_word' id='word_1_273' title='bbox 667 2307 743 2373; x_wconf 86' lang='lat' dir='ltr'><strong>sunt,</strong></span> <span class='ocrx_word' id='word_1_274' title='bbox 760 2293 849 2373; x_wconf 90' lang='lat' dir='ltr'><strong>quite</strong></span> <span class='ocrx_word' id='word_1_275' title='bbox 871 2292 906 2352; x_wconf 90' lang='lat' dir='ltr'><strong>ad</strong></span> <span class='ocrx_word' id='word_1_276' title='bbox 928 2293 987 2353; x_wconf 79' lang='lat' dir='ltr'><strong>bac</strong></span> <span class='ocrx_word' id='word_1_277' title='bbox 1041 2297 1112 2359; x_wconf 83' lang='grc' dir='ltr'>δύσει</span> <span class='ocrx_word' id='word_1_278' title='bbox 1122 2303 1170 2372; x_wconf 75' lang='grc' dir='ltr'><strong>τῆς</strong></span> <span class='ocrx_word' id='word_1_279' title='bbox 1182 2297 1337 2378; x_wconf 85' lang='grc' dir='ltr'>ίπαυρανίαυ</span> <span class='ocrx_word' id='word_1_280' title='bbox 1348 2298 1446 2373; x_wconf 87' lang='grc' dir='ltr'>ταύτης</span> <span class='ocrx_word' id='word_1_281' title='bbox 1455 2297 1584 2382; x_wconf 70' lang='grc' dir='ltr'>δωρεᾶς,</span> <span class='ocrx_word' id='word_1_282' title='bbox 1600 2306 1760 2390; x_wconf 77' lang='grc' dir='ltr'>ἐπειδήπερ</span> <span class='ocrx_word' id='word_1_283' title='bbox 1770 2309 1835 2379; x_wconf 71' lang='grc' dir='ltr'>καλή</span> 
     </span>
     <span class='ocr_line' id='line_1_22' title="bbox 265 2383 1320 2471; baseline 0.005 -28"><span class='ocrx_word' id='word_1_284' title='bbox 265 2384 457 2466; x_wconf 76' lang='lat' dir='ltr'><strong>mysteriorum</strong></span> <span class='ocrx_word' id='word_1_285' title='bbox 471 2385 549 2447; x_wconf 90' lang='lat' dir='ltr'><strong>initia</strong></span> <span class='ocrx_word' id='word_1_286' title='bbox 570 2385 702 2446; x_wconf 85' lang='lat' dir='ltr'><strong>deducere</strong></span> <span class='ocrx_word' id='word_1_287' title='bbox 725 2397 835 2464; x_wconf 86' lang='lat' dir='ltr'><strong>queant.</strong></span> <span class='ocrx_word' id='word_1_288' title='bbox 859 2383 940 2457; x_wconf 89' lang='lat' dir='ltr'><strong>Quod</strong></span> <span class='ocrx_word' id='word_1_289' title='bbox 963 2387 987 2446; x_wconf 93' lang='lat' dir='ltr'><strong>si</strong></span> <span class='ocrx_word' id='word_1_290' title='bbox 1041 2388 1119 2471; x_wconf 85' lang='grc' dir='ltr'>χάρις</span> <span class='ocrx_word' id='word_1_291' title='bbox 1131 2389 1320 2462; x_wconf 75' lang='grc' dir='ltr'>ίστὶνὴαδτί,</span> 
     </span>
     <span class='ocr_line' id='line_1_23' title="bbox 267 2475 987 2559; baseline 0.003 -24"><span class='ocrx_word' id='word_1_292' title='bbox 267 2475 987 2559; x_wconf 78' lang='lat' dir='ltr'><strong>contingat,cademvoluptateafficiemur,quaaffice·</strong></span> 
     </span>
     <span class='ocr_line' id='line_1_24' title="bbox 267 2565 987 2648; baseline -0.003 -20"><span class='ocrx_word' id='word_1_293' title='bbox 267 2588 370 2645; x_wconf 90' lang='lat' dir='ltr'><strong>remur,</strong></span> <span class='ocrx_word' id='word_1_294' title='bbox 384 2569 406 2628; x_wconf 87' lang='lat' dir='ltr'><strong>si</strong></span> <span class='ocrx_word' id='word_1_295' title='bbox 420 2567 534 2629; x_wconf 79' lang='lat' dir='ltr'><strong>caelestis</strong></span> <span class='ocrx_word' id='word_1_296' title='bbox 557 2567 641 2648; x_wconf 85' lang='lat' dir='ltr'><strong>hujus</strong></span> <span class='ocrx_word' id='word_1_297' title='bbox 651 2565 776 2626; x_wconf 83' lang='lat' dir='ltr'><strong>beneficii</strong></span> <span class='ocrx_word' id='word_1_298' title='bbox 790 2565 927 2646; x_wconf 80' lang='lat' dir='ltr'><strong>largitioni</strong></span> <span class='ocrx_word' id='word_1_299' title='bbox 940 2565 987 2626; x_wconf 88' lang='lat' dir='ltr'><strong>ad-</strong></span> 
     </span>
     <span class='ocr_line' id='line_1_25' title="bbox 268 2657 987 2742; baseline -0.006 -23"><span class='ocrx_word' id='word_1_300' title='bbox 268 2658 420 2720; x_wconf 85' lang='lat' dir='ltr'><strong>ministram</strong></span> <span class='ocrx_word' id='word_1_301' title='bbox 434 2660 542 2742; x_wconf 85' lang='lat' dir='ltr'><strong>ipsimet</strong></span> <span class='ocrx_word' id='word_1_302' title='bbox 550 2678 659 2740; x_wconf 87' lang='lat' dir='ltr'><strong>operam</strong></span> <span class='ocrx_word' id='word_1_303' title='bbox 667 2657 886 2738; x_wconf 83' lang='lat' dir='ltr'><strong>praebuissemus,</strong></span> <span class='ocrx_word' id='word_1_304' title='bbox 895 2672 987 2737; x_wconf 88' lang='lat' dir='ltr'><strong>quan-</strong></span> 
     </span>
     <span class='ocr_line' id='line_1_26' title="bbox 269 2746 773 2831; baseline -0.01 -21"><span class='ocrx_word' id='word_1_305' title='bbox 269 2748 417 2831; x_wconf 88' lang='lat' dir='ltr'><strong>doquidem</strong></span> <span class='ocrx_word' id='word_1_306' title='bbox 427 2751 508 2812; x_wconf 84' lang='lat' dir='ltr'><strong>etiam</strong></span> <span class='ocrx_word' id='word_1_307' title='bbox 523 2748 617 2810; x_wconf 88' lang='lat' dir='ltr'><strong>eadem</strong></span> <span class='ocrx_word' id='word_1_308' title='bbox 627 2760 666 2810; x_wconf 86' lang='lat' dir='ltr'><strong>est</strong></span> <span class='ocrx_word' id='word_1_309' title='bbox 678 2746 773 2827; x_wconf 80' lang='lat' dir='ltr'><strong>gratia.</strong></span> 
     </span>
    </p>
   </div>
   <div class='ocr_carea' id='block_1_3' title="bbox 117 2956 1840 4872">
    <p class='ocr_par' dir='ltr' id='par_1_3' title="bbox 117 2956 1840 4872">
     <span class='ocr_line' id='line_1_27' title="bbox 450 2956 1539 3052; baseline 0.001 -33"><span class='ocrx_word' id='word_1_310' title='bbox 450 2956 767 3019; x_wconf 63' lang='lat' dir='ltr'><em>CXXX111.Ad0Hoe·</em></span> <span class='ocrx_word' id='word_1_311' title='bbox 1004 2991 1025 3040; x_wconf 69' lang='grc' dir='ltr'>γ)</span> <span class='ocrx_word' id='word_1_312' title='bbox 1326 2961 1393 3050; x_wconf 37' lang='lat' dir='ltr'><strong>pff,</strong></span> <span class='ocrx_word' id='word_1_313' title='bbox 1421 2969 1539 3052; x_wconf 65' lang='grc' dir='ltr'>Ἀδολέᾳ,</span> 
     </span>
     <span class='ocr_line' id='line_1_28' title="bbox 886 3060 904 3093; baseline 0 0"><span class='ocrx_word' id='word_1_314' title='bbox 886 3060 904 3093; x_wconf 62' lang='lat'>⁸</span> 
     </span>
     <span class='ocr_line' id='line_1_29' title="bbox 117 3132 1840 3227; baseline -0.007 -23"><span class='ocrx_word' id='word_1_315' title='bbox 117 3132 210 3225; x_wconf 39' lang='lat'><strong>„2¹⁶2</strong></span> <span class='ocrx_word' id='word_1_316' title='bbox 232 3134 260 3164; x_wconf 78' lang='lat'><strong>&#39;¹‘</strong></span> <span class='ocrx_word' id='word_1_317' title='bbox 309 3137 386 3214; x_wconf 90' lang='lat' dir='ltr'><strong>Quid</strong></span> <span class='ocrx_word' id='word_1_318' title='bbox 398 3142 460 3202; x_wconf 81' lang='lat' dir='ltr'><strong>ais?</strong></span> <span class='ocrx_word' id='word_1_319' title='bbox 473 3144 594 3202; x_wconf 79' lang='lat' dir='ltr'><strong>Rursum</strong></span> <span class='ocrx_word' id='word_1_320' title='bbox 612 3138 725 3201; x_wconf 87' lang='lat' dir='ltr'><strong>insidias</strong></span> <span class='ocrx_word' id='word_1_321' title='bbox 738 3141 825 3221; x_wconf 77' lang='lat' dir='ltr'><strong>luges,</strong></span> <span class='ocrx_word' id='word_1_322' title='bbox 842 3141 986 3222; x_wconf 72' lang='lat' dir='ltr'><strong>gravibus·</strong></span> <span class='ocrx_word' id='word_1_323' title='bbox 1082 3144 1121 3206; x_wconf 87' lang='grc' dir='ltr'><strong>Τί</strong></span> <span class='ocrx_word' id='word_1_324' title='bbox 1133 3145 1235 3224; x_wconf 71' lang='grc' dir='ltr'>λέγεις,</span> <span class='ocrx_word' id='word_1_325' title='bbox 1252 3144 1340 3205; x_wconf 85' lang='grc' dir='ltr'>Πάλιν</span> <span class='ocrx_word' id='word_1_326' title='bbox 1353 3143 1496 3212; x_wconf 79' lang='grc' dir='ltr'>έπιύυυλδς</span> <span class='ocrx_word' id='word_1_327' title='bbox 1508 3143 1617 3227; x_wconf 78' lang='grc' dir='ltr'>δδύρη,</span> <span class='ocrx_word' id='word_1_328' title='bbox 1642 3149 1694 3208; x_wconf 67' lang='grc' dir='ltr'><strong>καὶ</strong></span> <span class='ocrx_word' id='word_1_329' title='bbox 1711 3150 1787 3210; x_wconf 54' lang='lat' dir='ltr'><strong>&amp;wa</strong></span> <span class='ocrx_word' id='word_1_330' title='bbox 1799 3173 1840 3209; x_wconf 49' lang='grc' dir='ltr'><strong>ᾖ.</strong></span> 
     </span>
     <span class='ocr_line' id='line_1_30' title="bbox 269 3231 1838 3321; baseline 0.005 -30"><span class='ocrx_word' id='word_1_331' title='bbox 269 3252 322 3311; x_wconf 87' lang='lat' dir='ltr'><strong>quc</strong></span> <span class='ocrx_word' id='word_1_332' title='bbox 337 3231 536 3293; x_wconf 79' lang='lat' dir='ltr'><strong>calamitatibus</strong></span> <span class='ocrx_word' id='word_1_333' title='bbox 549 3232 673 3292; x_wconf 80' lang='lat' dir='ltr'><strong>affectam</strong></span> <span class='ocrx_word' id='word_1_334' title='bbox 682 3246 708 3292; x_wconf 89' lang='lat' dir='ltr'><strong>te</strong></span> <span class='ocrx_word' id='word_1_335' title='bbox 716 3253 773 3292; x_wconf 85' lang='lat' dir='ltr'><strong>esse</strong></span> <span class='ocrx_word' id='word_1_336' title='bbox 785 3232 893 3312; x_wconf 76' lang='lat' dir='ltr'><strong>inquis?</strong></span> <span class='ocrx_word' id='word_1_337' title='bbox 909 3232 986 3307; x_wconf 86' lang='lat' dir='ltr'><strong>Quid</strong></span> <span class='ocrx_word' id='word_1_338' title='bbox 1042 3234 1164 3297; x_wconf 84' lang='grc' dir='ltr'>πανθίναι</span> <span class='ocrx_word' id='word_1_339' title='bbox 1174 3235 1239 3317; x_wconf 72' lang='grc' dir='ltr'>φῄςς</span> <span class='ocrx_word' id='word_1_340' title='bbox 1251 3235 1305 3296; x_wconf 84' lang='grc' dir='ltr'><strong>Καί</strong></span> <span class='ocrx_word' id='word_1_341' title='bbox 1313 3233 1340 3295; x_wconf 90' lang='grc' dir='ltr'><strong>τί</strong></span> <span class='ocrx_word' id='word_1_342' title='bbox 1348 3235 1379 3295; x_wconf 77' lang='lat' dir='ltr'><strong>cb</strong></span> <span class='ocrx_word' id='word_1_343' title='bbox 1389 3234 1498 3309; x_wconf 88' lang='grc' dir='ltr'>κωλύον,</span> <span class='ocrx_word' id='word_1_344' title='bbox 1511 3237 1574 3295; x_wconf 83' lang='grc' dir='ltr'>εἶπέ</span> <span class='ocrx_word' id='word_1_345' title='bbox 1589 3263 1662 3316; x_wconf 88' lang='grc' dir='ltr'>μοι,</span> <span class='ocrx_word' id='word_1_346' title='bbox 1675 3244 1718 3309; x_wconf 92' lang='grc' dir='ltr'><strong>είς</strong></span> <span class='ocrx_word' id='word_1_347' title='bbox 1730 3245 1838 3321; x_wconf 73' lang='grc' dir='ltr'>γαληνὸν</span> 
     </span>
     <span class='ocr_line' id='line_1_31' title="bbox 269 3323 1835 3406; baseline 0.006 -25"><span class='ocrx_word' id='word_1_348' title='bbox 269 3338 360 3385; x_wconf 86' lang='lat' dir='ltr'><strong>autern</strong></span> <span class='ocrx_word' id='word_1_349' title='bbox 388 3324 486 3401; x_wconf 86' lang='lat' dir='ltr'><strong>obstat,</strong></span> <span class='ocrx_word' id='word_1_350' title='bbox 499 3344 598 3403; x_wconf 82' lang='lat' dir='ltr'><strong>quaeso,</strong></span> <span class='ocrx_word' id='word_1_351' title='bbox 611 3324 678 3404; x_wconf 85' lang='lat' dir='ltr'><strong>quin</strong></span> <span class='ocrx_word' id='word_1_352' title='bbox 690 3323 717 3383; x_wconf 87' lang='lat' dir='ltr'><strong>in</strong></span> <span class='ocrx_word' id='word_1_353' title='bbox 728 3323 906 3402; x_wconf 85' lang='lat' dir='ltr'><strong>tranquillum</strong></span> <span class='ocrx_word' id='word_1_354' title='bbox 918 3345 983 3406; x_wconf 86' lang='lat' dir='ltr'><strong>por-</strong></span> <span class='ocrx_word' id='word_1_355' title='bbox 1042 3331 1224 3389; x_wconf 79' lang='grc' dir='ltr'>καταπλεῦσαι</span> <span class='ocrx_word' id='word_1_356' title='bbox 1241 3327 1355 3405; x_wconf 82' lang='grc' dir='ltr'>λιμένα,</span> <span class='ocrx_word' id='word_1_357' title='bbox 1376 3325 1421 3385; x_wconf 83' lang='grc' dir='ltr'><strong>καὶ</strong></span> <span class='ocrx_word' id='word_1_358' title='bbox 1444 3324 1546 3385; x_wconf 83' lang='grc' dir='ltr'>τούτων</span> <span class='ocrx_word' id='word_1_359' title='bbox 1571 3328 1697 3390; x_wconf 85' lang='grc' dir='ltr'>πάντων</span> <span class='ocrx_word' id='word_1_360' title='bbox 1720 3333 1835 3404; x_wconf 76' lang='grc' dir='ltr'>ἀπηλλά-</span> 
     </span>
     <span class='ocr_line' id='line_1_32' title="bbox 269 3410 1835 3501; baseline 0.004 -27"><span class='ocrx_word' id='word_1_361' title='bbox 269 3428 328 3477; x_wconf 87' lang='grc' dir='ltr'>ίιιιιι</span> <span class='ocrx_word' id='word_1_362' title='bbox 339 3410 500 3494; x_wconf 82' lang='lat' dir='ltr'><strong>tcuouferas,</strong></span> <span class='ocrx_word' id='word_1_363' title='bbox 514 3430 593 3497; x_wconf 85' lang='lat' dir='ltr'><strong>atque</strong></span> <span class='ocrx_word' id='word_1_364' title='bbox 598 3415 643 3476; x_wconf 92' lang='lat' dir='ltr'><strong>bis</strong></span> <span class='ocrx_word' id='word_1_365' title='bbox 650 3415 776 3475; x_wconf 88' lang='lat' dir='ltr'><strong>omuibus</strong></span> <span class='ocrx_word' id='word_1_366' title='bbox 783 3415 912 3478; x_wconf 80' lang='lat' dir='ltr'><strong>fluctibus</strong></span> <span class='ocrx_word' id='word_1_367' title='bbox 918 3417 989 3478; x_wconf 51' lang='lat' dir='ltr'><strong>libe·¹</strong></span> <span class='ocrx_word' id='word_1_368' title='bbox 1042 3424 1105 3500; x_wconf 86' lang='grc' dir='ltr'>χθαι</span> <span class='ocrx_word' id='word_1_369' title='bbox 1116 3422 1170 3478; x_wconf 83' lang='grc' dir='ltr'><strong>τῶν</strong></span> <span class='ocrx_word' id='word_1_370' title='bbox 1184 3418 1327 3497; x_wconf 74' lang='grc' dir='ltr'>κυμάτων,</span> <span class='ocrx_word' id='word_1_371' title='bbox 1340 3420 1381 3476; x_wconf 80' lang='grc' dir='ltr'><strong>Οὔ</strong></span> <span class='ocrx_word' id='word_1_372' title='bbox 1394 3415 1479 3476; x_wconf 78' lang='grc' dir='ltr'>ταῦτά</span> <span class='ocrx_word' id='word_1_373' title='bbox 1492 3439 1535 3476; x_wconf 87' lang='grc' dir='ltr'><strong>σοι</strong></span> <span class='ocrx_word' id='word_1_374' title='bbox 1551 3417 1599 3476; x_wconf 79' lang='grc' dir='ltr'><strong>διὰ</strong></span> <span class='ocrx_word' id='word_1_375' title='bbox 1612 3422 1724 3488; x_wconf 78' lang='grc' dir='ltr'>παντὸς</span> <span class='ocrx_word' id='word_1_376' title='bbox 1736 3422 1835 3501; x_wconf 67' lang='grc' dir='ltr'>ἐπᾴδων</span> 
     </span>
     <span class='ocr_line' id='line_1_33' title="bbox 269 3505 1832 3592; baseline -0.001 -25"><span class='ocrx_word' id='word_1_377' title='bbox 269 3508 367 3570; x_wconf 79' lang='lat' dir='ltr'><strong>reris?</strong></span> <span class='ocrx_word' id='word_1_378' title='bbox 384 3515 479 3570; x_wconf 75' lang='lat' dir='ltr'><strong>Annon</strong></span> <span class='ocrx_word' id='word_1_379' title='bbox 500 3508 559 3567; x_wconf 79' lang='lat' dir='ltr'><strong>hac</strong></span> <span class='ocrx_word' id='word_1_380' title='bbox 571 3507 624 3568; x_wconf 95' lang='lat' dir='ltr'><strong>tibi</strong></span> <span class='ocrx_word' id='word_1_381' title='bbox 648 3529 753 3589; x_wconf 88' lang='lat' dir='ltr'><strong>semper</strong></span> <span class='ocrx_word' id='word_1_382' title='bbox 763 3508 927 3586; x_wconf 88' lang='lat' dir='ltr'><strong>occiuebam,</strong></span> <span class='ocrx_word' id='word_1_383' title='bbox 939 3531 988 3570; x_wconf 88' lang='lat' dir='ltr'><strong>nec</strong></span> <span class='ocrx_word' id='word_1_384' title='bbox 1042 3516 1088 3570; x_wconf 81' lang='grc' dir='ltr'>τοῦ</span> <span class='ocrx_word' id='word_1_385' title='bbox 1101 3508 1196 3592; x_wconf 74' lang='grc' dir='ltr'>χρόνου</span> <span class='ocrx_word' id='word_1_386' title='bbox 1213 3509 1353 3580; x_wconf 83' lang='grc' dir='ltr'>διετέλουν,</span> <span class='ocrx_word' id='word_1_387' title='bbox 1365 3505 1410 3566; x_wconf 81' lang='grc' dir='ltr'><strong>καὶ</strong></span> <span class='ocrx_word' id='word_1_388' title='bbox 1420 3505 1547 3567; x_wconf 82' lang='grc' dir='ltr'>οὐδέποτε</span> <span class='ocrx_word' id='word_1_389' title='bbox 1559 3513 1648 3585; x_wconf 80' lang='grc' dir='ltr'>ἡμῶν</span> <span class='ocrx_word' id='word_1_390' title='bbox 1664 3514 1832 3591; x_wconf 57' lang='grc' dir='ltr'>ἀνασχέσθαι</span> 
     </span>
     <span class='ocr_line' id='line_1_34' title="bbox 268 3597 1831 3680; baseline 0.002 -24"><span class='ocrx_word' id='word_1_391' title='bbox 268 3611 359 3661; x_wconf 83' lang='lat' dir='ltr'><strong>tamon</strong></span> <span class='ocrx_word' id='word_1_392' title='bbox 375 3621 503 3680; x_wconf 88' lang='lat' dir='ltr'><strong>umquam</strong></span> <span class='ocrx_word' id='word_1_393' title='bbox 523 3597 591 3658; x_wconf 91' lang='lat' dir='ltr'><strong>mibi</strong></span> <span class='ocrx_word' id='word_1_394' title='bbox 607 3597 848 3680; x_wconf 87' lang='lat' dir='ltr'><strong>obtemperandum</strong></span> <span class='ocrx_word' id='word_1_395' title='bbox 861 3599 986 3659; x_wconf 76' lang='lat' dir='ltr'><strong>duxisti?</strong></span> <span class='ocrx_word' id='word_1_396' title='bbox 1043 3602 1174 3674; x_wconf 86' lang='grc' dir='ltr'>ἠθέλησας</span> <span class='ocrx_word' id='word_1_397' title='bbox 1180 3625 1189 3675; x_wconf 79' lang='lat'>3</span> <span class='ocrx_word' id='word_1_398' title='bbox 1202 3599 1282 3660; x_wconf 83' lang='grc' dir='ltr'>Ἀλλδ</span> <span class='ocrx_word' id='word_1_399' title='bbox 1300 3598 1347 3657; x_wconf 72' lang='grc' dir='ltr'><strong>καί</strong></span> <span class='ocrx_word' id='word_1_400' title='bbox 1363 3602 1445 3678; x_wconf 78' lang='grc' dir='ltr'>σαυτῇ</span> <span class='ocrx_word' id='word_1_401' title='bbox 1468 3597 1551 3678; x_wconf 86' lang='grc' dir='ltr'>μυρία</span> <span class='ocrx_word' id='word_1_402' title='bbox 1564 3598 1603 3658; x_wconf 79' lang='grc' dir='ltr'>τὰ</span> <span class='ocrx_word' id='word_1_403' title='bbox 1619 3601 1699 3661; x_wconf 79' lang='grc' dir='ltr'>κακὰ</span> <span class='ocrx_word' id='word_1_404' title='bbox 1723 3603 1779 3662; x_wconf 79' lang='grc' dir='ltr'>ἀπὸ</span> <span class='ocrx_word' id='word_1_405' title='bbox 1791 3606 1831 3659; x_wconf 72' lang='grc' dir='ltr'><strong>τεῦ</strong></span> 
     </span>
     <span class='ocr_line' id='line_1_35' title="bbox 269 3688 1830 3774; baseline -0.001 -24"><span class='ocrx_word' id='word_1_406' title='bbox 269 3691 344 3763; x_wconf 89' lang='lat' dir='ltr'><strong>Quin</strong></span> <span class='ocrx_word' id='word_1_407' title='bbox 353 3692 445 3774; x_wconf 86' lang='lat' dir='ltr'><strong>potius</strong></span> <span class='ocrx_word' id='word_1_408' title='bbox 457 3692 628 3772; x_wconf 89' lang='lat' dir='ltr'><strong>ipsaquoque</strong></span> <span class='ocrx_word' id='word_1_409' title='bbox 640 3690 690 3750; x_wconf 89' lang='lat' dir='ltr'><strong>tibi</strong></span> <span class='ocrx_word' id='word_1_410' title='bbox 699 3689 897 3772; x_wconf 82' lang='lat' dir='ltr'><strong>abhujusmodi</strong></span> <span class='ocrx_word' id='word_1_411' title='bbox 906 3712 987 3772; x_wconf 82' lang='lat' dir='ltr'><strong>nego·</strong></span> <span class='ocrx_word' id='word_1_412' title='bbox 1042 3695 1128 3766; x_wconf 81' lang='grc' dir='ltr'>πηλοῦ</span> <span class='ocrx_word' id='word_1_413' title='bbox 1137 3696 1191 3752; x_wconf 84' lang='grc' dir='ltr'><strong>τῶν</strong></span> <span class='ocrx_word' id='word_1_414' title='bbox 1204 3689 1369 3774; x_wconf 86' lang='grc' dir='ltr'>πραγμάτων</span> <span class='ocrx_word' id='word_1_415' title='bbox 1383 3688 1480 3749; x_wconf 84' lang='grc' dir='ltr'>τούτων</span> <span class='ocrx_word' id='word_1_416' title='bbox 1493 3688 1643 3770; x_wconf 83' lang='grc' dir='ltr'>προξενεῐς,</span> <span class='ocrx_word' id='word_1_417' title='bbox 1657 3696 1700 3760; x_wconf 84' lang='grc' dir='ltr'><strong>είς</strong></span> <span class='ocrx_word' id='word_1_418' title='bbox 1714 3694 1830 3770; x_wconf 82' lang='grc' dir='ltr'>τίλματα</span> 
     </span>
     <span class='ocr_line' id='line_1_36' title="bbox 268 3780 1830 3865; baseline 0.004 -27"><span class='ocrx_word' id='word_1_419' title='bbox 268 3781 371 3841; x_wconf 89' lang='lat' dir='ltr'><strong>tiorum</strong></span> <span class='ocrx_word' id='word_1_420' title='bbox 387 3783 445 3842; x_wconf 94' lang='lat' dir='ltr'><strong>luto</strong></span> <span class='ocrx_word' id='word_1_421' title='bbox 459 3793 584 3841; x_wconf 85' lang='lat' dir='ltr'><strong>sexcenta</strong></span> <span class='ocrx_word' id='word_1_422' title='bbox 598 3781 669 3840; x_wconf 84' lang='lat' dir='ltr'><strong>mala</strong></span> <span class='ocrx_word' id='word_1_423' title='bbox 688 3781 811 3854; x_wconf 87' lang='lat' dir='ltr'><strong>accersis,</strong></span> <span class='ocrx_word' id='word_1_424' title='bbox 825 3782 854 3840; x_wconf 93' lang='lat' dir='ltr'><strong>in</strong></span> <span class='ocrx_word' id='word_1_425' title='bbox 881 3803 987 3842; x_wconf 87' lang='lat' dir='ltr'><strong>crenum</strong></span> <span class='ocrx_word' id='word_1_426' title='bbox 1043 3784 1159 3865; x_wconf 79' lang='grc' dir='ltr'>συνεχῶς</span> <span class='ocrx_word' id='word_1_427' title='bbox 1178 3780 1365 3861; x_wconf 81' lang='grc' dir='ltr'>ίμπίπτυυσα,</span> <span class='ocrx_word' id='word_1_428' title='bbox 1378 3780 1423 3840; x_wconf 82' lang='grc' dir='ltr'><strong>καί</strong></span> <span class='ocrx_word' id='word_1_429' title='bbox 1442 3786 1507 3859; x_wconf 79' lang='grc' dir='ltr'>ἡμῖν</span> <span class='ocrx_word' id='word_1_430' title='bbox 1519 3782 1551 3839; x_wconf 77' lang='grc' dir='ltr'><strong>ἐκ</strong></span> <span class='ocrx_word' id='word_1_431' title='bbox 1563 3786 1614 3840; x_wconf 77' lang='grc' dir='ltr'>τοῦ</span> <span class='ocrx_word' id='word_1_432' title='bbox 1628 3788 1725 3843; x_wconf 85' lang='grc' dir='ltr'>ταῦτα</span> <span class='ocrx_word' id='word_1_433' title='bbox 1739 3784 1830 3861; x_wconf 82' lang='grc' dir='ltr'>ὑπαμί·</span> 
     </span>
     <span class='ocr_line' id='line_1_37' title="bbox 268 3872 1830 3955; baseline 0.003 -26"><span class='ocrx_word' id='word_1_434' title='bbox 268 3887 399 3952; x_wconf 84' lang='lat' dir='ltr'><strong>perpetuo</strong></span> <span class='ocrx_word' id='word_1_435' title='bbox 410 3873 534 3945; x_wconf 85' lang='lat' dir='ltr'><strong>illabens,</strong></span> <span class='ocrx_word' id='word_1_436' title='bbox 552 3894 584 3932; x_wconf 85' lang='lat' dir='ltr'><strong>ac</strong></span> <span class='ocrx_word' id='word_1_437' title='bbox 607 3872 695 3952; x_wconf 72' lang='lat' dir='ltr'><strong>nobis,</strong></span> <span class='ocrx_word' id='word_1_438' title='bbox 716 3873 784 3932; x_wconf 92' lang='lat' dir='ltr'><strong>dum</strong></span> <span class='ocrx_word' id='word_1_439' title='bbox 795 3873 852 3933; x_wconf 81' lang='lat' dir='ltr'><strong>baec</strong></span> <span class='ocrx_word' id='word_1_440' title='bbox 875 3875 985 3955; x_wconf 90' lang='lat' dir='ltr'><strong>pateris,</strong></span> <span class='ocrx_word' id='word_1_441' title='bbox 1004 3895 1024 3944; x_wconf 69' lang='lat' dir='ltr'><strong>r.</strong></span> <span class='ocrx_word' id='word_1_442' title='bbox 1042 3902 1095 3937; x_wconf 88' lang='grc' dir='ltr'>νειν</span> <span class='ocrx_word' id='word_1_443' title='bbox 1105 3877 1192 3943; x_wconf 84' lang='grc' dir='ltr'>λύπας</span> <span class='ocrx_word' id='word_1_444' title='bbox 1203 3873 1337 3954; x_wconf 71' lang='grc' dir='ltr'>ἐπάγουσα</span> <span class='ocrx_word' id='word_1_445' title='bbox 1356 3882 1473 3953; x_wconf 76' lang='grc' dir='ltr'>συνεχεῖς</span> <span class='ocrx_word' id='word_1_446' title='bbox 1483 3872 1528 3931; x_wconf 84' lang='grc' dir='ltr'><strong>καί</strong></span> <span class='ocrx_word' id='word_1_447' title='bbox 1541 3874 1657 3940; x_wconf 88' lang='grc' dir='ltr'>πυκνάς.</span> <span class='ocrx_word' id='word_1_448' title='bbox 1669 3875 1715 3934; x_wconf 84' lang='grc' dir='ltr'><strong><em>Ἦ</em></strong></span> <span class='ocrx_word' id='word_1_449' title='bbox 1732 3880 1830 3954; x_wconf 79' lang='grc' dir='ltr'>μυιρῶς</span> 
     </span>
     <span class='ocr_line' id='line_1_38' title="bbox 270 3963 1829 4048; baseline 0.004 -28"><span class='ocrx_word' id='word_1_450' title='bbox 270 3963 378 4023; x_wconf 90' lang='lat' dir='ltr'><strong>crebros</strong></span> <span class='ocrx_word' id='word_1_451' title='bbox 391 3985 422 4024; x_wconf 90' lang='lat' dir='ltr'><strong>ac</strong></span> <span class='ocrx_word' id='word_1_452' title='bbox 435 3976 578 4045; x_wconf 90' lang='lat' dir='ltr'><strong>perpetuos</strong></span> <span class='ocrx_word' id='word_1_453' title='bbox 591 3985 718 4023; x_wconf 84' lang='lat' dir='ltr'><strong>moerores</strong></span> <span class='ocrx_word' id='word_1_454' title='bbox 730 3965 818 4024; x_wconf 80' lang='lat' dir='ltr'><strong>affers.</strong></span> <span class='ocrx_word' id='word_1_455' title='bbox 831 3970 873 4025; x_wconf 80' lang='lat' dir='ltr'><strong>An</strong></span> <span class='ocrx_word' id='word_1_456' title='bbox 881 3988 923 4026; x_wconf 87' lang='lat' dir='ltr'><strong>me</strong></span> <span class='ocrx_word' id='word_1_457' title='bbox 933 3969 988 4028; x_wconf 88' lang='lat' dir='ltr'><strong>levi</strong></span> <span class='ocrx_word' id='word_1_458' title='bbox 1044 3970 1091 4029; x_wconf 89' lang='grc' dir='ltr'>οίει</span> <span class='ocrx_word' id='word_1_459' title='bbox 1106 3991 1139 4048; x_wconf 92' lang='grc' dir='ltr'><strong>με</strong></span> <span class='ocrx_word' id='word_1_460' title='bbox 1153 3972 1197 4028; x_wconf 77' lang='grc' dir='ltr'><strong>νῦν</strong></span> <span class='ocrx_word' id='word_1_461' title='bbox 1210 3970 1327 4043; x_wconf 75' lang='grc' dir='ltr'>ἀθυμεῖν,</span> <span class='ocrx_word' id='word_1_462' title='bbox 1337 3963 1489 4025; x_wconf 78' lang='grc' dir='ltr'>ἀκούσαντα</span> <span class='ocrx_word' id='word_1_463' title='bbox 1504 3969 1589 4022; x_wconf 81' lang='grc' dir='ltr'>ταῦτα</span> <span class='ocrx_word' id='word_1_464' title='bbox 1602 3965 1677 4044; x_wconf 81' lang='grc' dir='ltr'>άπερ</span> <span class='ocrx_word' id='word_1_465' title='bbox 1695 3968 1829 4027; x_wconf 58' lang='lat' dir='ltr'><strong>ansaru-</strong></span> 
     </span>
     <span class='ocr_line' id='line_1_39' title="bbox 271 4053 1830 4137; baseline 0.003 -24"><span class='ocrx_word' id='word_1_466' title='bbox 271 4075 385 4115; x_wconf 85' lang='lat' dir='ltr'><strong>moerorc</strong></span> <span class='ocrx_word' id='word_1_467' title='bbox 396 4056 468 4116; x_wconf 85' lang='lat' dir='ltr'><strong>affici</strong></span> <span class='ocrx_word' id='word_1_468' title='bbox 479 4076 578 4132; x_wconf 87' lang='lat' dir='ltr'><strong>censes,</strong></span> <span class='ocrx_word' id='word_1_469' title='bbox 588 4076 651 4114; x_wconf 88' lang='lat' dir='ltr'><strong>cum</strong></span> <span class='ocrx_word' id='word_1_470' title='bbox 664 4076 695 4114; x_wconf 85' lang='lat' dir='ltr'><strong>ea</strong></span> <span class='ocrx_word' id='word_1_471' title='bbox 708 4055 814 4132; x_wconf 83' lang='lat' dir='ltr'><strong>audivi,</strong></span> <span class='ocrx_word' id='word_1_472' title='bbox 827 4079 887 4137; x_wconf 78' lang='lat' dir='ltr'><strong>qua</strong></span> <span class='ocrx_word' id='word_1_473' title='bbox 897 4058 931 4118; x_wconf 88' lang='lat' dir='ltr'><strong>ad</strong></span> <span class='ocrx_word' id='word_1_474' title='bbox 946 4082 988 4121; x_wconf 91' lang='lat' dir='ltr'><strong>me</strong></span> <span class='ocrx_word' id='word_1_475' title='bbox 1043 4084 1092 4130; x_wconf 90' lang='grc' dir='ltr'><strong>κας</strong></span> <span class='ocrx_word' id='word_1_476' title='bbox 1103 4106 1111 4135; x_wconf 93' lang='grc'>,</span> <span class='ocrx_word' id='word_1_477' title='bbox 1124 4059 1166 4119; x_wconf 77' lang='lat' dir='ltr'><strong>dcc</strong></span> <span class='ocrx_word' id='word_1_478' title='bbox 1179 4054 1254 4137; x_wconf 80' lang='grc' dir='ltr'>παρδ</span> <span class='ocrx_word' id='word_1_479' title='bbox 1267 4060 1319 4115; x_wconf 81' lang='grc' dir='ltr'><strong>τῶν</strong></span> <span class='ocrx_word' id='word_1_480' title='bbox 1339 4053 1453 4128; x_wconf 83' lang='grc' dir='ltr'>αίκείων,</span> <span class='ocrx_word' id='word_1_481' title='bbox 1473 4054 1532 4126; x_wconf 75' lang='grc' dir='ltr'>ἤτοι</span> <span class='ocrx_word' id='word_1_482' title='bbox 1548 4053 1630 4121; x_wconf 77' lang='grc' dir='ltr'>ξένων</span> <span class='ocrx_word' id='word_1_483' title='bbox 1652 4059 1664 4130; x_wconf 89' lang='grc'>(</span> <span class='ocrx_word' id='word_1_484' title='bbox 1671 4058 1769 4124; x_wconf 79' lang='grc' dir='ltr'>αὐτοῖς</span> <span class='ocrx_word' id='word_1_485' title='bbox 1782 4058 1830 4137; x_wconf 75' lang='grc' dir='ltr'><strong>γάρ</strong></span> 
     </span>
     <span class='ocr_line' id='line_1_40' title="bbox 270 4144 1829 4234; baseline 0.007 -30"><span class='ocrx_word' id='word_1_486' title='bbox 270 4146 551 4226; x_wconf 87' lang='lat' dir='ltr'><strong>scripsisti,nimirum</strong></span> <span class='ocrx_word' id='word_1_487' title='bbox 573 4161 599 4206; x_wconf 90' lang='lat' dir='ltr'><strong>te</strong></span> <span class='ocrx_word' id='word_1_488' title='bbox 619 4169 635 4207; x_wconf 85' lang='lat' dir='ltr'><strong>a</strong></span> <span class='ocrx_word' id='word_1_489' title='bbox 654 4147 824 4227; x_wconf 89' lang='lat' dir='ltr'><strong>propinquis,</strong></span> <span class='ocrx_word' id='word_1_490' title='bbox 843 4151 886 4209; x_wconf 85' lang='lat' dir='ltr'><strong>vel</strong></span> <span class='ocrx_word' id='word_1_491' title='bbox 899 4152 989 4231; x_wconf 91' lang='lat' dir='ltr'><strong>potius</strong></span> <span class='ocrx_word' id='word_1_492' title='bbox 1044 4178 1090 4214; x_wconf 84' lang='grc' dir='ltr'>σω</span> <span class='ocrx_word' id='word_1_493' title='bbox 1102 4151 1238 4234; x_wconf 79' lang='grc' dir='ltr'>χρήσομαι</span> <span class='ocrx_word' id='word_1_494' title='bbox 1248 4156 1303 4216; x_wconf 79' lang='grc' dir='ltr'>τοῖς</span> <span class='ocrx_word' id='word_1_495' title='bbox 1314 4147 1432 4227; x_wconf 69' lang='grc' dir='ltr'>ῥύμασι)</span> <span class='ocrx_word' id='word_1_496' title='bbox 1445 4144 1586 4226; x_wconf 74' lang='grc' dir='ltr'>προδοσίας</span> <span class='ocrx_word' id='word_1_497' title='bbox 1600 4149 1829 4227; x_wconf 50' lang='lat' dir='ltr'><strong>&amp;susspirans</strong></span> 
     </span>
     <span class='ocr_line' id='line_1_41' title="bbox 270 4237 1830 4324; baseline 0.004 -29"><span class='ocrx_word' id='word_1_498' title='bbox 270 4237 366 4297; x_wconf 89' lang='lat' dir='ltr'><strong>alienis</strong></span> <span class='ocrx_word' id='word_1_499' title='bbox 380 4240 462 4320; x_wconf 89' lang='lat' dir='ltr'><strong>(ipsis</strong></span> <span class='ocrx_word' id='word_1_500' title='bbox 477 4241 548 4300; x_wconf 89' lang='lat' dir='ltr'><strong>enim</strong></span> <span class='ocrx_word' id='word_1_501' title='bbox 564 4238 619 4299; x_wconf 92' lang='lat' dir='ltr'><strong>tuis</strong></span> <span class='ocrx_word' id='word_1_502' title='bbox 637 4238 729 4299; x_wconf 86' lang='lat' dir='ltr'><strong>verbis</strong></span> <span class='ocrx_word' id='word_1_503' title='bbox 754 4249 833 4316; x_wconf 88' lang='lat' dir='ltr'><strong>utar)</strong></span> <span class='ocrx_word' id='word_1_504' title='bbox 854 4241 991 4323; x_wconf 88' lang='lat' dir='ltr'><strong>proditam</strong></span> <span class='ocrx_word' id='word_1_505' title='bbox 1044 4245 1089 4305; x_wconf 82' lang='grc' dir='ltr'><strong>καί</strong></span> <span class='ocrx_word' id='word_1_506' title='bbox 1113 4241 1261 4324; x_wconf 74' lang='grc' dir='ltr'>τραγῳδίας</span> <span class='ocrx_word' id='word_1_507' title='bbox 1281 4238 1415 4321; x_wconf 74' lang='grc' dir='ltr'>χαλεπάςς</span> <span class='ocrx_word' id='word_1_508' title='bbox 1439 4237 1529 4320; x_wconf 82' lang='grc' dir='ltr'>Μίχρι</span> <span class='ocrx_word' id='word_1_509' title='bbox 1553 4237 1626 4306; x_wconf 87' lang='grc' dir='ltr'>τίνος</span> <span class='ocrx_word' id='word_1_510' title='bbox 1653 4244 1698 4320; x_wconf 79' lang='grc' dir='ltr'>τῷ</span> <span class='ocrx_word' id='word_1_511' title='bbox 1735 4245 1830 4320; x_wconf 76' lang='grc' dir='ltr'>καπνῷ</span> 
     </span>
     <span class='ocr_line' id='line_1_42' title="bbox 271 4330 1831 4418; baseline 0.004 -31"><span class='ocrx_word' id='word_1_512' title='bbox 271 4348 338 4404; x_wconf 87' lang='lat' dir='ltr'><strong>esse,</strong></span> <span class='ocrx_word' id='word_1_513' title='bbox 348 4350 498 4410; x_wconf 75' lang='lat' dir='ltr'><strong>gravesque</strong></span> <span class='ocrx_word' id='word_1_514' title='bbox 512 4331 657 4413; x_wconf 77' lang='lat' dir='ltr'><strong>tragoedins</strong></span> <span class='ocrx_word' id='word_1_515' title='bbox 676 4331 992 4414; x_wconf 74' lang='lat' dir='ltr'><strong>pertulissetQuousque</strong></span> <span class='ocrx_word' id='word_1_516' title='bbox 1045 4333 1235 4418; x_wconf 77' lang='grc' dir='ltr'>πρασιδρεύεις,</span> <span class='ocrx_word' id='word_1_517' title='bbox 1244 4332 1275 4391; x_wconf 79' lang='lat' dir='ltr'><strong>cb</strong></span> <span class='ocrx_word' id='word_1_518' title='bbox 1284 4331 1377 4399; x_wconf 83' lang='grc' dir='ltr'>διειδίς</span> <span class='ocrx_word' id='word_1_519' title='bbox 1391 4355 1437 4393; x_wconf 83' lang='grc' dir='ltr'><strong>σαι</strong></span> <span class='ocrx_word' id='word_1_520' title='bbox 1451 4336 1497 4390; x_wconf 78' lang='grc' dir='ltr'>τοῦ</span> <span class='ocrx_word' id='word_1_521' title='bbox 1517 4330 1585 4390; x_wconf 73' lang='grc' dir='ltr'>κατὰ</span> <span class='ocrx_word' id='word_1_522' title='bbox 1599 4332 1698 4412; x_wconf 73' lang='grc' dir='ltr'>ψυχὴν</span> <span class='ocrx_word' id='word_1_523' title='bbox 1707 4334 1831 4413; x_wconf 71' lang='grc' dir='ltr'>ὄμματος</span> 
     </span>
     <span class='ocr_line' id='line_1_43' title="bbox 141 4417 1829 4505; baseline 0.007 -31"><span class='ocrx_word' id='word_1_524' title='bbox 141 4483 149 4497; x_wconf 90' lang='lat'><strong>.</strong></span> <span class='ocrx_word' id='word_1_525' title='bbox 272 4417 349 4477; x_wconf 82' lang='lat' dir='ltr'><strong>sumo</strong></span> <span class='ocrx_word' id='word_1_526' title='bbox 361 4421 472 4497; x_wconf 87' lang='lat' dir='ltr'><strong>assides,</strong></span> <span class='ocrx_word' id='word_1_527' title='bbox 487 4436 513 4481; x_wconf 85' lang='lat' dir='ltr'><strong>et</strong></span> <span class='ocrx_word' id='word_1_528' title='bbox 536 4423 639 4482; x_wconf 85' lang='lat' dir='ltr'><strong>clarum</strong></span> <span class='ocrx_word' id='word_1_529' title='bbox 655 4423 738 4482; x_wconf 86' lang='lat' dir='ltr'><strong>animi</strong></span> <span class='ocrx_word' id='word_1_530' title='bbox 753 4424 863 4484; x_wconf 90' lang='lat' dir='ltr'><strong>oculum</strong></span> <span class='ocrx_word' id='word_1_531' title='bbox 876 4426 994 4486; x_wconf 76' lang='lat' dir='ltr'><strong>turbas?</strong></span> <span class='ocrx_word' id='word_1_532' title='bbox 1044 4431 1213 4497; x_wconf 77' lang='grc' dir='ltr'>ἐπιθαλοῦαας</span> <span class='ocrx_word' id='word_1_533' title='bbox 1230 4424 1311 4505; x_wconf 73' lang='grc' dir='ltr'>μέχρι</span> <span class='ocrx_word' id='word_1_534' title='bbox 1328 4423 1397 4491; x_wconf 73' lang='grc' dir='ltr'>τίνοι</span> <span class='ocrx_word' id='word_1_535' title='bbox 1417 4427 1465 4483; x_wconf 62' lang='grc' dir='ltr'>οὖν</span> <span class='ocrx_word' id='word_1_536' title='bbox 1484 4427 1629 4504; x_wconf 65' lang='grc' dir='ltr'>ἔδειθερθῖς</span> <span class='ocrx_word' id='word_1_537' title='bbox 1654 4427 1767 4498; x_wconf 79' lang='grc' dir='ltr'>σαυτὴν</span> <span class='ocrx_word' id='word_1_538' title='bbox 1788 4452 1829 4485; x_wconf 88' lang='grc' dir='ltr'><strong>πι-</strong></span> 
     </span>
     <span class='ocr_line' id='line_1_44' title="bbox 271 4512 1833 4600; baseline 0.004 -32"><span class='ocrx_word' id='word_1_539' title='bbox 271 4529 454 4588; x_wconf 86' lang='lat' dir='ltr'><strong>numquamne</strong></span> <span class='ocrx_word' id='word_1_540' title='bbox 469 4527 494 4572; x_wconf 91' lang='lat' dir='ltr'><strong>te</strong></span> <span class='ocrx_word' id='word_1_541' title='bbox 513 4514 548 4573; x_wconf 90' lang='lat' dir='ltr'><strong>ab</strong></span> <span class='ocrx_word' id='word_1_542' title='bbox 571 4514 622 4573; x_wconf 85' lang='lat' dir='ltr'><strong>bac</strong></span> <span class='ocrx_word' id='word_1_543' title='bbox 636 4516 808 4576; x_wconf 86' lang='lat' dir='ltr'><strong>acerbissima</strong></span> <span class='ocrx_word' id='word_1_544' title='bbox 821 4518 951 4578; x_wconf 83' lang='lat' dir='ltr'><strong>servitute</strong></span> <span class='ocrx_word' id='word_1_545' title='bbox 962 4519 990 4579; x_wconf 93' lang='lat' dir='ltr'><strong>in</strong></span> <span class='ocrx_word' id='word_1_546' title='bbox 1043 4518 1174 4600; x_wconf 74' lang='grc' dir='ltr'>κρυτάεης</span> <span class='ocrx_word' id='word_1_547' title='bbox 1194 4516 1330 4589; x_wconf 79' lang='grc' dir='ltr'>δυυλείαςς</span> <span class='ocrx_word' id='word_1_548' title='bbox 1354 4515 1390 4575; x_wconf 86' lang='grc' dir='ltr'>Τί</span> <span class='ocrx_word' id='word_1_549' title='bbox 1413 4515 1440 4574; x_wconf 82' lang='grc' dir='ltr'><strong>δὲ</strong></span> <span class='ocrx_word' id='word_1_550' title='bbox 1464 4514 1509 4573; x_wconf 84' lang='grc' dir='ltr'><strong>καί</strong></span> <span class='ocrx_word' id='word_1_551' title='bbox 1528 4512 1560 4573; x_wconf 75' lang='lat' dir='ltr'><strong>cb</strong></span> <span class='ocrx_word' id='word_1_552' title='bbox 1577 4514 1685 4574; x_wconf 91' lang='grc' dir='ltr'>κωλύον</span> <span class='ocrx_word' id='word_1_553' title='bbox 1718 4520 1833 4577; x_wconf 75' lang='grc' dir='ltr'>ἐνταῦθα</span> 
     </span>
     <span class='ocr_line' id='line_1_45' title="bbox 271 4600 1832 4694; baseline 0.006 -36"><span class='ocrx_word' id='word_1_554' title='bbox 271 4600 423 4660; x_wconf 86' lang='lat' dir='ltr'><strong>libertatem</strong></span> <span class='ocrx_word' id='word_1_555' title='bbox 441 4603 615 4663; x_wconf 78' lang='lat' dir='ltr'><strong>vindicabis?</strong></span> <span class='ocrx_word' id='word_1_556' title='bbox 629 4606 704 4680; x_wconf 91' lang='lat' dir='ltr'><strong>Quid</strong></span> <span class='ocrx_word' id='word_1_557' title='bbox 713 4621 803 4667; x_wconf 86' lang='lat' dir='ltr'><strong>autem</strong></span> <span class='ocrx_word' id='word_1_558' title='bbox 814 4608 987 4690; x_wconf 85' lang='lat' dir='ltr'><strong>impediebat,</strong></span> <span class='ocrx_word' id='word_1_559' title='bbox 1042 4608 1252 4694; x_wconf 84' lang='grc' dir='ltr'>παραγενέσθαι,</span> <span class='ocrx_word' id='word_1_560' title='bbox 1269 4607 1315 4666; x_wconf 85' lang='grc' dir='ltr'><strong>καί</strong></span> <span class='ocrx_word' id='word_1_561' title='bbox 1334 4606 1503 4689; x_wconf 80' lang='grc' dir='ltr'>περὶτούτων</span> <span class='ocrx_word' id='word_1_562' title='bbox 1519 4611 1591 4682; x_wconf 72' lang='grc' dir='ltr'>ἡμᾶς</span> <span class='ocrx_word' id='word_1_563' title='bbox 1612 4610 1693 4686; x_wconf 80' lang='grc' dir='ltr'>καινῇ</span> <span class='ocrx_word' id='word_1_564' title='bbox 1721 4611 1832 4687; x_wconf 82' lang='grc' dir='ltr'>βουλεύ-</span> 
     </span>
     <span class='ocr_line' id='line_1_46' title="bbox 272 4692 1835 4780; baseline 0.008 -30"><span class='ocrx_word' id='word_1_565' title='bbox 272 4710 326 4771; x_wconf 89' lang='lat' dir='ltr'><strong>quo</strong></span> <span class='ocrx_word' id='word_1_566' title='bbox 347 4692 438 4751; x_wconf 91' lang='lat' dir='ltr'><strong>miuus</strong></span> <span class='ocrx_word' id='word_1_567' title='bbox 461 4693 516 4753; x_wconf 91' lang='lat' dir='ltr'><strong>huc</strong></span> <span class='ocrx_word' id='word_1_568' title='bbox 533 4694 647 4770; x_wconf 85' lang='lat' dir='ltr'><strong>venires,</strong></span> <span class='ocrx_word' id='word_1_569' title='bbox 669 4718 770 4777; x_wconf 87' lang='lat' dir='ltr'><strong>uosque</strong></span> <span class='ocrx_word' id='word_1_570' title='bbox 791 4698 826 4758; x_wconf 93' lang='lat' dir='ltr'><strong>de</strong></span> <span class='ocrx_word' id='word_1_571' title='bbox 844 4699 889 4760; x_wconf 90' lang='lat' dir='ltr'><strong>bis</strong></span> <span class='ocrx_word' id='word_1_572' title='bbox 909 4701 990 4762; x_wconf 90' lang='lat' dir='ltr'><strong>rebus</strong></span> <span class='ocrx_word' id='word_1_573' title='bbox 1043 4709 1159 4778; x_wconf 75' lang='grc' dir='ltr'>σασθαις</span> <span class='ocrx_word' id='word_1_574' title='bbox 1177 4698 1292 4780; x_wconf 80' lang='grc' dir='ltr'>ίίαίγδρ</span> <span class='ocrx_word' id='word_1_575' title='bbox 1305 4699 1370 4780; x_wconf 82' lang='grc' dir='ltr'>έρης</span> <span class='ocrx_word' id='word_1_576' title='bbox 1385 4699 1447 4777; x_wconf 88' lang='grc' dir='ltr'>μηδ’</span> <span class='ocrx_word' id='word_1_577' title='bbox 1463 4698 1495 4755; x_wconf 79' lang='grc' dir='ltr'><strong>δν</strong></span> <span class='ocrx_word' id='word_1_578' title='bbox 1516 4695 1641 4768; x_wconf 81' lang='grc' dir='ltr'>αἴσθησιν</span> <span class='ocrx_word' id='word_1_579' title='bbox 1661 4701 1773 4761; x_wconf 70' lang='grc' dir='ltr'>τούτων</span> <span class='ocrx_word' id='word_1_580' title='bbox 1788 4705 1835 4762; x_wconf 87' lang='grc' dir='ltr'><strong>λα-</strong></span> 
     </span>
     <span class='ocr_line' id='line_1_47' title="bbox 272 4782 1835 4872; baseline 0.006 -29"><span class='ocrx_word' id='word_1_581' title='bbox 272 4782 415 4843; x_wconf 87' lang='lat' dir='ltr'><strong>consilium</strong></span> <span class='ocrx_word' id='word_1_582' title='bbox 429 4804 482 4842; x_wconf 90' lang='lat' dir='ltr'><strong>uua</strong></span> <span class='ocrx_word' id='word_1_583' title='bbox 496 4787 674 4865; x_wconf 79' lang='lat' dir='ltr'><strong>caperemus?</strong></span> <span class='ocrx_word' id='word_1_584' title='bbox 696 4789 835 4868; x_wconf 86' lang='lat' dir='ltr'><strong>Siquidem</strong></span> <span class='ocrx_word' id='word_1_585' title='bbox 855 4792 953 4854; x_wconf 83' lang='lat' dir='ltr'><strong>scribis</strong></span> <span class='ocrx_word' id='word_1_586' title='bbox 965 4807 990 4853; x_wconf 88' lang='lat' dir='ltr'><strong>te</strong></span> <span class='ocrx_word' id='word_1_587' title='bbox 1042 4797 1108 4870; x_wconf 79' lang='grc' dir='ltr'>ύιῐν,</span> <span class='ocrx_word' id='word_1_588' title='bbox 1124 4796 1148 4854; x_wconf 87' lang='grc' dir='ltr'><strong>εί</strong></span> <span class='ocrx_word' id='word_1_589' title='bbox 1159 4799 1235 4853; x_wconf 75' lang='grc' dir='ltr'>ταῦτα</span> <span class='ocrx_word' id='word_1_590' title='bbox 1244 4792 1359 4872; x_wconf 82' lang='grc' dir='ltr'>γέγονεν.</span> <span class='ocrx_word' id='word_1_591' title='bbox 1373 4787 1445 4869; x_wconf 82' lang='grc' dir='ltr'>Ἐγὼ</span> <span class='ocrx_word' id='word_1_592' title='bbox 1458 4787 1558 4870; x_wconf 84' lang='grc' dir='ltr'>σρύδρα</span> <span class='ocrx_word' id='word_1_593' title='bbox 1575 4788 1776 4869; x_wconf 79' lang='grc' dir='ltr'>έκπλήττομαι</span> <span class='ocrx_word' id='word_1_594' title='bbox 1791 4797 1835 4855; x_wconf 83' lang='grc' dir='ltr'><strong>καὶ</strong></span> 
     </span>
    </p>
   </div>
   <div class='ocr_carea' id='block_1_4' title="bbox 268 4917 1837 5159">
    <p class='ocr_par' dir='ltr' id='par_1_4' title="bbox 268 4917 1837 5159">
     <span class='ocr_line' id='line_1_48' title="bbox 303 4917 1837 5001; baseline 0.004 -21"><span class='ocrx_word' id='word_1_595' title='bbox 303 4921 317 4959; x_wconf 75' lang='lat'><strong>&#39;²</strong></span> <span class='ocrx_word' id='word_1_596' title='bbox 332 4917 437 4971; x_wconf 63' lang='grc' dir='ltr'><strong>(ἶῡῐθίῐῦο</strong></span> <span class='ocrx_word' id='word_1_597' title='bbox 450 4927 487 4974; x_wconf 75' lang='lat' dir='ltr'><strong>eat</strong></span> <span class='ocrx_word' id='word_1_598' title='bbox 499 4931 538 4982; x_wconf 69' lang='grc' dir='ltr'><strong>τίς</strong></span> <span class='ocrx_word' id='word_1_599' title='bbox 547 4928 645 4989; x_wconf 64' lang='grc' dir='ltr'>εἱρκτῆς·</span> <span class='ocrx_word' id='word_1_600' title='bbox 1053 4932 1189 5000; x_wconf 74' lang='lat' dir='ltr'><strong>pollutione</strong></span> <span class='ocrx_word' id='word_1_601' title='bbox 1198 4927 1336 4981; x_wconf 82' lang='lat' dir='ltr'><strong>honorifica</strong></span> <span class='ocrx_word' id='word_1_602' title='bbox 1346 4935 1589 4999; x_wconf 67' lang='grc' dir='ltr'>μεγαλοπρεπέστατα,</span> <span class='ocrx_word' id='word_1_603' title='bbox 1596 4938 1653 4978; x_wconf 91' lang='lat' dir='ltr'><strong>tum</strong></span> <span class='ocrx_word' id='word_1_604' title='bbox 1665 4929 1837 5001; x_wconf 82' lang='lat' dir='ltr'><strong>etiam,quod</strong></span> 
     </span>
     <span class='ocr_line' id='line_1_49' title="bbox 302 5003 1836 5080; baseline 0.009 -29"><span class='ocrx_word' id='word_1_605' title='bbox 302 5012 314 5039; x_wconf 79' lang='lat'>⁸</span> <span class='ocrx_word' id='word_1_606' title='bbox 330 5007 375 5058; x_wconf 75' lang='grc' dir='ltr'>τὴν</span> <span class='ocrx_word' id='word_1_607' title='bbox 385 5006 561 5066; x_wconf 58' lang='lat' dir='ltr'><strong>possesor-stas:</strong></span> <span class='ocrx_word' id='word_1_608' title='bbox 574 5011 686 5053; x_wconf 80' lang='lat' dir='ltr'><strong>verteret</strong></span> <span class='ocrx_word' id='word_1_609' title='bbox 696 5003 798 5057; x_wconf 70' lang='lat' dir='ltr'><strong>satius:</strong></span> <span class='ocrx_word' id='word_1_610' title='bbox 811 5007 866 5080; x_wconf 78' lang='lat' dir='ltr'><strong>Qui</strong></span> <span class='ocrx_word' id='word_1_611' title='bbox 881 5021 907 5062; x_wconf 87' lang='lat' dir='ltr'><strong>te</strong></span> <span class='ocrx_word' id='word_1_612' title='bbox 917 5011 954 5061; x_wconf 84' lang='lat' dir='ltr'><strong>ad</strong></span> <span class='ocrx_word' id='word_1_613' title='bbox 963 5009 1030 5062; x_wconf 84' lang='grc' dir='ltr'>ίιαιια</span> <span class='ocrx_word' id='word_1_614' title='bbox 1054 5013 1080 5063; x_wconf 87' lang='lat' dir='ltr'><strong>in</strong></span> <span class='ocrx_word' id='word_1_615' title='bbox 1091 5009 1147 5063; x_wconf 83' lang='lat' dir='ltr'><strong>aliis</strong></span> <span class='ocrx_word' id='word_1_616' title='bbox 1155 5006 1269 5076; x_wconf 83' lang='lat' dir='ltr'><strong>epistolis</strong></span> <span class='ocrx_word' id='word_1_617' title='bbox 1275 5010 1308 5059; x_wconf 87' lang='lat'><strong>70</strong></span> <span class='ocrx_word' id='word_1_618' title='bbox 1317 5017 1343 5057; x_wconf 91' lang='lat' dir='ltr'><strong>et</strong></span> <span class='ocrx_word' id='word_1_619' title='bbox 1353 5009 1399 5056; x_wconf 76' lang='lat' dir='ltr'><strong>tta</strong></span> <span class='ocrx_word' id='word_1_620' title='bbox 1409 5006 1584 5072; x_wconf 76' lang='lat' dir='ltr'><strong>magistratum</strong></span> <span class='ocrx_word' id='word_1_621' title='bbox 1595 5008 1705 5069; x_wconf 63' lang='lat' dir='ltr'><strong>gessisse</strong></span> <span class='ocrx_word' id='word_1_622' title='bbox 1717 5024 1836 5065; x_wconf 79' lang='lat' dir='ltr'><strong>constet.</strong></span> 
     </span>
     <span class='ocr_line' id='line_1_50' title="bbox 268 5075 1835 5159; baseline 0.01 -32"><span class='ocrx_word' id='word_1_623' title='bbox 268 5075 402 5127; x_wconf 76' lang='lat' dir='ltr'><strong>sacerdotii</strong></span> <span class='ocrx_word' id='word_1_624' title='bbox 416 5077 564 5144; x_wconf 76' lang='lat' dir='ltr'><strong>dignitatem</strong></span> <span class='ocrx_word' id='word_1_625' title='bbox 579 5078 713 5145; x_wconf 77' lang='grc' dir='ltr'>ριυνείιενε</span> <span class='ocrx_word' id='word_1_626' title='bbox 726 5099 838 5152; x_wconf 71' lang='lat' dir='ltr'><strong>queant,</strong></span> <span class='ocrx_word' id='word_1_627' title='bbox 851 5087 896 5140; x_wconf 80' lang='lat' dir='ltr'><strong>sed</strong></span> <span class='ocrx_word' id='word_1_628' title='bbox 908 5088 989 5142; x_wconf 79' lang='lat' dir='ltr'><strong>male:</strong></span> <span class='ocrx_word' id='word_1_629' title='bbox 1003 5088 1030 5141; x_wconf 85' lang='lat' dir='ltr'><strong>id</strong></span> <span class='ocrx_word' id='word_1_630' title='bbox 1055 5091 1120 5142; x_wconf 83' lang='lat' dir='ltr'><strong>Puto</strong></span> <span class='ocrx_word' id='word_1_631' title='bbox 1130 5090 1215 5155; x_wconf 82' lang='lat' dir='ltr'><strong>itaque</strong></span> <span class='ocrx_word' id='word_1_632' title='bbox 1226 5104 1284 5137; x_wconf 91' lang='lat' dir='ltr'><strong>cum</strong></span> <span class='ocrx_word' id='word_1_633' title='bbox 1295 5088 1424 5136; x_wconf 82' lang='lat' dir='ltr'><strong>Frontone</strong></span> <span class='ocrx_word' id='word_1_634' title='bbox 1435 5085 1527 5136; x_wconf 77' lang='lat' dir='ltr'><strong>Docaeo</strong></span> <span class='ocrx_word' id='word_1_635' title='bbox 1537 5082 1579 5135; x_wconf 85' lang='lat' dir='ltr'><strong>bic</strong></span> <span class='ocrx_word' id='word_1_636' title='bbox 1588 5081 1621 5135; x_wconf 84' lang='lat' dir='ltr'><strong>de</strong></span> <span class='ocrx_word' id='word_1_637' title='bbox 1630 5082 1774 5152; x_wconf 70' lang='lat' dir='ltr'><strong>baptismo</strong></span> <span class='ocrx_word' id='word_1_638' title='bbox 1784 5095 1835 5159; x_wconf 77' lang='lat' dir='ltr'><strong>agi,</strong></span> 
     </span>
    </p>
   </div>
   <div class='ocr_carea' id='block_1_5' title="bbox 268 5154 1431 5315">
    <p class='ocr_par' dir='ltr' id='par_1_5' title="bbox 268 5154 1431 5315">
     <span class='ocr_line' id='line_1_51' title="bbox 268 5154 1431 5238; baseline 0.009 -30"><span class='ocrx_word' id='word_1_639' title='bbox 268 5156 335 5208; x_wconf 83' lang='lat' dir='ltr'><strong>enlm</strong></span> <span class='ocrx_word' id='word_1_640' title='bbox 346 5168 428 5221; x_wconf 73' lang='lat' dir='ltr'><strong>greca</strong></span> <span class='ocrx_word' id='word_1_641' title='bbox 439 5170 491 5205; x_wconf 91' lang='lat' dir='ltr'><strong>non</strong></span> <span class='ocrx_word' id='word_1_642' title='bbox 501 5154 654 5220; x_wconf 82' lang='lat' dir='ltr'><strong>exprimunt.</strong></span> <span class='ocrx_word' id='word_1_643' title='bbox 663 5170 689 5209; x_wconf 90' lang='lat' dir='ltr'><strong>et</strong></span> <span class='ocrx_word' id='word_1_644' title='bbox 697 5159 836 5215; x_wconf 82' lang='lat' dir='ltr'><strong>Gemellum</strong></span> <span class='ocrx_word' id='word_1_645' title='bbox 848 5163 917 5218; x_wconf 88' lang='lat' dir='ltr'><strong>bunc</strong></span> <span class='ocrx_word' id='word_1_646' title='bbox 927 5184 958 5219; x_wconf 85' lang='lat' dir='ltr'><strong>ex</strong></span> <span class='ocrx_word' id='word_1_647' title='bbox 970 5169 1030 5220; x_wconf 74' lang='lat' dir='ltr'><strong>uiris</strong></span> <span class='ocrx_word' id='word_1_648' title='bbox 1055 5186 1129 5238; x_wconf 82' lang='lat' dir='ltr'><strong>quem</strong></span> <span class='ocrx_word' id='word_1_649' title='bbox 1140 5177 1286 5234; x_wconf 81' lang='lat' dir='ltr'><strong>susceperat</strong></span> <span class='ocrx_word' id='word_1_650' title='bbox 1296 5162 1431 5218; x_wconf 85' lang='lat' dir='ltr'><strong>Gemellus.</strong></span> 
     </span>
     <span class='ocr_line' id='line_1_52' title="bbox 268 5229 1027 5315; baseline 0.02 -32"><span class='ocrx_word' id='word_1_651' title='bbox 268 5230 425 5315; x_wconf 74' lang='lat' dir='ltr'><strong>primariiret</strong></span> <span class='ocrx_word' id='word_1_652' title='bbox 434 5229 630 5285; x_wconf 74' lang='lat' dir='ltr'><strong>exsecutoribus</strong></span> <span class='ocrx_word' id='word_1_653' title='bbox 647 5232 721 5289; x_wconf 62' lang='lat' dir='ltr'><strong>truse</strong></span> <span class='ocrx_word' id='word_1_654' title='bbox 736 5251 945 5309; x_wconf 81' lang='lat' dir='ltr'><strong>constet,tumex</strong></span> <span class='ocrx_word' id='word_1_655' title='bbox 957 5263 1027 5298; x_wconf 91' lang='lat' dir='ltr'><strong>com-</strong></span> 
     </span>
    </p>
   </div>
   <div class='ocr_carea' id='block_1_6' title="bbox 414 5410 446 5429">
    <p class='ocr_par' dir='ltr' id='par_1_6' title="bbox 414 5410 446 5429">
     <span class='ocr_line' id='line_1_53' title="bbox 414 5410 446 5429; baseline 0 0"><span class='ocrx_word' id='word_1_656' title='bbox 414 5410 446 5429; x_wconf 61' lang='grc' dir='ltr'><strong><em>Μ</em></strong></span> 
     </span>
    </p>
   </div>
   <div class='ocr_carea' id='block_1_7' title="bbox 0 0 1903 5992">
    <p class='ocr_par' dir='ltr' id='par_1_7' title="bbox 0 0 1903 5992">
     <span class='ocr_line' id='line_1_54' title="bbox 0 0 1903 5992; baseline 0 0"><span class='ocrx_word' id='word_1_657' title='bbox 0 0 1903 5992; x_wconf 95' lang='lat' dir='ltr'><strong> </strong></span> 
     </span>
    </p>
   </div>
  </div>
 </body>
</html>
