3764 5992
613 422 701 483 ouon
727 423 822 471 nuno
848 423 998 473 inorruit
1023 424 1090 474 rusi
1115 424 1136 473 ιι
1164 425 1289 475 smnso.
1652 404 1724 498 545

185 543 232 605 καί
242 548 357 604 τοσαῦτα
373 547 431 607 καθ’
443 543 557 617 ἑκάστην
572 545 684 626 πάσχων
698 547 747 620 τλν
760 548 874 628 ἡμέραν,
889 548 957 628 preb
1007 548 1211 610 niomanimum
1220 551 1258 612 ad
1265 551 1393 613 uirtutem
1401 565 1525 634 paratum
1534 572 1587 614 non
1596 552 1723 616 hahebat

186 638 335 709 πολλῆς
302 660 350 707 της
363 636 510 718 προθυμίας
519 636 567 710 vlu
580 641 652 705 εἶς’
626 661 656 696 ου
659 639 735 720 ρανδν
746 638 873 721 φίρουσαν
880 638 956 751 ltpr-
1008 641 1062 703 Sed
1074 642 1175 703 Paulus
1191 642 1302 722 quidem
1311 657 1337 705 et
1349 665 1413 705 eum
1425 644 1496 705 tame
1508 644 1622 719 luctans,
1636 659 1663 709 et
1676 667 1723 707 ne·

184 753 233 809 χεν
246 728 320 788 ὁδόν·
313 727 470 797 ·ἐιιέῖνοςδὲ
485 728 530 788 καί
543 729 595 809 πρὸ
606 751 699 789 τουτου
710 730 832 803 κλτθιίς
846 754 891 790 και
904 735 957 791 τῶν
973 743 992 791 n
1007 749 1122 788 cessario
1132 750 1211 809 egens
1222 729 1360 808 ahmentn
1367 745 1478 792 ettanta
1491 754 1520 793 ιιι
1532 733 1592 795 dies
1601 733 1723 814 singulos

184 824 272 881 αὐτῶν
288 820 441 889 ἀπολαύσας
455 812 544 902 ὦνπερ
554 821 600 880 καὶ
613 822 707 896 αὐτὸς,
723 821 770 882 καί
789 823 897 901 μυηθεὶς
906 822 956 897 τὴν
1005 822 1152 902 perferens,
1166 841 1265 902 magna
1285 845 1348 884 cum
1368 823 1549 884 alacritate
1520 846 1595 887 viam
1611 847 1672 905 quae
1687 825 1723 887 ad

183 913 313 973 ἀνωτάτω
327 911 493 995 φιλοσοφίαν,
517 844 564 972 apul
582 912 714 994 τραπέζης
728 911 869 994 μετασχὼν
884 918 956 994 ίεράς
1005 913 1101 973 oaelum
1115 914 1202 992 ducit,
1215 916 1352 992 currebat,
1363 930 1392 976 at
1409 915 1456 977 tlle
1468 929 1495 976 et
1511 930 1573 981 ante
1584 916 1658 978 buno
1670 940 1721 991 vo

184 1006 278 1066 καί”
243 1030 296 1064 των
314 1004 535 1085 φρικωδεστάτων
554 1004 660 1064 ίκείνων
680 1004 803 1080 δείπνων,
816 1006 911 1065 κάλ’
874 1030 953 1088 χαριν
1008 1019 1100 1083 catus,
1115 1020 1145 1067 et
1163 1007 1276 1085 iisdem,
1296 1007 1429 1087 quibus
1421 1030 1491 1091 ipse,
1511 1008 1589 1070 hunis
1611 1010 1722 1092 potitus,

181 1096 272 1157 λαόὼν
287 1095 417 1168 τοσαύτην
427 1099 464 1164 ὡς
472 1095 518 1156 καί
528 1094 635 1176 νεκρούς
648 1096 770 1179 ἐγείρειν,
784 1097 830 1157 καί
843 1095 954 1180 λεπροὺς
1007 1118 1132 1179 suprema
1152 1099 1325 1182 philosophia
1346 1099 1478 1179 initiatus,
1492 1101 1628 1184 particeps
1645 1122 1723 1163 men-

180 1188 326 1270 καθαίρειν,
337 1189 383 1250 καί
397 1187 523 1266 δαίμονας
531 1189 661 1264 ἐλαύνειν,
673 1190 719 1251 καί
727 1190 788 1259 τοὺς
796 1191 857 1273 περὶ
871 1195 954 1263 άκτη·
1006 1210 1042 1249 sae
1057 1211 1139 1251 saerae
1153 1212 1186 1251 ao
1198 1190 1342 1251 tremendae
1358 1191 1434 1252 illius
1444 1214 1535 1269 ooeuae,
1545 1206 1648 1254 tantam
1660 1214 1723 1275 gra·

181 1282 297 1359 μοσύνης
314 1281 443 1350 πολλάκις
456 1280 571 1349 ἀκούσας
589 1281 681 1361 λόγως
701 1282 747 1343 καί
768 1285 840 1364 αύτῷ
857 1288 952 1344 τοσοῦ·
1006 1280 1073 1340 tiam
1083 1282 1208 1364 adeptus,
1224 1296 1254 1342 ut
1264 1282 1344 1343 etiam
1351 1297 1472 1345 mortuos
1483 1286 1624 1360 excitaret,
1633 1285 1722 1367 lepro-

178 1398 226 1435 τον
246 1375 340 1457 χρόνω
363 1374 550 1455 συγγενόμινος
565 1379 605 1457 τῷ
623 1377 749 1458 Χριστῷ,
766 1376 811 1436 καί
832 1380 886 1436 τῶν
904 1401 952 1438 πε·
1005 1393 1049 1433 sos
1067 1375 1219 1449 mundaret,
1241 1389 1268 1436 et
1288 1374 1425 1436 daemonas
1444 1375 1600 1458 expelleret,
1620 1376 1722 1437 crebris

178 1466 266 1538 νήσων
287 1467 322 1528 τὰ
347 1466 476 1548 χρήματα
502 1466 667 1542 πιστευθείς,
687 1467 761 1548 [olore
785 1473 831 1529 τοῦ
853 1468 952 1537 πάθους
1004 1463 1040 1525 de
1053 1481 1212 1549 paupertate
1225 1468 1393 1528 sermonibus
1408 1467 1518 1543 auditis,
1531 1481 1588 1528 ιειιι
1597 1466 1721 1529 diuver-

178 1561 277 1618 ἐκεῑθεν
287 1559 357 1639 ἔχειν
370 1558 539 1640 παραμυθίαν
554 1557 805 1640 (καίγίιρκλίπτης
818 1551 878 1632 ἦν),
893 1559 952 1622 utut
1004 1569 1078 1617 satus
1098 1579 1162 1618 cum
1181 1558 1298 1634 Christo,
1312 1559 1409 1639 cuique
1431 1580 1581 1640 pauperum
1600 1561 1720 1642 pecunia

177 1648 261 1718 οὕτως
273 1649 384 1729 ’ἐγένετο
398 1650 518 1730 βελτίων,
534 1651 621 1710 καίτοι
641 1650 770 1724 τοσαύτης
783 1651 951 1732 συγκαταόά-
1004 1647 1113 1708 oreditae
1134 1650 1248 1722 fuerant,
1264 1664 1295 1709 ut
1316 1649 1381 1710 inde
1404 1649 1573 1730 agritudinis
1592 1650 1720 1713 solatium

181 1765 249 1810 σειος
267 1741 428 1811 ἀπολαύσας.
448 1742 560 1815 Ἐπειδὴ
577 1743 629 1823 γάρ
650 1745 708 1822 ᾔδει
724 1748 738 1803 δ
756 1744 885 1825 Χριστὸς,
908 1742 950 1804 δτι
967 1756 986 1804 c
1004 1755 1110 1822 caperet
1123 1743 1187 1817 (lur
1204 1742 1276 1802 enim
1297 1748 1384 1818 erat),
1401 1741 1489 1802 nesio
1508 1742 1621 1823 quidem
1628 1742 1720 1807 iaetus

177 1834 337 1914 φιλάργυρος
359 1825 403 1907 ἦν,
426 1834 473 1894 καί
498 1834 542 1894 διά
560 1836 707 1915 χρημάτων
731 1836 817 1919 ίρωτα
842 1836 949 1916 ίμιλλεν
1003 1846 1043 1893 est
1052 1832 1325 1913 melior,qunrnquam
1334 1834 1719 1917 tantamexportusindulgen·

176 1926 356 2001 ἀπόλλυσθαι,
380 1930 409 1986 ού
433 1926 512 2005 μόνον
535 1929 611 1989 αὐτὸν
638 1930 686 1987 οὐκ
710 1928 832 2009 ἀπάτησε
858 1929 950 1990 τούτου
1003 1923 1079 1985 ιίειιι.
1094 1926 1164 1985 Cum
1186 1925 1258 1985 enim
1280 1925 1361 1985 sciret
1381 1924 1506 1985 Christus
1525 1947 1588 1985 eum
1604 1949 1718 1989 armum

178 2017 255 2085 δίκας
269 2017 414 2091 τότε,α’λλ’
429 2018 498 2079 ύιστε
513 2023 591 2080 αὐτοῦ
608 2023 771 2079 καταλεθναι
790 2020 822 2080 τὸ
845 2020 948 2095 πάθος,
1003 2037 1068 2095 esse,
1089 2032 1115 2077 et
1130 2039 1222 2078 amore
1240 2017 1361 2098 pecunia
1383 2016 1547 2099 periturum,
1562 2039 1615 2079 non
1637 2019 1719 2081 modo

176 2111 223 2168 καί
242 2110 275 2168 τὰ
290 2111 419 2191 χρήματα
439 2113 511 2192 αὐτῷ
523 2116 576 2171 τῶν
592 2111 713 2185 πενήτων
734 2110 895 2187 ἐπίστευσεν,
914 2113 948 2173 ἵν’
1002 2110 1061 2191 ejus
1073 2111 1112 2170 rei
1123 2111 1226 2170 tnmab
1238 2130 1373 2191 eopoenas
1385 2131 1439 2169 non
1453 2111 1615 2194 repoposcit,
1622 2133 1718 2174 νειιιιιι

176 2202 247 2281 ἔχων
260 2201 317 2261 ὅθεν
332 2202 429 2284 κορέσῃ
446 2202 494 2273 τὴν
509 2202 731 2285 φιλοχρηματίαν,
752 2204 789 2282 μὴ
810 2204 947 2286 καταπίση
1003 2216 1033 2262 ιιι
1045 2201 1132 2283 ipsius
1145 2201 1334 2281 agritudinem
1347 2200 1484 2265 deliniret.
1495 2217 1521 2262 et
1534 2204 1632 2265 minori
1645 2206 1719 2267 malo

175 2295 214 2360 εἰς
233 2294 263 2352 τὸ
282 2295 410 2375 φρικῶδες
427 2292 559 2375 βάραθρον
575 2299 672 2373 ἐκεῖνο,
687 2295 806 2356 ἐλάττονι
828 2299 904 2376 κακῷ
917 2297 948 2357 τδ
1001 2308 1164 2374 praecaveret
1182 2295 1280 2375 majus,
1293 2293 1375 2353 σιίιιιι
1392 2316 1541 2375 pauperum
1553 2301 1576 2357 ei
1590 2299 1718 2379 pecunias

176 2387 267 2461 μεῖζον
280 2384 508 2465 προαναστέλλων.
1001 2384 1125 2459 credidit,
1134 2398 1166 2444 ιιι
1174 2406 1236 2445 rum
1247 2385 1357 2445 haberet
1366 2384 1438 2445 unde
1448 2387 1568 2466 pecunia
1580 2388 1716 2470 stupidita-

1000 2493 1054 2540 tem
1073 2477 1230 2559 satiaret,iu
1247 2476 1381 2538 horribile
1401 2476 1476 2537 illud·
1487 2478 1647 2541 barathrum
1660 2502 1715 2544 non

999 2587 1143 2635 oorruorot.
1545 2568 1547 2572 ’

214 2670 295 2730 Ούτω
315 2676 453 2752 πανταχοῦ
473 2670 517 2732 τδν
541 2670 589 2749 μὲν
609 2671 701 2731 ἑαυτὸν
727 2670 765 2751 μὴ
788 2670 945 2751 βουλόμενον
1039 2679 1087 2734 to.
1109 2674 1183 2736 Adeo
1202 2695 1336 2754 nusquam
1350 2674 1492 2754 quisquam
1507 2673 1712 2757 laederepoterit

173 2763 273 2823 ἀδικεῖν
287 2764 370 2831 οὐδεὶς
386 2763 473 2844 ίτερος
485 2765 610 2836 ἀδικῆσαι
630 2763 781 2836 δυνήσεται·
795 2763 839 2823 τδν
856 2762 884 2823 ll
898 2767 945 2823 αἰκ
996 2789 1069 2846 eum,
1081 2768 1128 2849 qui
1139 2768 1259 2850 seipsum
1272 2767 1368 2829 laedere
1375 2768 1459 2847 nolit·
1472 2767 1496 2828 ei
1508 2789 1573 2829 vero
1583 2769 1633 2847 qni
1643 2768 1714 2849 vigi.

173 2856 352 2928 ἐθέλοντανη
320 2879 422 2936 νηφειν,
442 2857 488 2915 καί
509 2857 543 2915 τὰ
565 2880 621 2938 παρ
623 2858 744 2916 ’ἑαυτοῦ
768 2855 944 2937 συνεισφίριιν
996 2859 1054 2921 lans
1067 2882 1099 2921 ac
1117 2860 1224 2922 sobrius
1242 2881 1299 2920 esso
1300 2880 1574 2943 ,suamqueoperam
1593 2861 1713 2922 conferre

172 2946 284 3021 οἴκοθεν,
298 2948 515 3017 ούδειςούδέποτε
529 2947 671 3027 ὠφελησει
682 2947 735 3008 Διά
750 2948 828 3008 σουτό
841 2971 882 3009 σοι
897 2947 943 3008 καί
995 2951 1072 3027 nolit,
1094 2973 1173 3012 nemo
1193 2973 1323 3032 umquam
1346 2951 1476 3034 proderit.
1494 2953 1638 3033 Propterea
1659 2951 1711 3013 tihi
1739 2968 1786 3014 cnr
1775 2976 1865 3018 τιιηιι

171 3039 386 3117 ἡθαυμασία
351 3064 404 3098 των
418 3042 515 3122 Γραφιῗ
495 3038 668 3118 οινίστορία,
682 3038 804 3157 κμθάπιρ
817 3043 844 3100 iv
862 3039 943 3101 εἰκόνι
958 3054 978 3101 n
995 3044 1128 3104 mirabilis
1137 3044 1457 3126 quoqueScripturarum
1468 3044 1582 3105 historia
1593 3044 1755 3106 velutin
1732 3033 1865 3155 ampla

171 3132 224 3190 τινί
244 3136 333 3213 opat}
352 3132 398 3191 καλ
418 3133 520 3212 μεγάλῃ
537 3132 583 3191 καί
598 3130 665 3191 πολὺ
687 3154 718 3190 το
737 3123 811 3212 ευρος
830 3132 941 3213 ἐχούσῃ,
993 3136 1084 3216 effigie
1093 3136 1211 3216 quadam
1221 3136 1333 3196 sublimi
1343 3157 1503 3216 magnaque
1511 3150 1537 3197 et
1545 3158 1573 3197 ιιι
1584 3110 1733 3261 magnam;
1753 3171 1839 3214 ιιιιιορ
1818 3168 1864 3204 mn

169 3227 355 3286 τῶνπαλαιῶν
368 3229 465 3306 ἀνεγρα
457 3225 535 3305 ψατο
550 3224 609 3291 τοὺς
625 3224 710 3303 βίους,
727 3224 780 3284 ἀπδ
796 3248 842 3285 του
858 3224 942 3304 Ἀδάμ
991 3227 1163 3288 latitudinem
1186 3241 1305 3304 extensa,
1321 3241 1444 3288 veterum
1463 3228 1534 3288 vitas
1556 3219 1746 3309 descripsit,se
1747 3220 1842 3279 ”l'¹²'⁸·¹

172 3317 251 3399 μέχρι
263 3322 310 3390 τῆς
323 3341 368 3376 του
351 3319 500 3399 Χριστοῦ
512 3315 658 3397 παρουσίας
672 3315 811 3378 ίκτείνασα
822 3315 870 3390 τὴν
881 3317 940 3390 lol-
994 3319 1192 3380 narrationeah
1207 3318 1296 3378 Adam
1307 3340 1392 3397 usqne
1403 3318 1439 3379 ad
1452 3317 1554 3378 Christi
1563 3318 1710 3380 adventum

170 3432 261 3487 γησιν·
276 3409 321 3468 καί
336 3408 449 3467 δείκνυσί
466 3432 507 3467 σοι
521 3408 566 3466 καί
577 3407 637 3475 τοὺς
651 3406 939 3486 ’θποσκελιζομίνουῃ
993 3410 1145 3493 producta:
1160 3410 1328 3490 ostenditque
1351 3409 1402 3468 tihi
1426 3423 1481 3468 tam
1504 3409 1689 3490 supplantatos
1697 3456 1708 3488 ,

170 3502 216 3561 καὶ
231 3500 291 3568 τούς
303 3501 541 3580 στεφανουμένους,
563 3498 607 3558 ίνα
630 3523 660 3560 σε
680 3497 724 3559 διὰ
746 3500 853 3560 πάντων
872 3524 939 3560 παι·
993 3525 1076 3583 quam
1087 3518 1235 3578 coronatos,
1247 3515 1276 3562 ut
1290 3502 1412 3561 omnium
1423 3501 1555 3581 exemplis
1564 3515 1590 3560 te
1601 3501 1708 3580 doceat,

171 3592 264 3674 δεύσῃ,
284 3592 326 3654 ότι
343 3595 388 3654 τδν
409 3595 472 3673 παρ’
493 3597 585 3652 ἑαυτοῦ
611 3591 648 3670 μὴ
668 3592 837 3670 ἀδικούμενον
857 3593 940 3660 οὐδεὶς
993 3617 1055 3655 eum
1066 3596 1112 3675 qui
1124 3597 1242 3677 seipsum
1260 3614 1315 3653 non
1329 3591 1419 3667 laedat,
1433 3592 1567 3651 anemine
1581 3592 1708 3654 aliolaedi

170 3685 257 3766 ἔτερος
276 3689 401 3759 ἀδικῆσαι
423 3684 577 3758 δυνήσεται,
600 3685 649 3744 κάν
672 3689 777 3755 πάσαή
798 3684 937 3763 οἰκουμένη
992 3709 1078 3768 posse,
1090 3688 1194 3748 etiamsi
1215 3701 1286 3746 totus
1310 3684 1385 3744 orbis
1410 3704 1493 3763 grave
1513 3698 1606 3744 oontra
1629 3684 1708 3746 illum

168 3778 233 3857 πρὸς
248 3778 326 3838 αὐτὸν
340 3777 457 3858 χαλεπὸν
472 3777 630 3858 ἀναῤῥιπίζῃ
652 3779 778 3856 πόλεμον.
795 3776 867 3836 otu
886 3775 938 3857 γὰρ
992 3780 1106 3840 concitet
1129 3779 1243 3841 bellum.
1269 3780 1363 3858 Neque
1388 3776 1461 3836 enim
1486 3776 1634 3839 difficultas
1660 3800 1706 3839 re-

168 3868 291 3929 δοσκολία
306 3868 481 3950 πραγμάτων,
499 3867 558 3928 οὔτε
577 3871 678 3948 καιρῶν
699 3868 857 3946 μεταόολαί,
878 3868 938 3928 οὔτε
992 3893 1062 3946 rum,
1076 3892 1125 3931 nec
1144 3886 1294 3952 temporum
1315 3868 1488 3946 mutationes,
1503 3890 1552 3929 nec
1569 3884 1707 3952 potentum

168 3960 377 4021 δυναστευόντων
399 3961 538 4039 ἐπόρειαι,
561 3959 621 4021 ούτε
644 3959 789 4019 ἐπιόουλῶν
814 3961 921 4041 νιφάδες
928 4008 937 4037 ,
991 3962 1114 4045 injuria,
1135 3984 1222 4043 neque
1249 3962 1411 4022 insidiarum
1440 3975 1578 4042 tamquam
1601 3962 1706 4024 nivium

167 4051 225 4111 υύτε
239 4056 381 4133 συμφορῶν
398 4053 496 4133 ὄχλος,
514 4052 574 4112 ούτε
589 4052 696 4112 πάντων
715 4054 768 4110 τῶν
788 4056 814 4113 ἐν
831 4053 936 4137 ἀνθρώ·
991 4056 1101 4132 imbres,
1121 4077 1207 4135 neque
1228 4053 1413 4115 calamitatum
1440 4053 1602 4132 multitudo,
1621 4076 1708 4135 neque

165 4167 224 4210 ποις
242 4168 332 4203 κακων
354 4144 543 4223 συλλεγόμενος
565 4149 579 4204 θ
604 4143 712 4226 φορυτὸς
734 4147 937 4226 παρασαλεῦσαί
953 4159 973 4206 ι’.
991 4148 1121 4224 omnium,
1138 4148 1237 4226 quihus
1248 4146 1371 4207 homines
1388 4160 1557 4228 premuntur,
1572 4147 1705 4208 malorum

166 4259 193 4294 τι
209 4235 259 4295 κόν
280 4237 374 4316 μικρὸν
390 4235 565 4308 δυνησεται
540 4261 585 4297 τον
603 4238 788 4351 γενναισν,καί
803 4238 934 4319 νήφοντα,
990 4242 1252 4317 collatunnam,
1268 4261 1437 4320 generosum,
1451 4239 1573 4299 sobrium
1586 4261 1618 4300 ar
1629 4241 1705 4321 vigi-

165 4326 211 4385 καί
232 4325 446 4408 ἐγρηγορότα·
427 4352 518 4409 ωσπερ
538 4319 571 4387 αύ
589 4330 633 4389 τὸν
653 4329 777 4409 ῥάθυμον,
798 4329 843 4388 καί
867 4334 933 4390 ἀνα·
988 4329 1088 4392 lantem
1106 4332 1149 4391 vol
1165 4351 1263 4413 parum
1274 4331 1435 4390 labefactare
1444 4344 1563 4412 poterit
1575 4333 1706 4410 quemad-

166 4418 407 4493 πεπτωκότα,καὶ
430 4420 500 4480 οίκοθ
487 4426 529 4480 θεν
549 4419 800 4500 προδεδομένον,
768 4444 817 4480 καν
842 4422 935 4505 μυρίαι
988 4422 1144 4484 modum
1117 4423 1239 4485 vicissim
1257 4423 1398 4502 ignavum,
1415 4423 1573 4504 collapsum,
1588 4436 1614 4481 et
1629 4444 1646 4482 a
1663 4444 1705 4484 sr-

167 4510 511 4591 προσάγωνταιθεραπεῖαι,
526 4511 711 4589 οὖδὲνάμείνω
720 4536 833 4574 ποιουσι
847 4517 935 4575 Τοῦτο
987 4516 1047 4598 ipso
1065 4515 1216 4598 proditum,
1235 4514 1339 4574 etiamsi
1358 4513 1471 4573 infinitae
1487 4513 1638 4574 curationes
1655 4515 1706 4575 ad·

164 4610 226 4680 γοῦν
239 4604 464 4685 καλὴπαραύολὴ
478 4610 495 4677 ἡ
510 4627 559 4684 περ
560 4603 624 4661 δ”
589 4628 641 4663 των
661 4602 806 4686 ἀνθρώπων
826 4606 934 4667 ἐκείνων
988 4619 1156 4681 moveantur,
1168 4603 1255 4664 nihilo
1266 4602 1369 4662 faciunt
1388 4602 1535 4663 meliorem.
1548 4603 1639 4664 lloo
1618 4604 1704 4684 uqui-
1749 4634 1779 4678 1,
1782 4636 1820 4678 nn
1821 4636 1856 4680 nat

164 4696 352 4775 παρεδήλωσεν
373 4687 486 4776 ἡμῖν,
466 4720 503 4755 ων
521 4702 536 4756 ὁ
546 4627 601 4774 ρμὲν
621 4697 665 4756 ἐπί
686 4695 815 4777 τῆςπίτρ
817 4721 863 4770 ας,
877 4697 934 4760 ὁδί
986 4696 1050 4759 dem
1076 4696 1157 4757 etiam
1172 4693 1329 4755 insinuavit
1349 4693 1427 4753 nubis
1447 4693 1496 4754 illa
1516 4695 1647 4777 parabola
1667 4696 1705 4758 tlo
1712 4698 1856 4819 ’Νι

162 4790 207 4848 ἐπὶ
227 4793 274 4860 τῆς
288 4789 399 4868 ψάμμου
418 4788 466 4860 τὴν
486 4789 571 4849 οίκίαν
590 4789 745 4869 ὠκοδόμησε
762 4788 810 4863 τὴν
826 4793 933 4850 ίαυτοῦ
987 4788 1144 4849 hominihus
1171 4786 1236 4862 illis,
1254 4806 1371 4865 quorum
1394 4785 1462 4846 alter
1486 4808 1567 4870 super
1588 4766 1774 4870 petronam

162 4904 232 4961 ουγι
222 4879 266 4939 να
276 4882 386 4960 θαμμον
400 4879 498 4940 ταδ’
463 4903 514 4939 πετ
504 4905 563 4962 ραν
572 4881 719 4960 νοιίσωαεν
734 4881 788 4942 οὗθ’
801 4879 845 4940 ίνα
857 4885 932 4942 οίκο-
941 4903 1068 4982 fflsnper
1077 4901 1187 4941 ειειιειιι
1195 4876 1469 4939 altersuatndomum
1477 4878 1640 4941 aediliravit:
1633 4902 1754 4951 ‘hortm
1755 4852 1800 4949 ui.
1814 4918 1838 4964 γ.

162 4972 247 5049 δομὴν
267 4972 356 5045 λίθοιν,
382 4972 427 5030 καί
447 4973 550 5086 ὄροφον,
571 4972 623 5032 ούθ
646 4939 688 5033 liu
707 4973 859 5052 ποταμοὺς,
886 4999 933 5034 και
941 4943 978 5045 up
987 4989 1017 5033 ιιι
1029 4995 1138 5034 arenam
1153 4985 1179 5032 ot
1194 4984 1297 5053 petram
1315 4970 1569 5055 intelligamunneo
1584 4986 1704 5035 structu·
1711 4964 1751 5029 'l-
1757 4980 1807 5028 ιιι·

161 5063 246 5137 ύετον,
265 5065 311 5124 καί
329 5064 467 5140 πνεύματα
485 5065 564 5146 ἄγρια
581 5087 780 5145 προσπιπτοντα
790 5090 848 5133 ταις
860 5069 932 5128 οίκο
987 5086 1045 5127 ram
1064 5062 1198 5148 lapidum,
1212 5076 1238 5124 ot
1261 5076 1467 5143 teutonumque
1485 5078 1516 5127 ιιι
1537 5063 1660 5143 dumba,
1676 5078 1705 5127 et

197 5221 210 5258 ¹²
228 5217 273 5269 Alli
289 5226 496 5284 Ι’νπασκιλισθιντιις,
510 5229 546 5275 καὶ
559 5226 608 5282 τοὺς
619 5229 806 5294 στιριινωθίντιις.
