3764 5992
181 409 216 457 ru
244 407 371 457 necron
391 405 512 472 naues,
540 405 694 454 oroarnr
718 402 761 449 nr
786 403 940 452 nnunsns
965 405 1058 472 assa,
1086 407 1162 454 nnc.
1412 387 1484 485 295

142 527 700 612 τοδςμὴόγονταςἝντρεπτικώτατατήν
727 575 729 578 .
755 539 839 587 tatem
854 527 881 588 in
896 530 1036 591 ecelesiam
1049 527 1177 593 inducis?
1191 530 1221 592 Si
1235 531 1308 593 enim
1327 534 1474 595 contemnis

142 648 146 675 ν
162 621 356 705 ίτρογῴδήσιν.
370 625 412 682 Οὐ
422 626 474 704 γὰρ
491 621 561 682 οὕτω
575 621 650 700 μέλει
663 626 701 703 τῷ
755 619 883 697 fratrem,
896 642 1017 683 reverere
1030 623 1137 683 locum:
1148 612 1249 685 etenim
1261 623 1372 684 ecclesia
1382 640 1475 685 eontu-

145 714 215 795 θπὲρ
224 718 273 787 τῆς
282 718 394 795 τρορῆς,
408 717 444 782 ὡς
452 712 519 793 ὑπὲρ
531 717 578 785 τῆς
592 711 701 793 δόρεως.
756 711 837 772 melia
851 713 980 773 allicitur.
994 716 1090 794 Neque
1101 714 1189 790 dixit,
1207 716 1262 777 Eos
1273 716 1388 798 privatis
1401 762 1411 796 ,
1425 718 1473 797 qui

142 851 145 865 .
167 804 236 887 θπίρ
257 805 349 866 τοότου
372 809 475 884 σεμνῶς
500 804 700 883 ἀπελογήσατο,
756 804 928 884 nonhabent3
939 820 997 881 aut,
1009 808 1068 867 Non
1077 806 1240 869 miseremini
1249 830 1355 889 eorum,
1363 809 1410 888 qui
1420 830 1473 870 non

142 896 253 979 ίρότερον
285 896 434 977 καθήψατο.
458 896 495 957 Τί
524 899 586 975 ὑμῖν
615 895 696 973 εἶπεν,
755 893 871 974 hahent3
886 896 934 957 sed
954 897 1046 977 quid?
1064 902 1255 981 confunditis
1271 923 1320 963 eos
1341 906 1392 982 qui
1412 923 1473 960 non

142 1013 165 1063 33
186 988 235 1048 Ἐν
255 987 342 1069 ποότῳ
356 991 403 1048 οὐκ
419 992 530 1048 ἐπαινῶ.
548 988 585 1049 Τί
606 991 699 1060 τοῦπος
755 987 875 1048 tabent.
890 990 1133 1051 vehementissimo
1145 990 1271 1073 tangendi
1285 991 1366 1052 modo
1380 1013 1474 1053 eorum

142 1078 213 1149 ίιιξιν
225 1083 274 1153 τῆς
289 1080 402 1147 ἀτοπίας
414 1079 569 1159 θρειμίνηὴ
585 1101 702 1157 κατηγο-
753 1076 852 1138 luxum
864 1094 1043 1161 repraesentat.
1061 1084 1122 1142 Non
1135 1097 1191 1143 tam
1205 1097 1281 1144 curat
1294 1105 1411 1165 parrper,
1432 1084 1474 1145 in·

150 1170 279 1247 ιίκότινς,
294 1170 339 1232 ίνοι
352 1171 390 1250 μή
410 1171 643 1251 ἀναισχυντότεροι
656 1170 702 1248 γί-
755 1170 830 1249 quit,
845 1172 953 1247 cibum,
977 1195 1059 1252 quam
1084 1174 1283 1235 coutumeliam.
1305 1175 1378 1237 Vide
1392 1197 1475 1260 quam

142 1304 144 1337 ,
157 1263 207 1343 μίν
217 1264 270 1345 γὰρ
279 1264 416 1334 ἀποδεῖξαι
426 1265 458 1325 τδ
469 1274 581 1345 πρᾶγμα
594 1264 700 1337 ἄτοπον,
754 1262 865 1322 honeste
883 1263 936 1322 hoc
949 1277 1074 1341 excuset,
1092 1279 1118 1324 et
1130 1287 1213 1345 quam
1228 1267 1399 1327 vehementer
1412 1267 1474 1327 illos

142 1354 266 1437 ίξήνεγκο
279 1355 329 1429 τήν
344 1356 487 1438 ἀπόρασιν,
500 1355 600 1416 εἰπών·
614 1358 701 1415 Τοῦτο
754 1366 855 1434 tangat.
868 1356 947 1433 Quid
958 1355 1056 1417 dicam
1065 1360 1167 1416 rolris?
1178 1360 1269 1417 laudo
1283 1366 1361 1419 eros?
1371 1364 1410 1419 ln
1416 1361 1473 1420 Ιιοσ
1484 1373 1506 1405 ²·
1517 1360 1571 1407 θον·
1587 1371 1625 1406 ¹¹·

643 1471 701 1524 κρι-
717 1468 737 1515 ι)
756 1466 815 1505 non
827 1447 927 1506 tando
941 1446 1018 1519 Quid
1038 1448 1090 1508 hoc
1110 1449 1171 1509 est?
1186 1452 1251 1509 Post
1266 1449 1474 1510 demonstratam
1484 1435 1523 1468 ²²‘

142 1540 381 1619 σσςέγκλημότων
396 1538 499 1614 ἀξίους,
512 1540 639 1620 θρειμόνῃ
659 1538 702 1599 κί-
754 1536 948 1597 absurditatem
966 1538 1184 1619 leniorsequitur
1198 1540 1362 1622 increpatio,
1377 1542 1475 1624 etjure

142 1631 320 1712 ολῇ,τῇτῶν
335 1631 479 1712 εἷρημίνων
492 1636 643 1712 κατασκευῇ
655 1631 701 1690 καὶ
754 1627 866 1706 quidem
889 1628 1003 1705 merito,
1027 1651 1061 1689 ne
1081 1630 1294 1712 impudentiores
1316 1631 1473 1693 eraderent.

142 1722 293 1808 ροθρότερον
310 1727 359 1795 τ’ής
378 1723 538 1804 κατηγορίας
552 1724 626 1805 δρελς
641 1726 700 1783 ire·
754 1719 916 1798 Priusquam
929 1719 1002 1779 eninr
1015 1741 1072 1781 rem
1082 1721 1230 1782 absurdam
1241 1744 1297 1783 asse
1309 1722 1476 1784 demonstra-

144 1840 163 1875 σ
176 1816 223 1875 ἰπὶ
241 1814 296 1889 τήν
308 1815 438 1894 μυστικήν
458 1816 590 1896 τράπεζαν
614 1815 701 1895 ἐξάγει
755 1823 809 1889 ret,
822 1811 968 1892 perfectam
990 1815 1150 1873 sententiam
1168 1815 1267 1874 extulit
1287 1814 1380 1875 dicens
1386 1860 1396 1895 ,
1409 1818 1475 1877 Hoc
1486 1832 1522 1877 n.
1536 1848 1557 1877 ν.
1574 1845 1610 1892 ¹7·

142 1905 207 1974 ίιιις
217 1906 310 1976 αὐτοὺς
323 1908 439 1989 podiam
449 1908 614 1988 βουλόμενος.
629 1906 701 1988 Ἐγὼ
755 1916 854 1962 autem
865 1908 1038 1985 precipiens
1047 1926 1106 1963 non
1116 1907 1223 1966 hudo?
1232 1908 1375 1987 Postquam
1385 1922 1475 1969 autem

143 1998 256 2082 ρίλαόον
269 2000 323 2060 ἀπὸ
336 2005 382 2060 τοῦ
397 2000 511 2080 Κυρίου,
525 2000 540 2059 δ
553 1999 600 2059 καί
612 1999 702 2079 πειρί-
756 2013 878 2059 accurate
890 1999 1086 2061 demonstravit
1096 2002 1157 2062 illos
1167 2024 1223 2063 esse
1234 2004 1416 2084 complurium
1423 2005 1475 2064 cri-

142 2089 169 2151 ία
182 2090 326 2151 ἀκολουθία
339 2091 423 2165 αθτης
438 2091 506 2172 Περὶ
519 2091 627 2172 ἀρίστου
642 2093 701 2151 δια·
756 2090 859 2151 minum
870 2113 944 2168 reos,
959 2093 1061 2153 leniore
1073 2093 1160 2153 utitur
1167 2094 1352 2156 criminatione
1359 2142 1369 2170 ,
1381 2095 1409 2157 in
1416 2098 1475 2179 jam

142 2182 170 2243 al
178 2183 332 2266 μυστηρίων
344 2188 459 2264 ρρικτῶν
471 2183 623 2263 μίμνησαις
638 2182 702 2257 Ναί,
754 2185 1476 2268 dictorumapparatuetdemonstrationeaccusationis

153 2272 372 2354 chrisoprassus&
390 2277 493 2345 ἐκεῖναι,
507 2279 530 2334 εί
544 2274 701 2356 γδρήτροί·
756 2276 953 2336 vehementiam
975 2277 1094 2359 positam
1121 2280 1286 2358 relinquens.
1314 2281 1420 2342 Deinde
1447 2283 1475 2343 in

142 2380 175 2441 ἠς
188 2365 265 2439 κοινή
278 2377 345 2429 πἰῑσι
356 2366 510 2447 πρόκειται,
523 2367 569 2426 καί
583 2366 702 2451 πλουσίῳ
755 2366 899 2448 mysticam
918 2388 1038 2427 mensam
1051 2390 1200 2431 sermonem
1213 2372 1360 2451 transfert,
1383 2387 1415 2434 ut
1437 2374 1476 2434 eis

142 2460 149 2517 l
163 2460 226 2540 οδχλ
239 2460 426 2541 δαψιλέστερον
437 2459 564 2519 ἀπολαύει
577 2459 675 2532 ταύτης
687 2463 702 2519 δ
719 2472 738 2519 n
755 2458 818 2540 plus
826 2459 1075 2520 timorisincuteret
1085 2464 1151 2543 Ego
1164 2467 1255 2538 enim,
1263 2463 1367 2545 inquit,
1375 2470 1476 2546 accepi
1486 2491 1522 2538 ιι,
1533 2507 1556 2536 v.
1567 2490 1607 2537 23.

153 2549 266 2613 ίλσττον
280 2557 295 2612 δ
310 2552 409 2625 πίνης,
420 2551 490 2611 ἀλλὰ
501 2551 551 2631 μία
561 2551 644 2630 τιμὴ,
656 2550 702 2612 καί
756 2571 777 2611 a
788 2553 933 2625 Domino,
944 2555 1025 2633 quod
1037 2566 1065 2613 et
1079 2555 1190 2614 tradidi
1201 2558 1298 2617 vobis.
1312 2556 1409 2633 Qualis
1418 2558 1476 2618 haro

150 2641 199 2703 καὶ
209 2643 260 2711 ἕως
272 2643 304 2703 ἂν
313 2643 411 2711 πάντες
420 2648 575 2724 μετασχῶσι
588 2643 634 2704 καί
648 2666 710 2721 κοι-ἲ
756 2644 964 2723 consequentia?
976 2647 1018 2705 De
1032 2647 1170 2706 communi
1179 2644 1296 2729 prandio
1304 2648 1423 2727 loqueris
1430 2697 1439 2727 ,
1450 2666 1478 2712 et

143 2741 328 2814 πνευματικῆς
341 2736 388 2796 καὶ
401 2741 473 2818 ίερᾶς
485 2736 585 2810 ταύτης
601 2735 700 2819 τρσπέ-
756 2735 889 2795 horrenda
899 2738 1028 2818 mysteria
1039 2740 1253 2800 commemoras?
1266 2740 1368 2815 Etiam,
1380 2743 1475 2822 inquit.

142 2830 218 2889 λιται
232 2826 268 2887 εδ
284 2828 465 2908 προκείμενα,
486 2831 545 2889 ἀλλ’
559 2829 702 2902 ἑστήκασιν
757 2827 787 2888 si
800 2827 872 2887 enim
882 2827 1024 2889 tremenda
1031 2828 1078 2889 illa
1088 2832 1315 2893 mensaornnibus
1324 2836 1477 2896 communis

142 2942 204 2995 τις,
225 2919 271 2980 καί
290 2919 334 2979 τόν
357 2921 464 2981 πάντων
487 2920 641 3001 πινίστερον
657 2920 703 2981 καί
756 2919 933 3000 proponitur,
944 2933 970 2979 et
978 2919 1062 2983 diviti
1073 2935 1099 2981 et
1110 2922 1239 3003 pauperi,
1255 2925 1476 3004 nequeillafmi·

142 3011 324 3091 hupirmrsc·
348 3014 439 3092 πολλῷ
464 3015 564 3090 μᾶλλον
590 3012 633 3072 inl
655 3014 703 3083 τῆς
757 3024 803 3069 tur
815 3012 926 3071 uberius
938 3011 1033 3092 divos,
1048 3027 1075 3072 et
1088 3014 1196 3095 parcius
1209 3037 1332 3097 pauper,
1347 3016 1395 3077 sed
1406 3040 1476 3079 nnus

142 3102 213 3184 ιχρλ
227 3112 322 3163 ποιεῖν.
339 3102 392 3162 net
401 3109 479 3163 τοῦτο
491 3103 624 3181 ἐμνήσθην
635 3101 702 3162 ἐκεί·
757 3101 864 3178 ίιοιιοσ,
880 3116 906 3164 et
919 3126 989 3164 unus
1001 3126 1137 3183 accessus,
1148 3127 1180 3165 ae
1198 3105 1283 3169 donee
1296 3130 1389 3169 omnes
1400 3131 1475 3170 com-

142 3200 181 3257 tou'
195 3193 309 3255 δείπνου.
324 3192 397 3276 Ἐγὼ
413 3195 464 3276 γδρ
478 3194 628 3276 παρελαδον
651 3197 704 3257 ἀπὸ
757 3194 971 3275 municarerint,
986 3209 1012 3256 et
1025 3196 1170 3278 participes
1187 3198 1286 3259 fuerint
1299 3199 1382 3281 hujus
1394 3201 1477 3283 spiri·

142 3284 206 3346 ίκαλ
232 3285 377 3368 παρέδωκα
401 3289 474 3365 θμῖν,
501 3286 541 3347 δτι
566 3293 580 3347 δ
608 3288 703 3370 Κόριος
758 3286 972 3348 tualisetsacrae
986 3309 1084 3348 mensa
1091 3334 1101 3367 ,
1116 3310 1176 3368 qun
1196 3291 1332 3372 proposita
1345 3306 1410 3352 sunt
1422 3313 1477 3354 non

142 3370 254 3457 mett
263 3378 435 3460 παρεδίδοτο,
447 3379 541 3439 ἔλαθεν
554 3380 643 3460 σίρτον,
657 3380 749 3451 noim
759 3379 943 3453 retrahuntur,
966 3380 1014 3441 sod
1037 3394 1107 3440 stant
1128 3381 1279 3443 sacerdotes
1297 3405 1389 3444 omnes
1398 3429 1409 3463 ,
1432 3385 1477 3447 vel

142 3468 253 3542 ίκλασε,
274 3469 320 3530 καὶ
342 3461 411 3530 εἶπε·
430 3471 506 3532 τοθτό
529 3473 579 3550 μοό
600 3474 703 3533 ἔστιτὸ
722 3469 740 3513 Α
758 3471 880 3531 omnium
894 3472 1097 3553 pauperrimum
1111 3485 1137 3531 et
1147 3472 1312 3532 vilissimum
1321 3488 1477 3556 exspectau-

142 3563 246 3623 πολλῶν
256 3561 393 3641 κλώμενοι
402 3566 439 3630 είς
452 3564 544 3644 αἵρεσιν
555 3566 702 3645 ἁμαρτιῶν.
758 3575 797 3622 tes
811 3586 819 3620 τ
833 3563 919 3622 multo
933 3563 1020 3644 magis
1034 3564 1061 3622 in
1075 3563 1127 3621 hae
1139 3563 1231 3622 sensili
1243 3584 1334 3623 mensa
1348 3565 1378 3625 id
1393 3586 1477 3646 agen-

147 3657 187 3723 τίς
197 3654 248 3727 τήν
259 3654 328 3734 ipis
339 3654 637 3733 ἀνάμνησιν.Ὦσαότως
658 3658 704 3718 καί
758 3653 837 3713 dum.
850 3653 915 3713 ldeo
928 3654 1005 3713 illam
1016 3652 1188 3713 Dominicam
1202 3673 1305 3714 omnam
1319 3656 1476 3740 memorari.

142 3744 179 3807 nh
188 3746 220 3808 τὸ
231 3748 392 3823 δειπνῆσαι,
407 3749 506 3830 λόγων·
523 3756 600 3809 τοῦτο
611 3751 641 3811 τό
653 3774 704 3810 πο-
759 3749 824 3828 ago
836 3751 914 3805 enim
928 3749 1028 3826 accepi
1043 3766 1062 3804 o
1074 3747 1203 3805 Domino
1210 3790 1219 3822 ,
1232 3748 1313 3826 qnod
1325 3761 1354 3807 et
1366 3750 1477 3808 tradidi
1488 3756 1523 3800 lt.
1536 3772 1557 3802 ν.
1571 3756 1611 3804 ss.

155 3838 270 3913 διαθήκη
281 3839 352 3900 ἐστὶν
366 3842 394 3900 ir
405 3844 444 3922 τῷ
458 3842 515 3922 ἐμῷ
530 3839 633 3920 αἵματι.
758 3844 855 3914 uobis,
865 3844 1005 3921 qnoniam
1013 3841 1159 3899 Dominus
1168 3840 1268 3917 Jesus,
1278 3843 1312 3898 in
1323 3862 1384 3921 qua
1393 3855 1477 3903 noete
1486 3819 1558 3871 ''²5·

760 3935 947 4003 tradebatur,
964 3936 1076 4011 aceepit
1084 3951 1191 4012 partem
1202 3975 1213 4009 ,
1226 3944 1254 3990 et
1262 3938 1376 4013 gratias
1386 3955 1477 4017 agens

754 4027 862 4106 fregit,
878 4038 907 4083 et
921 4026 997 4083 dixit
1008 4046 1016 4080 z
1026 4025 1092 4083 Hoc
1104 4036 1147 4083 est
1158 4044 1262 4105 eorpus
1274 4047 1386 4102 mum,
1398 4029 1478 4108 quod

754 4139 809 4199 pro
823 4119 923 4176 multis
933 4117 1104 4197 frangitur,
1120 4117 1360 4176 inremissionem
1374 4139 1476 4197 perca·

757 4223 860 4270 torum.
874 4212 941 4268 Hoc
950 4211 1047 4290 facite
1059 4211 1091 4265 in
1110 4228 1204 4267 meam
1218 4215 1473 4270 commemoratio·

757 4325 833 4362 nem.
845 4303 988 4363 Similiter
996 4313 1026 4359 et
1036 4300 1157 4359 calicem
1167 4313 1324 4381 postquam
1337 4290 1473 4375 conavit,

755 4398 855 4455 dicem
869 4418 876 4452 ι
892 4397 950 4454 Hie
963 4394 1044 4454 οαίίσ
1053 4413 1161 4452 riorum
1176 4405 1380 4453 testamentum
1389 4407 1433 4455 est
1442 4399 1475 4454 in

756 4507 820 4548 meo
833 4490 985 4567 sangnine.
1502 4550 1505 4554 ,

154 4576 304 4659 διαλεχθεὶς
322 4577 383 4660 περὶ
402 4583 453 4639 τῶν
475 4579 585 4651 ἀναξίοις
607 4604 702 4641 κοινον-
796 4581 824 4641 5.
840 4578 945 4639 Deinde
957 4577 1044 4637 multa
1059 4577 1189 4655 loquutus
1202 4576 1272 4637 eirea
1289 4598 1351 4653 eos,
1364 4579 1412 4659 qui
1428 4578 1472 4639 in·

142 4669 296 4751 υστηρίσις,
307 4669 354 4729 καί
367 4671 466 4752 σφόδρα
479 4674 565 4732 αὐτῶν
578 4673 703 4753 καθαψιί-
756 4672 838 4752 digne
848 4670 975 4753 mysteria
986 4669 1163 4750 participant,
1172 4669 1219 4728 uhi
1229 4670 1290 4730 illos
1304 4671 1473 4733 vehementer
1508 4663 1513 4671 ’

142 4758 227 4841 qtae,
239 4762 345 4832 διδάξας
356 4786 385 4822 τε
396 4761 436 4823 ὅτι
450 4772 504 4831 τοῖς
521 4764 566 4824 τὸν
586 4764 701 4846 Χριστὸν
756 4764 846 4846 tetigit
854 4779 880 4823 et
890 4760 1185 4842 coarguit‚doeuitque
1192 4783 1248 4839 eos,
1256 4763 1475 4844 quisanguincm

142 4852 257 4926 ,καύτὴν
275 4855 470 4928 θποστήσονται
486 4856 618 4937 τιμωρίαν
633 4860 657 4918 ot
672 4857 701 4917 τὸ
756 4870 782 4917 et
801 4877 898 4938 corpus
915 4854 1017 4915 Christi
1041 4867 1137 4913 temere
1159 4875 1191 4914 ac
1210 4856 1391 4935 perfunctorie
1403 4860 1474 4917 acei-

142 4944 279 5025 ίτδσιῖνμα
292 4948 383 5016 ἁπλῶς
396 4949 442 5008 καί
453 4953 488 5017 ὡς
504 4949 582 5031 ἔτυχε
595 4952 700 5030 λαμόιί-
757 4952 834 5032 piunt
847 4995 854 5024 ,
868 4945 989 5008 eamdem
1004 4945 1144 5006 subituros
1156 4967 1213 5011 esse
1221 4969 1349 5028 poenam,
1363 4970 1445 5028 quam
1454 4950 1475 5009 ii

142 5038 236 5113 ιδςιὴν
246 5041 423 5120 προκειμένην
435 5041 559 5104 ὑπόθεσιν
569 5045 615 5104 τθν
623 5044 700 5125 λόγον
720 5062 737 5109 n
756 5043 803 5124 qui
820 5041 959 5102 Christum
968 5037 1141 5118 occiderunt,
1152 5060 1247 5099 rursus
1256 5039 1291 5099 ad
1304 5042 1474 5123 propositum

142 5128 184 5190 'ra-
197 5129 300 5206 Ὥστε,
320 5133 441 5215 ratpot,
456 5136 642 5216 συνερχόμενοι
666 5141 701 5205 είς
755 5147 944 5215 argumentum
957 5152 1106 5193 sermonem
1116 5131 1195 5191 refert
1206 5130 1317 5209 ,diceus
1331 5156 1338 5191 :
1352 5136 1470 5216 Itaque,
1487 5175 1506 5208 r.
1515 5163 1572 5214 επ,
1584 5179 1622 5216 ῃ,

142 5222 230 5297 ίήλονι
249 5225 395 5306 ίκδίχισθε.
411 5228 445 5289 at
466 5228 495 5288 δί
508 5252 546 5308 τις
560 5238 651 5310 πεινᾷ,
672 5234 698 5290 ἐν
752 5231 875 5311 fratres,
883 5246 948 5286 rum
956 5223 1165 5288 convenitisad
1173 5225 1424 5305 manducandum,
1433 5232 1475 5289 in·
1484 5224 1552 5278 ΞΜ
