3764 5992
118 467 167 542 56
441 486 472 535 s.
499 484 639 536 ioannis
663 478 845 530 cunrsosr.
873 476 1031 526 unctum.
1059 477 1329 529 mnsrunmnon.

119 614 289 699 perturbatio
303 625 423 674 nostram
438 611 556 672 animam
569 609 697 689 exagitet,
718 606 785 666 dnm
807 603 836 663 in
895 603 939 662 καί
953 610 996 664 νῶν
1011 607 1025 662 ό
1039 605 1153 686 Χριστὸς
1165 604 1293 685 ποίρεστι,
1303 604 1349 664 καί
1360 607 1375 664 ό
1386 603 1454 684 μετδ
1466 602 1584 671 πίστεως
1594 605 1665 683 αύτῷ

120 689 195 770 hune¹
207 710 297 769 loenm
305 706 490 782 convenimus,
505 704 585 764 facile*
601 700 700 762 discuti
716 697 816 781 poterit
831 718 838 752 τ
857 715 876 762 n
894 693 1010 774 προσιὼν
1039 684 1140 765 δέδεται
1162 696 1211 770 τὴν
1235 696 1352 776 ἰατρείαν
1374 698 1496 764 tt'mobott·
1519 697 1608 776 Πῑνίᾳ
1627 720 1666 763 τις

120 800 340 881 qnandoquidem
354 814 379 859 et
405 797 530 859 Christus
548 815 621 855 nune
634 791 718 868 adest,
745 803 771 850 et
792 787 840 868 qui
894 787 1018 846 πυκτεόει
1032 788 1158 863 διηνεκεῖ,
1170 792 1216 849 καί
1228 794 1277 862 τῆς
1289 787 1436 868 ἀναγκαίας
1447 793 1541 864 ἀπορεῖ
1551 790 1664 868 τροφῆς,

120 914 182 955 oum
204 893 260 953 lide
273 892 308 951 ad
325 891 404 953 illum
423 888 537 967 aceedit,
563 885 672 946 facilem
691 882 840 964 adepturus
895 877 942 938 καὶ
966 883 1061 938 πεινῶν
1086 879 1244 953 ἐκαθεύδησε
1268 881 1410 956 πολλάκις,
1425 878 1550 940 εἰσελθὼν
1575 878 1604 938 dl
1625 880 1665 936 ἀν·

121 999 161 1046 est
173 962 347 1045 durationem.
372 986 534 1064 Paupertate
546 979 607 1060 quis
620 977 727 1037 assidua
741 972 839 1035 conssi-
894 975 991 1044 ταῦθαζ,
1007 969 1053 1029 καί
1077 969 1190 1040 ἀκούσας
1213 971 1322 1032 Παύλου
1338 973 1475 1052 λέγοντος,
1488 970 1531 1031 ότι
1552 973 1580 1030 ἀν
1594 972 1664 1050 λιμῷ

120 1092 218 1151 matur,
244 1092 271 1137 et
292 1074 447 1137 necessariis
467 1073 625 1134 destituitur
648 1067 792 1143 alimentis,
813 1077 840 1124 et
895 1062 941 1121 καί
952 1065 979 1121 ἐν
995 1062 1065 1144 δίψει
1079 1063 1124 1122 καί
1135 1063 1280 1143 γυμνότητι
1296 1065 1384 1144 διῆγε,
1397 1063 1444 1124 καὶ
1456 1064 1498 1123 ότι
1513 1066 1562 1123 οὐκ
1576 1065 1604 1121 ἐν
1618 1072 1666 1142 μιᾷ

119 1170 190 1229 same
205 1169 342 1229 conlectus
355 1178 538 1248 sepenumero
564 1159 756 1242 leetnmpetiit
772 1182 779 1216 ι
795 1171 838 1217 ta·
895 1154 940 1213 καί
965 1155 1011 1213 δύο
1031 1154 1077 1214 καί
1098 1155 1182 1236 τρισίν
1205 1157 1333 1239 ἡμέραις,
1349 1156 1417 1217 ἀλλά
1441 1159 1569 1229 διηνεκῶς
1590 1159 1666 1214 wito

119 1280 180 1320 uren
194 1260 249 1321 bue
262 1261 407 1338 ingressus,
423 1278 485 1316 eum
493 1255 609 1315 audierit
617 1252 734 1313 Paulum
746 1249 839 1309 dicen·
894 1244 1020 1323 ύπίμεινε
1040 1251 1134 1320 (τοῦτο
1159 1254 1221 1329 γοῦν
1250 1247 1445 1325 ἐνδεικνύμενος
1464 1247 1568 1327 ἔλεγεν·
1590 1245 1666 1327 Ἄχρι

119 1365 184 1425 tem,
199 1352 307 1412 infame
320 1365 346 1411 et
365 1349 410 1410 siti
425 1362 452 1408 et
466 1346 589 1409 nuditate
601 1368 629 1406 se
641 1344 747 1425 degere,
761 1363 840 1422 seque
894 1341 942 1409 τῆς
955 1338 1015 1416 ἀρτι
1037 1337 1109 1420 ὥρας
1129 1339 1175 1399 καί
1195 1343 1337 1418 πεινῶμεν,
1350 1340 1397 1399 καί
1408 1341 1538 1420 διψῶμεν,
1553 1338 1600 1399 καί
1618 1362 1665 1418 γυ-

119 1464 174 1504 non
196 1466 260 1521 uno,
284 1456 331 1504 aut
349 1441 470 1518 duobus,
497 1453 544 1499 aut
556 1439 645 1498 tribus
658 1437 767 1514 diebus,
792 1433 840 1494 sed
895 1429 1084 1508 innutritum),
1093 1430 1209 1512 λήψεται
1221 1432 1391 1512 παραμυθίαν
1401 1431 1507 1506 ἱκανὴν,
1520 1430 1612 1511 μαθὼν
1624 1431 1666 1490 tu

120 1550 249 1617 perpetuo
272 1555 382 1617 passum
403 1555 460 1593 esse
474 1531 564 1612 (quod
585 1529 695 1610 quidem
718 1528 840 1589 indicans
894 1525 946 1581 τῶν
970 1521 1125 1603 εἰρημένων,
1145 1523 1186 1585 ότι
1203 1526 1263 1606 οὐχί
1287 1528 1372 1603 μισῶν
1394 1525 1501 1585 αύτδνό
1520 1525 1590 1593 Θεὸς
1609 1522 1666 1585 aaut

91 1641 97 1653 ’
120 1626 221 1699 aiebat,
237 1630 333 1708 Usque
350 1630 382 1684 in
392 1628 471 1685 bane
484 1627 588 1685 boram
599 1637 627 1683 et
640 1627 793 1699 esurimus,
811 1634 840 1681 et
851 1658 879 1698 γ,
895 1615 1134 1693 {mutabundum
1150 1616 1332 1698 συνεχώρησεν
1347 1607 1415 1676 εἶναι
1432 1615 1561 1697 ἑνπενίρ·
1576 1618 1605 1675 orl
1616 1614 1666 1694 γδρ

120 1718 246 1787 sitimus,
265 1728 294 1774 et
317 1716 390 1774 nudi
405 1713 538 1793 sumus),
561 1712 738 1773 sufficientem
759 1732 792 1771 ex
808 1731 840 1770 eo
858 1713 880 1759 A
896 1709 927 1768 ἀν
938 1710 962 1768 εί
976 1714 1114 1786 μισοῦντος
1128 1717 1205 1771 τοῦτο
1219 1703 1261 1784 ἧν,
1275 1709 1320 1771 ἐπί
1335 1715 1382 1772 τοῦ
1399 1709 1519 1784 Παύλου,
1531 1713 1579 1769 τοῦ
1593 1708 1668 1788 ρι’λω

118 1805 327 1869 oonsolationem
340 1805 481 1886 percipiet,
506 1826 568 1865 cum
590 1825 625 1864 ex
646 1803 681 1862 iis
694 1824 754 1882 qnae
767 1801 840 1862 dicta
897 1800 1014 1879 μάλιστα
1034 1800 1140 1862 πόντων
1160 1801 1304 1882 ἀνθρώπων
1317 1801 1393 1871 ὄντος
1406 1805 1587 1882 αιἰτῷ,τοίίτο
1606 1824 1668 1860 συν-

120 1897 323 1973 sunt'didicerit
337 1900 499 1972 Deum,non
515 1896 588 1977 quod
601 1895 680 1955 illum
693 1894 803 1969 odisset,
813 1895 843 1954 in
897 1891 1047 1974 εχῶρησεν·
1076 1893 1146 1954 ἀλλά
1170 1892 1313 1973 κηδόμενος
1336 1895 1382 1954 καί
1405 1899 1535 1975 προνοῶν,
1557 1893 1604 1953 καί
1632 1896 1668 1961 εἰς

120 2003 279 2071 paupertate
293 1988 396 2052 versari
419 1988 595 2070 permisisse:
611 2009 699 2067 neque
720 1986 802 2066 enim,
818 1988 842 2046 si
896 1983 1005 2042 πλείονα
1018 1984 1089 2065 ἀγων
1104 1986 1268 2067 ριλοσορίαν.
1280 1985 1373 2054 Ἄλλος
1394 2010 1434 2053 τις
1456 1985 1509 2045 ὑπὸ
1520 1984 1600 2046 νόσου
1623 1985 1669 2045 καί

122 2081 186 2142 odio
207 2080 334 2164 prosequi
357 2082 410 2142 boc
435 2080 514 2154 esset,
544 2082 630 2141 Panlo
653 2102 709 2162 pra
741 2080 843 2140 caeteris
898 2075 998 2154 μυρίων
1013 2079 1102 2137 κακῶν
1116 2077 1147 2136 τδ
1169 2080 1249 2156 σῶμα
1262 2077 1318 2158 ἔχει
1331 2078 1566 2159 πολιορκούμενον,
1580 2076 1669 2150 ‘laridi

122 2174 249 2234 omnibns
264 2175 350 2234 amieo
361 2195 410 2233 suo
424 2171 453 2233 id
466 2172 586 2233 accidere
593 2172 759 2255 permisisset
776 2197 782 2229 :
796 2193 843 2233 ve·
898 2167 982 2249 τούτῳ
993 2169 1148 2249 παραμυθία
1160 2169 1255 2249 γίνοιτ’
1266 2169 1298 2228 ἀν
1309 2175 1360 2230 τῶν
1371 2173 1560 2250 παραλυτικῶν
1570 2169 1669 2230 τούτων

123 2287 185 2326 rum
202 2265 277 2345 qnod
286 2265 321 2325 de
335 2262 367 2326 oo
385 2266 518 2326 sollicitus
531 2278 609 2342 esset,
625 2265 703 2344 eique
714 2263 842 2347 prouide-
897 2261 932 2322 τδ
943 2260 1070 2338 σύματα,
1084 2262 1129 2322 καὶ
1144 2262 1211 2341 μετδι
1223 2262 1320 2323 τούτων
1331 2270 1345 2324 ό
1357 2265 1486 2346 μακόριος
1497 2265 1543 2325 καί
1554 2272 1671 2345 γενναῖος

124 2371 175 2436 ret,
185 2371 265 2437 atque
276 2356 311 2418 ad
322 2358 452 2438 majorem
465 2358 545 2417 illum
558 2356 761 2438 philosophiam
775 2379 842 2438 pro·
897 2361 944 2415 τοῦ
958 2354 1065 2414 Παύλου
1077 2354 1212 2431 μαθητλς,
1227 2355 1255 2423 ὃς
1271 2357 1395 2429 διηνεκῶς
1405 2359 1432 2416 ἐν
1453 2357 1616 2439 ἀρρωστίαις
1628 2348 1671 2430 ἦν,

122 2463 253 2511 moveret.
286 2448 335 2509 Est
355 2449 425 2508 alius
455 2447 608 2530 quispiam,
632 2450 709 2529 cujus
744 2470 843 2531 corpus
898 2443 1671 2529 καίοθδέποτεἀνέπνειἕκτῆςμακρᾶςάοθενείας,όπεραίν

125 2541 228 2601 morbis
236 2562 268 2601 ae
275 2541 354 2602 malis
367 2541 515 2602 innumeris
526 2540 685 2602 obsidetur?
699 2542 843 2603 Sufficien-
899 2539 945 2600 καί
955 2537 1356 2622 ὁΠαῶλοςίλεγεν·οίνῳόλίγῳ
1364 2545 1423 2622 χρῶ
1433 2541 1670 2623 διδτδνστόμαχόν

125 2647 178 2693 tem
193 2632 259 2693 huic
272 2634 385 2693 afferent
396 2632 604 2694 consolationem
625 2633 843 2716 paralyticorum
862 2648 880 2696 n
900 2655 956 2705 σου,
968 2632 1013 2693 καί
1022 2631 1069 2701 τάς
1080 2633 1234 2701 πυκνάςσου
1240 2634 1384 2705 ἀσθενείας,
1389 2633 1434 2693 καί
1442 2634 1590 2714 οθχὰπλῶς
1597 2638 1673 2694 ἀσθε-

125 2725 240 2787 istorum
250 2747 372 2807 corpora,
384 2738 478 2785 etcum
486 2726 543 2785 illis
555 2726 652 2786 beatus
661 2747 692 2785 ac
700 2747 844 2806 generosus
900 2725 1097 2810 νείας.Ἕτερος
1107 2725 1311 2808 συκοφαντηθείς
1324 2727 1398 2806 παρδ
1407 2735 1460 2794 τοῖς
1471 2726 1581 2794 πολλοῖς
1590 2748 1672 2799 πον-η·

126 2819 205 2877 Pauli
216 2818 378 2900 discipulus,
396 2818 443 2898 qui
465 2818 603 2899 perpetuis
625 2819 729 2879 morbis
745 2821 843 2881 oonlli-
903 2819 950 2902 ρδν
965 2820 1095 2892 ἐκτήσατο
1109 2819 1193 2892 δόξαν,
1207 2818 1252 2879 καί
1266 2824 1343 2878 τοῦτο
1357 2818 1421 2879 αὐτὸ
1430 2818 1479 2891 τήν
1494 2818 1583 2900 ψυχὴν
1594 2819 1672 2898 δδυνᾷ

125 2911 258 2988 etabatur,
275 2932 324 2971 nec
347 2932 507 2990 umquama
529 2911 610 2991 longa
631 2913 793 2991 egritudine
804 2936 845 2974 re·
901 2911 947 2971 καί
967 2909 1099 2971 κατεσθίει
1114 2912 1254 2985 διηνεκῶς·
1277 2909 1399 2972 εἰσελθὼν
1417 2910 1463 2971 καί
1476 2910 1610 2985 ἀκούσας,
1630 2911 1672 2973 ότι

16 3001 74 3045 Tim.
92 2996 115 3044 5·
126 3001 258 3084 spirabat,
272 3002 345 3082 quod
363 3003 446 3063 etiam
464 3002 567 3063 Paulus
590 3003 698 3064 dioebat
708 3028 715 3062 τ
726 3008 845 3066 Modico
900 3002 1187 3083 Μακάριοίέστε,όταν
1197 3002 1357 3064 ὀνειδίσωσιν
1366 3007 1446 3081 ὑμᾶς,
1457 3002 1670 3064 καίείπωσιιιαδ’

11 3093 16 3106 “
127 3099 200 3155 vino
212 3108 292 3155 utere
303 3110 420 3176 propter
430 3097 615 3156 stomachum
627 3109 721 3172 tuum,
744 3112 773 3158 et
777 3101 846 3180 sre-
900 3102 975 3176 ὑμῶν
989 3108 1041 3157 πᾶν
1055 3097 1167 3178 πονηρόν
1178 3107 1291 3179 πρᾶγμα
1306 3096 1474 3178 ψευδόμενοι·
1489 3097 1614 3178 χαίρετε,
1627 3098 1674 3158 καί

126 3198 247 3268 quente's
254 3201 320 3248 tuas
327 3189 582 3268 infirmitates,non
591 3188 846 3270 simpliciterdicens
902 3190 1076 3269 ἀγαλλιᾶσθε,
1093 3189 1161 3249 ότιό
1176 3190 1267 3268 μισθὸς
1279 3191 1353 3267 ὑμῶν
1367 3187 1449 3258 πολύς
1467 3191 1496 3248 ἐν
1518 3187 1574 3257 τοῖς
1592 3194 1675 3272 οὐρα-

126 3279 306 3341 infirmitates.
320 3280 396 3340 Alius
408 3280 544 3362 quispiam
554 3280 697 3342 calumniis
711 3286 847 3366 appetitus
902 3290 967 3354 νοῖς,
987 3280 1150 3352 ἀποθήσεται
1164 3290 1254 3340 πᾶσαν
1270 3278 1394 3360 ἀθυμίαν,
1408 3280 1454 3340 καί
1467 3281 1571 3351 δέξεται
1584 3293 1673 3345 πᾶσαν

95 3439 96 3442 ς
126 3386 167 3432 est
179 3373 215 3432 ab
227 3373 271 3451 iis,
285 3373 333 3453 qui
345 3394 472 3454 magnam
485 3373 526 3433 illi
542 3375 616 3456 apud
630 3375 764 3457 populum
785 3397 848 3436 eon·
902 3372 1017 3445 ἡδονήν·
1031 3374 1161 3455 Σκιρτάτε
1174 3373 1227 3455 γὰρ
1242 3371 1289 3432 καί
1310 3374 1486 3451 ἀγαλλιᾶσθε,
1499 3372 1590 3453 φησίν,
1612 3373 1672 3435 όταν

126 3464 227 3525 llarunt
238 3465 388 3538 infamiam,
404 3479 484 3545 atque
494 3465 547 3525 boc
556 3467 615 3547 ejus
623 3465 746 3526 animum
759 3468 849 3547 graui·
903 3464 1066 3525 ἐκόόλλυισιν
1080 3469 1141 3543 ύμῖν
1152 3463 1236 3544 ὄνομα
1246 3464 1370 3546 πονηρόν.
1384 3464 1437 3525 Καί
1450 3464 1511 3532 τούς
1525 3464 1575 3543 μὲν
1586 3471 1675 3542 κακῶς

128 3570 169 3618 ter
181 3558 258 3638 angit
270 3573 296 3619 et
306 3570 436 3641 perpetuo
447 3557 596 3618 eruciatmi
605 3559 739 3639 ingressus
753 3560 846 3639 fuerit,
904 3555 1043 3626 ἀκούοντας
1063 3556 1148 3638 τούτῳ
1171 3562 1366 3639 παραμυθεῖται
1388 3560 1427 3638 τῷ
1448 3555 1557 3639 τρόπιρ,
1570 3556 1673 3627 τοδςδί

5 3649 63 3696 nul·
79 3649 102 3697 ⁵·
128 3649 155 3710 et
177 3650 303 3728 audierit,
324 3654 413 3712 Beati
438 3656 517 3725 estis,
547 3673 613 3712 eum
638 3652 849 3714 maledixerint
903 3651 992 3717 κακῶς
1005 3648 1128 3727 λέγοντας
1151 3648 1247 3729 δτίρως
1260 3647 1443 3730 ροόεῖλέγων,
1457 3648 1498 3707 ότι
1518 3650 1580 3709 Πᾶν
1602 3653 1675 3731 ῥῆμα

11 3724 65 3758 '¹⁸'
129 3747 215 3804 uobis
224 3746 367 3816 homines,
380 3757 410 3804 et
422 3746 551 3805 dixerint
565 3765 652 3803 omne
665 3744 778 3803 malum
792 3746 850 3804 ad·
866 3757 886 3806 c
904 3739 993 3821 ἀργόν,
1005 3741 1019 3801 δ
1032 3739 1078 3800 etv
1095 3740 1248 3825 λαλήσωσιν
1273 3745 1298 3801 ol
1322 3740 1472 3820 ἄνθρωποι,
1486 3740 1602 3803 δώσουσι
1615 3741 1675 3824 πιρί

130 3855 243 3894 versum
252 3855 307 3895 vos
319 3836 645 3917 mentientesrgaudete
653 3848 682 3894 et
691 3836 847 3907 exsultate,
904 3838 983 3895 αὐτοῦ
1005 3834 1090 3914 λόγον,
1118 3833 1171 3894 εἴτε
1197 3834 1304 3913 ἀγαθδν,
1325 3833 1377 3894 είτε
1401 3834 1494 3894 κακόν.
1516 3833 1611 3905 Ἄλλος
1636 3860 1675 3904 τις

129 3930 268 4004 quoniam
280 3947 388 3986 merces
397 3940 498 3986 vestra
513 3934 631 4007 copioso
640 3940 682 3986 est
698 3929 731 3984 in
747 3929 846 3988 caelis:
904 3926 1041 4007 θυγοίτριον
1051 3926 1194 4000 ἀπίύαλεν,
1206 3924 1224 3997 ἢ
1237 3925 1301 3998 υίδν,
1311 3926 1397 3997 ἤτινα
1408 3930 1460 3985 τῶν
1475 3927 1674 4007 προσηκόντων,

129 4037 236 4076 omnem
250 4017 365 4096 deponet
378 4036 529 4090 moerorem,
548 4030 574 4076 et
588 4039 693 4077 summa
707 4020 849 4100 voluptate
902 4018 947 4078 καί
961 4010 1034 4087 οὗτος
1043 4022 1154 4079 ἐνταῦθα
1164 4018 1375 4098 παραγενόμενος
1386 4018 1495 4078 Παύλου
1507 4020 1675 4090 στενάξαντος

0 4130 36 4191 jc·
45 4113 69 4160 6·
80 4125 109 4158 ²²
129 4109 459 4192 perfundetu1·;Subsilite
469 4109 541 4169 enim
553 4123 581 4169 et
591 4111 846 4191 exsultatqinquit,
902 4111 946 4171 ἐπί
959 4116 992 4191 τῇ
1008 4111 1129 4191 παρούσῃ
1142 4113 1196 4185 ζωῇ
1208 4110 1255 4170 καί
1267 4109 1316 4184 τλν
1331 4111 1475 4188 μέλλουσαν
1485 4112 1674 4190 ἐπιθυμοῦντος

0 4197 20 4220 '
130 4223 197 4262 eum
215 4205 369 4283 injecerint
384 4203 469 4261 vobis
491 4221 597 4259 nomen
617 4202 741 4260 malum.
760 4203 848 4281 Atque
904 4204 977 4278 ἰδεῖν,
1003 4203 1049 4262 καί
1065 4203 1241 4283 βαρυνομένου
1266 4206 1300 4282 τῇ
1326 4204 1439 4262 ἐνταῦθα
1464 4204 1610 4285 διατριόῇ,
1633 4205 1703 4271 καί,

130 4295 192 4356 illos
202 4295 314 4375 quidem
325 4294 372 4374 qni
381 4293 509 4354 conviciis
517 4293 686 4370 alliciuntur,
703 4292 756 4354 boc
765 4294 847 4354 modo
903 4296 979 4364 αύτδς
990 4294 1080 4369 tetur
1102 4294 1192 4354 ίκανδυ
1213 4294 1352 4377 ροίρμακον
1372 4294 1547 4355 ἀπελεύσεται
1565 4295 1678 4364 ἀκούσας

131 4388 301 4448 consolatur:
314 4408 359 4446 eos
371 4408 435 4448 vero
451 4386 498 4465 qni
512 4385 642 4446 oonvieiis
649 4386 782 4464 afficiunt,
798 4387 849 4448 ali·
903 4393 982 4450 αὐτοῦ
996 4387 1131 4468 λίγοντος·
1144 4387 1212 4466 Περί
1237 4386 1265 4447 δὲ
1278 4391 1331 4446 τῶν
1343 4386 1543 4465 κεκοιμημίνων
1565 4391 1595 4448 οά
1608 4386 1675 4449 θέλω

5 4474 66 4548 ξ’ίίί·
86 4484 120 4518 '²-
134 4494 172 4540 ter
186 4493 276 4557 terret,
300 4500 361 4538 cnm
376 4478 414 4538 ait
430 4502 437 4536 :
454 4481 548 4538 Omne
572 4482 696 4538 uerbum
711 4484 847 4553 otiosum,
903 4488 972 4560 ύμός
997 4485 1108 4561 ἀγνοεῖν,
1131 4478 1317 4562 ἀδελφοί,ίνα
1344 4478 1382 4556 μὴ
1406 4481 1577 4552 λυπῆσθεόις
1595 4481 1679 4555 nelei

1 4550 20 4580 '¹'
132 4575 211 4655 quod
225 4575 340 4655 loquuti
341 4573 459 4654 suerint
480 4574 624 4645 homines,
637 4573 760 4632 reddent
770 4575 807 4632 de
816 4594 850 4633 eo
903 4574 991 4634 λοιποί
999 4577 1023 4634 ol
1037 4573 1074 4653 μὴ
1089 4571 1192 4653 ἔχοντες
1204 4570 1308 4631 ἐλπίδα.
1321 4573 1379 4631 Οὐκ
1393 4560 1460 4645 εἶπε,
1471 4572 1593 4651 περὶτῶν
1610 4577 1677 4634 ἀπο·

9 1605 55 1653 Cor
72 1607 87 1671 ψ

132 4672 287 4738 rationem,
312 4671 374 4728 sive
399 4669 506 4726 bonum
520 4667 630 4747 suerit,
646 4670 708 4727 sive
729 4669 850 4728 malum.
906 4665 1082 4740 θνησκόντων,
1099 4665 1186 4737 ἀλλά,
1198 4662 1268 4746 Περί
1280 4666 1333 4722 τῶν
1346 4663 1558 4742 κεκοιμημένων,
1579 4664 1680 4732 δεικνύς

131 4760 258 4820 Filiolam
268 4759 402 4841 quispiam
420 4759 489 4818 alins
508 4758 609 4833 amisit,
625 4773 674 4819 aut
688 4760 789 4832 lilium,
806 4776 852 4822 aut
869 4780 889 4828 n
906 4758 947 4820 ότι
957 4757 1036 4826 ίίπνος
1047 4757 1116 4818 ἐστίν
1130 4755 1273 4823 δθοίνατος.
1287 4755 1395 4835 Ὥσπερ
1409 4747 1452 4816 οὗν
1467 4754 1498 4813 δν
1510 4755 1608 4834 ίδωμίν
1623 4782 1681 4818 τινα

132 4853 217 4912 alium
231 4854 350 4933 aliquem
360 4874 394 4911 ex
405 4851 574 4934 propinquis,
591 4866 617 4912 et
630 4853 676 4912 bic.
690 4854 714 4913 si
737 4853 849 4914 bucne-
907 4850 1083 4921 καθεύδοντα,
1105 4852 1134 4909 ού
1149 4848 1344 4930 θορυόούμεθα,
1361 4847 1420 4908 οὐδὲ
1435 4845 1549 4924 ἀλύομεν
1563 4850 1682 4928 προσδο-

132 4946 200 5022 niat,
216 4965 278 5004 cum
292 4946 392 5006 Paulus
408 4959 519 5029 propter
537 4959 696 5026 presentem
711 4945 798 5006 uitam
808 4947 853 5008 in·
908 4949 1005 5013 κῶντες
1016 4945 1092 5004 αὐτὸν
1105 4942 1300 5015 ἀναστήσεσθαι
1312 4941 1431 5009 πάντως·
1445 4940 1528 5008 οὕτως
1539 4941 1604 5002 όταν
1619 4943 1682 5003 tm

134 5036 274 5117 gemmunt,
300 5049 327 5096 et
352 5038 473 5097 futuram
499 5036 589 5098 ridere
613 5037 715 5119 cupiat,
737 5060 854 5118 eumque
909 5035 957 5116 μέν
977 5059 1037 5095 τινα
1051 5032 1232 5106 ἀποθανόντα,
1256 5033 1293 5113 μὴ
1308 5030 1495 5114 θορυύόιμεθα,
1531 5033 1580 5106 ndi
1602 5058 1682 5094 κατα-

133 5127 232 5189 tedeat
250 5128 296 5188 bic
313 5129 430 5189 tamdiu
451 5130 561 5202 morari,
578 5129 723 5190 sufficienti
744 5145 770 5190 et
795 5131 854 5213 ipse
908 5127 1062 5206 πίπτωμιυ·
1077 5123 1187 5205 καὶγὰρ
1209 5124 1255 5185 καί
1268 5133 1344 5186 τοῦτο
1356 5123 1435 5193 ύπνος
1449 5124 1614 5207 μακρότερος
1625 5125 1682 5207 μίν,

134 5220 333 5295 medicamento
342 5236 451 5302 accepto
464 5221 594 5298 discedet,
611 5220 659 5281 ubi
673 5219 806 5282 dicentem
819 5223 853 5282 il·
909 5220 988 5288 δπνος
1012 5219 1040 5279 dl
1064 5216 1145 5296 ὅμως.
1157 5219 1206 5298 Τῷ
1218 5215 1265 5295 μίν
1280 5207 1325 5276 niv
1336 5216 1445 5297 ὀνόματι
1463 5222 1513 5290 τῆς
1532 5218 1684 5297 κοιμήσεως

12 5303 124 5365 nessa.
134 5312 192 5374 lum
207 5311 360 5399 audiverit:
375 5314 422 5372 De
435 5314 644 5373 dormientibus
667 5325 766 5373 nutem
780 5316 849 5374 nolo
909 5310 1117 5394 παρεμυθήσατο
1130 5309 1191 5379 τοίις
1215 5315 1390 5387 πενθοῦντας,
1415 5308 1464 5385 τὴν
1478 5309 1506 5373 δὲ
1520 5309 1683 5392 κατηγορίαν
