3810 6000
348 404 420 502 958
599 496 606 510 ι
1050 419 1182 470 sennia.

351 558 392 612 eis
400 553 558 631 dispertite
569 548 925 627 lingnoetamqunmignis
939 557 1068 622 :eratque
1120 545 1290 624 μεριζόμεναι
1304 545 1423 626 γλῶσσαι
1444 539 1511 602 ὡσεὶ
1528 539 1629 622 πυρός·
1653 538 1702 599 καλ
1717 525 1751 610 ἦν
1770 536 1800 598 τό
1843 537 1882 599 ενό-

352 633 381 691 id
395 629 468 709 quod
482 650 516 719 ap
536 627 637 700 arebat,
651 624 771 705 terribile
778 649 787 700 ς
804 623 832 682 id
847 644 910 683 vero
919 623 991 702 quod
1005 645 1068 704 age·
1124 647 1201 701 μενον
1214 621 1379 705 φοάερδν,τδ
1394 622 1422 683 δέ
1444 621 1585 701 γινόμενον
1610 620 1748 679 ποθεινόν·
1802 619 1808 638 ’
1841 621 1884 698 tp-

352 712 445 783 batur,
453 650 631 768 desiderabile
640 729 645 761 :
655 706 762 763 [lamma
771 704 908 794 ingruem,
917 724 966 762 nee
974 725 1068 779 urens;
1120 703 1249 775 ζάνουσα,
1259 703 1305 764 καί
1320 701 1357 782 μὴ
1371 703 1501 774 καίουσα,
1513 708 1569 782 πῦρ
1579 697 1885 776 ἐπικαθήμεναε,καίμῆ

353 789 425 870 ignis
434 783 875 863 insidens,neceomburens;1guis
884 782 1069 861 quicaelestem
1121 783 1229 864 φλέγον·
1241 790 1294 862 πῦρ
1308 782 1357 856 τὴν
1369 781 1522 863 ἐπουράνιον
1539 778 1640 859 σοφίαν
1651 777 1829 857 δωρούμενον,
1846 784 1887 857 wip

354 866 512 949 sapientiam
523 864 752 943 dabat‚ignisqui
760 865 787 922 in
798 862 905 942 linguas
916 863 1070 921 innumeras
1121 865 1158 930 εἰς
1180 861 1303 944 ἀπείρους
1322 861 1491 943 μεριζόμενον
1506 859 1652 939 γλώσσας,
1675 863 1733 935 πῦρ
1758 859 1793 923 εές
1812 856 1888 936 μυρίας

355 947 540 1020 dividebatur,
556 944 664 1023 iguisin
678 944 822 1002 verborum
836 942 937 1023 species
947 941 1069 1002 divisus:
1122 941 1193 1009 ἰδίας
1215 941 1341 1021 ῥημάτων
1366 940 1543 1019 τεμνόμενον·
1563 937 1632 1018 φλόξ
1661 934 1825 1018 σοφιστεύειν
1842 934 1888 1003 τάκ

355 1028 465 1086 flamma
492 1046 551 1103 quae
565 1025 710 1103 piscatores
729 1021 935 1101 argumentandi
957 1021 1070 1080 modum
1122 1021 1212 1089 άλιέας
1223 1021 1396 1095 διδάσκουσα,
1410 1019 1455 1078 καὶ
1471 1019 1574 1099 ῥήτορα
1587 1017 1635 1076 τὸν
1648 1013 1812 1092 σκυτοτόμον
1822 1017 1889 1093 ἀπαρ-

355 1105 480 1178 docebat,
491 1125 550 1182 quae
564 1101 709 1161 coriarium
721 1103 856 1160 rhetorem
868 1100 1072 1161 efficiebatlmo
1122 1100 1240 1169 τίζουσα.
1251 1104 1362 1160 Μᾶλλον
1378 1100 1406 1158 δέ
1430 1098 1505 1158 οὐδὲν
1527 1103 1660 1157 τοσῶτυν
1676 1100 1704 1154 οἱ
1776 1095 1845 1154 mut
1861 1096 1889 1153 (li

356 1184 470 1244 verobis
480 1202 532 1241 non
541 1196 602 1241 sunt
616 1181 790 1261 comparandi
799 1181 932 1261 sophistae.
944 1180 989 1239 Ilii
1000 1181 1072 1240 enim
1123 1178 1238 1261 μένγάρ
1260 1179 1408 1249 ἑνόςίτινος
1431 1170 1500 1250 ἦσαν
1520 1177 1616 1242 έθνως
1640 1175 1705 1234 διδ’
1808 1173 1889 1247 ,οίέί

329 1333 331 1336 ⁴
357 1265 437 1323 unius
451 1263 538 1322 solum
547 1260 761 1339 gentisdoetores
771 1274 859 1333 eraut;
873 1260 973 1320 bivero
987 1260 1071 1319 totius
1121 1265 1170 1332 τῆς
1183 1257 1337 1337 οἰκουμένης
1349 1259 1503 1338 γεγένηνται
1524 1254 1689 1316 παιδευταί.
1703 1255 1761 1314 Καὶ
1774 1254 1891 1320 Γαλιλαῖος

357 1343 432 1402 orbis
460 1340 591 1419 aedagogi.
605 1340 658 1400 Vir
674 1340 806 1399 Galilaens
819 1339 964 1398 Medorum
977 1339 1071 1418 lingna
1086 1340 1105 1388 Β
1123 1338 1191 1419 ἀνὴρ
1205 1339 1240 1399 rt
1255 1339 1355 1409 Μήδιον
1367 1337 1523 1418 ἐφθέγγετο,
1535 1335 1586 1394 καί
1602 1334 1639 1394 τὰ
1655 1337 1714 1392 τῶν
1725 1334 1834 1412 Πάρθων
1845 1331 1890 1392 iai·

357 1421 438 1501 loque
474 1436 527 1494 tur,
553 1418 678 1478 Parthiee
703 1419 813 1492 sciebat,
848 1418 992 1478 Elamitice
1018 1439 1072 1479 non
1123 1416 1325 1492 ατατο,καίτά
1341 1420 1393 1477 τῶν
1408 1417 1631 1494 Ἐλαμιτῶνούκ
1645 1414 1758 1494 ἠγνόει·
1774 1404 1890 1512 ἀλλἐίχεν

357 1501 500 1580 ignorabat
511 1523 518 1556 ι
528 1497 893 1558 sedomninmdialeetorum
905 1498 1034 1578 imagines
1044 1500 1072 1557 in
1122 1497 1167 1558 ἐπὶ
1180 1503 1226 1558 τοῦ
1245 1498 1374 1575 στόματος
1389 1496 1478 1569 πάσης
1499 1495 1609 1561 εἰκόνας
1631 1497 1739 1574 φωνῆς.
1762 1493 1813 1553 Καὶ
1827 1491 1891 1558 ἀνείς

359 1601 406 1640 ore
422 1579 533 1639 ferebat.
544 1576 706 1636 Auditorum
725 1597 803 1637 nemo
819 1577 900 1636 iilum
908 1598 964 1636 esse
976 1576 1073 1638 barba·
1123 1577 1271 1636 αὐτῶντῶν
1284 1580 1419 1657 ἀκροατῶν
1433 1575 1538 1652 ἐνόμιζε
1554 1573 1719 1674 βάρόαρον,
1732 1570 1793 1631 ott
1812 1575 1843 1638 ὥς
1857 1570 1889 1630 ri·

358 1680 421 1719 rum
434 1659 557 1739 putabat,
570 1677 681 1733 nequea
698 1657 842 1716 verborum
858 1656 954 1716 talium
967 1669 998 1715 ut
1008 1677 1072 1738 spu·
1122 1655 1255 1722 devereb<
1270 1654 1361 1736 λόγους
1381 1660 1429 1728 τῆς
1445 1658 1527 1726 ἀκοῆς
1548 1656 1713 1734 ἀπερυγεν·
1729 1653 1788 1709 ἀλλ’
1799 1653 1890 1718 bem

300 1772 304 1777 ·
357 1737 462 1797 riorum
473 1737 569 1796 auditu
583 1734 744 1815 refugiebat:
756 1735 803 1795 sed
814 1749 894 1795 atota
908 1750 985 1815 geute
995 1733 1085 1815 quasi<
1123 1733 1168 1802 τδς
1180 1735 1267 1801 ἔθνους
1286 1733 1396 1808 πολίτης
1420 1731 1549 1805 ἠκούετο,
1562 1733 1662 1804 πάσης
1686 1734 1738 1802 τῆς
1764 1729 1891 1808 οέαοηιίνης

359 1816 519 1876 eontribnlis
528 1813 698 1893 audiebatur,
709 1815 773 1893 quia
781 1815 943 1875 totiusorbis
951 1815 1074 1895 lingnam
1123 1816 1245 1893 γλῶτταν
1266 1816 1351 1894 ἐαυτῷ
1368 1812 1536 1895 περιφέρων,
1551 1811 1603 1870 καὶ
1626 1815 1742 1892 πρῶτον
1756 1815 1839 1869 τοῦτον
1855 1813 1890 1880 τῆς

359 1895 622 1955 circumferebat:et
648 1894 853 1986 huneprimum
867 1894 920 1976 piae
935 1894 1075 1974 religionis
1123 1892 1258 1960 εὐσεόείας
1269 1893 1413 1974 εἰλήφαμεν
1434 1889 1548 1971 καρπόν.
1575 1888 1647 1950 Ἐπί
1672 1889 1725 1968 μέν
1739 1889 1791 1971 γὰρ
1805 1891 1891 1958 τῆςτῶ

352 1985 354 1989 .
359 1975 479 2036 fructum
491 1975 651 2066 accepimus.
660 1976 732 2034 Nam
742 1996 770 2034 m
783 1976 979 2035 construetione
990 1974 1074 2033 turris
1123 1972 1224 2074 πύργου
1240 1977 1404 2044 κατασκευῆς
1420 1969 1454 2030 τά
1467 1976 1516 2042 τῆς
1530 1974 1627 2050 φωνῆς
1643 1969 1795 2048 ἐμερίσθη,
1807 1967 1845 2026 καὶ
1855 1968 1890 2034 τίς

359 2075 457 2115 vocum
485 2075 585 2144 spectes
612 2053 707 2113 divisae
728 2066 802 2126 snut,
828 2066 854 2112 et
878 2055 926 2113 atii
953 2053 1075 2112 homiues
1124 2054 1247 2123 ἀλληλοιν
1257 2051 1388 2131 ἠγνόησαν
1399 2048 1518 2131 γλώττας
1528 2047 1891 2130 οίάνθρωποιἜδειγάρτῆς

359 2132 1073 2224 aliorumbnguamignorabant.Deoqueperosipro·
1124 2131 1256 2211 θεομάχου
1280 2132 1375 2210 βουλῆς
1397 2128 1445 2202 τὴν
1474 2127 1606 2206 όμόνοιαν
1632 2128 1804 2206 ιἀγνωσίαις
1826 2150 1890 2185 σενα-

359 2214 440 2293 positi
454 2213 781 2303 eoncordiamrgnorantia
792 2214 937 2273 verborum
947 2210 1074 2294 dissipari
1143 2215 1220 2282 θῆναι
1235 2210 1372 2290 ῥημάτων,
1387 2209 1434 2269 καί
1452 2206 1512 2275 τοὺς
1525 2212 1622 2274 κακῶς
1639 2208 1774 2279 ἀλληλοις
1792 2205 1891 2285 συμπρά-

359 2313 427 2383 opus
440 2305 506 2368 erat,
516 2307 541 2352 et
553 2313 653 2371 eosqui
667 2291 748 2350 simul
762 2306 787 2351 et
796 2293 866 2351 male
879 2293 1072 2374 operabantur,
1122 2233 1218 2357 invene
1228 2294 1262 2369 τῇ
1273 2293 1320 2360 τῆς
1330 2287 1450 2368 γλώττης
1465 2287 1607 2368 μεταόολῇ
1623 2288 1788 2358 διαστῆναι,
1801 2286 1840 2343 καὶ
1850 2287 1890 2343 εἰν

357 2371 458 2451 hugum
474 2373 620 2431 mutatione
632 2371 762 2451 disjungi,
779 2371 945 2450 absurdique
963 2383 1074 2430 conatus
1123 2367 1270 2447 ἀλογίστων
1293 2367 1492 2449 ἐγχειρημάτων
1505 2365 1582 2468 λόγγα
1607 2366 1663 2438 τὴν
1686 2374 1784 2446 πεῖραν
1802 2365 1890 2438 λαόεῑν,

357 2452 484 2511 notitiam
501 2473 536 2510 ex
549 2450 639 2511 verbis
649 2449 786 2535 accipere:
800 2451 837 2509 ita
846 2464 876 2509 ut
890 2450 971 2529 isqui
979 2451 1073 2528 loque·
1123 2448 1169 2507 καί
1185 2448 1252 2525 μήτε
1266 2449 1376 2529 λέγοντα
1400 2446 1503 2525 λέγειν,
1528 2470 1603 2524 μητε
1626 2444 1765 2506 ἀκούοντα
1785 2444 1891 2517 συνιέναι,

357 2528 439 2589 batur
448 2529 636 2600 nihildieeret,
646 2543 671 2588 et
684 2530 732 2608 qui
743 2527 871 2588 audiebat
884 2530 955 2588 nihil
968 2528 1072 2609 intelli-
1125 2526 1192 2604 μηδὲ
1207 2526 1294 2607 μάτην
1308 2525 1522 2609 προσαπολλύναι
1537 2523 1602 2591 τοὺς
1615 2525 1746 2606 χρόνους.
1761 2524 1797 2584 Τί
1806 2523 1850 2602 γάρ
1859 2545 1891 2581 σοι

357 2624 431 2688 geret
445 2632 478 2669 ue
504 2624 611 2690 tempus
622 2609 721 2667 frustra
731 2609 1073 2681 insumeretur.Quodnam
1088 2618 1108 2672 G
1123 2612 1171 2679 τῆς
1185 2606 1309 2676 ἀπονοίας
1328 2608 1359 2667 τὸ
1374 2606 1479 2687 κέρδος;
1497 2605 1525 2664 τί
1539 2627 1585 2664 σοι
1598 2609 1653 2676 τῆς
1676 2608 1859 2684 μεγαλουργίας
1868 2604 1891 2662 τό

357 2687 410 2746 tibi
419 2691 578 2769 arrogantiae
590 2689 719 2748 lucrum?
731 2689 793 2768 quis
807 2690 875 2749 tanti
890 2689 978 2769 operis
990 2689 1073 2747 finis?
1122 2686 1209 2761 τέλος,
1223 2688 1249 2746 T
1251 2687 1260 2746 ί
1272 2688 1303 2747 τό
1317 2686 1504 2759 ἀκαταληπτον
1518 2684 1602 2764 βιάζῃ
1616 2684 1803 2758 καταλαόεῖν;
1816 2682 1847 2743 Τί
1856 2683 1891 2740 τόν

359 2767 491 2827 Cur'eum
510 2770 557 2848 qni
572 2790 607 2849 ap
627 2765 738 2827 rehendi
751 2768 853 2847 nequit,
874 2767 1074 2850 apprehendere
1123 2767 1231 2848 οὐρανὸν
1253 2766 1378 2868 ἁρπάζειν
1388 2768 1591 2846 φιλονεικεῐς,δ
1612 2765 1690 2842 μηδὲ
1714 2769 1763 2835 τῆς
1778 2769 1823 2843 γῆς
1836 2761 1891 2829 ἀξια

289 2848 292 2855 ’
358 2848 477 2927 satagis?
494 2849 549 2906 Cnr
574 2791 669 2907 eaeinm
694 2848 784 2928 ipsnrn
808 2868 901 2928 rapere
924 2847 1073 2917 contendis,
1123 2844 1160 2904 ὢν
1175 2848 1331 2919 ἀπολαυειν;
1351 2845 1388 2904 Τί
1409 2847 1636 2926 μετεωρολογεῐς,
1664 2843 1772 2921 ὁμηδέ
1794 2847 1837 2913 τῆς
1856 2848 1892 2900 τῶ

357 2926 453 3004 quine
465 2926 493 2986 di
515 2948 564 2987 nus
577 2927 686 3007 quidem
699 2927 784 3005 esqui
794 2927 1073 3002 te1·rafruaris?Quid
1122 2925 1234 2997 πλησίον
1249 2931 1337 3006 φωνῆς
1360 2924 1512 2995 ἐπακούων;
1526 2923 1645 3005 Μερίζω
1672 2947 1717 2984 σοι
1740 2919 1890 3002 τλνφωιῆν,

357 3005 485 3065 sublimia
495 2948 628 3083 innueris,
649 3006 698 3085 qui
716 3026 750 3064 ne
763 3006 882 3086 proximi
897 3006 1009 3084 quidem
1030 3008 1073 3067 tui
1122 2999 1167 3064 καί
1180 3004 1305 3065 καταλύω
1318 3003 1482 3087 τῆνπράξιν,
1495 3005 1525 3061 ού
1546 3002 1597 3075 τὴν
1613 3003 1670 3076 σὴν
1689 3002 1816 3063 άνάόαστν
1826 3001 1891 3059 δεδοι·

357 3102 453 3142 roeem
479 3085 625 3163 intelligis?
639 3089 741 3146 Vocem
753 3098 780 3142 et
798 3085 919 3164 lingnam
933 3098 1007 3145 tuam
1028 3086 1071 3146 di·
1121 3083 1257 3159 κὼς,οὗδέ
1274 3082 1341 3164 ὑπὲρ
1353 3087 1400 3154 τῆς
1414 3085 1478 3159 ἐμαδ
1495 3082 1640 3161 βασιλείας
1654 3079 1889 3163 φοάούμενος,α’λλέ

357 3159 433 3231 vido,
446 3176 472 3221 et
486 3184 553 3243 opus
573 3163 668 3239 solr03
684 3184 737 3221 non
754 3162 826 3240 quod
839 3171 979 3240 ascensum
993 3180 1071 3226 tunm
1121 3170 1226 3223 τοῦτοῦ
1241 3162 1329 3243 μάτην
1343 3169 1482 3227 πονοῦντος
1497 3160 1546 3221 καλ
1565 3162 1742 3239 κοπτομένου
1757 3161 1890 3238 κηδόμενος.

358 3255 486 3314 metuam,
502 3264 550 3300 nee
562 3241 633 3319 quod
644 3263 726 3321 regno
736 3263 795 3300 meo
804 3242 923 3314 timeam,
937 3243 983 3302 sed
997 3241 1071 3322 quod
1121 3242 1191 3304 Οὐδὲ
1209 3242 1260 3323 γάρ
1273 3242 1353 3300 λίθων
1367 3239 1508 3317 οἰκοδομὴ,
1525 3241 1574 3299 καλ
1601 3242 1770 3324 πολυχειρίᾳ
1793 3240 1889 3300 συντιθέ-

357 3321 392 3381 de
406 3335 431 3379 te
443 3342 511 3379 vane
525 3322 664 3379 laborante
673 3335 698 3379 et
709 3321 847 3380 fatiscente
865 3321 918 3380 sim
929 3323 1069 3385 sollicitus.
1122 3346 1198 3399 μενος
1224 3320 1322 3400 πύργος
1346 3323 1383 3387 είς
1409 3320 1518 3401 οὐρανὸν
1545 3320 1662 3398 ἀνάγειν
1686 3323 1813 3403 πέφυκεν,
1836 3319 1888 3378 ἀλλά

358 3401 495 3461 Nouenim
506 3400 836 3480 lepidumstruetura,nee
849 3401 998 3460 multorum
1009 3426 1069 3462 ma·
1121 3401 1229 3481 ἅρματα
1249 3399 1421 3479 θεογνωσίας,
1437 3398 1483 3459 καλ
1506 3401 1629 3459 ’πολλοὶ
1658 3402 1838 3472 δικαιοσύνης,
1855 3400 1889 3456 ui

357 3479 438 3539 nibus
448 3480 580 3539 aedificata
593 3479 676 3538 turris
686 3479 817 3538 incaelum
830 3478 962 3539 deducere
975 3496 1071 3562 potest,
1121 3480 1207 3562 φωτὸς
1221 3479 1403 3561 καθαρώτερος
1420 3477 1487 3557 βίος,
1501 3477 1549 3536 καὶ
1568 3479 1708 3560 πτέρυγες
1732 3485 1825 3562 ἀρετῆς
1839 3479 1890 3556 api<

357 3559 404 3618 sed
419 3580 514 3617 currus
534 3558 635 3617 divinae
649 3558 847 3637 cognitionis‚et
868 3559 930 3638 equi
948 3561 1070 3640 justitia,
1121 3559 1223 3631 ἐκείνην
1234 3559 1282 3631 τὴν
1295 3559 1353 3617 ὁδόν
1368 3558 1517 3636 ἀνάγουσιν.
1533 3555 1678 3626 Ἐκείνους
1700 3559 1750 3637 μέν
1769 3566 1786 3632 ἡ
1804 3562 1890 3636 γλῶττα

357 3638 467 3715 vitaque
480 3638 541 3696 luee
582 3637 663 3712 urior,
688 3638 953 3715 atquealaevirtutis
979 3640 1071 3699 inilia
1122 3644 1276 3719 μερισθεῖσα
1293 3644 1340 3710 τῆς
1362 3636 1461 3715 τόλμης
1483 3637 1662 3707 κατέπαυσε,
1689 3644 1817 3718 σοφῶςτε
1838 3641 1889 3714 ἐρῶ

255 3769 259 3776 .
357 3715 459 3775 ducunt
474 3718 528 3777 via.
539 3659 604 3775 llius
618 3717 727 3794 quidem
741 3716 836 3776 divisae
846 3717 946 3796 linguae
956 3719 990 3777 ab
1002 3741 1070 3779 ausu
1122 3722 1168 3778 καὶ
1182 3716 1375 3798 φιλανθρώπως
1387 3723 1463 3776 τοῦτο
1479 3721 1526 3774 τοῦ
1540 3720 1615 3776 Θεοῦ
1633 3717 1891 3798 κυόερνησαντος.Ὃ

356 3797 518 3871 deterruere,
543 3797 580 3854 ita
594 3798 651 3855 Deo
662 3796 795 3876 sapienter
807 3796 1002 3876 clementerque
1014 3799 1070 3858 dis·
1122 3796 1149 3857 δὲ
1164 3801 1227 3880 παρ’
1242 3797 1346 3857 ἐκείνων
1359 3795 1453 3855 ἐλαόεν
1464 3799 1500 3861 ῶς
1513 3798 1622 3866 κακῶν,
1634 3803 1715 3857 τοῦτο
1731 3807 1787 3866 τοῖς
1796 3795 1890 3856 άποττό·

356 3889 491 3955 pensante.
513 3874 595 3945 Quod
621 3889 710 3934 autem
737 3875 792 3934 illis
820 3889 912 3966 utpote
939 3878 1070 3958 improbis
1085 3892 1105 3939 Ι)
1120 3879 1178 3944 λοις
1201 3882 1237 3946 ὡς
1259 3877 1428 3955 ἀγαθοῖςέδω
1446 3873 1609 3948 donimani
1633 3881 1650 3936 δ
1671 3877 1717 3936 διδ
1747 3878 1889 3945 λιίιττηςιιο·

355 3953 957 4034 abstulit‚lroeapostolisntpoteprobrsdedit
970 3960 1069 4037 :etqui
1121 3959 1205 4023 λάοας
1221 3956 1280 4023 τοὺς
1295 3955 1413 4027 ἀσεάεῐς,
1426 3899 1471 4013 did
1479 3954 1604 4032 γλώττης
1613 3955 1680 4023 τοὺς
1690 3958 1782 4033 ἀγιοις
1790 3954 1888 4022 ἐδόξατε·

353 4054 403 4112 per
417 4033 539 4111 linguam
549 4033 686 4111 improbos
696 4033 882 4112 castigaverat,
891 4057 939 4115 per
948 4036 1069 4116 linguam
1120 4035 1204 4097 καλοί
1226 4044 1273 4097 τοῦ
1291 4034 1369 4114 λόγου
1393 4033 1524 4106 διάκονοι,
1539 4033 1587 4100 τάς
1619 4041 1670 4094 τοῦ
1699 4037 1783 4113 λόγου
1805 4034 1888 4116 μορφάς

354 4125 459 4170 sanctos
473 4113 558 4191 gloria
572 4112 662 4171 affecit
673 4137 679 4168 ι
689 4133 721 4170 ae
731 4113 848 4172 ministri
861 4115 936 4173 verbi
947 4117 1005 4196 ejus
1014 4117 1067 4175 for·
1119 4116 1309 4197 ὑποδέχονται,
1323 4117 1352 4173 οὐ
1377 4113 1442 4250 πρὸς
1468 4111 1592 4180 ἐπίδειξιν
1610 4118 1664 4185 τῆς
1683 4114 1808 4195 χάριτος,
1818 4117 1887 4172 biro-

354 4212 412 4249 mas
433 4191 592 4271 suscipiunt,
620 4213 673 4250 non
701 4191 737 4251 ad
760 4193 963 4254 ostentationem
1000 4197 1067 4256 ratia
1119 4195 1271 4270 λούσαντες,
1291 4195 1349 4256 ἀλλ’
1371 4196 1405 4253 ἐπ
1434 4191 1512 4273 χρείᾳ
1529 4191 1561 4252 τδ
1582 4193 1674 4273 δῶρον
1694 4183 1886 4271 ίέπιδεξάρεαι.

255 4290 258 4294 ·
354 4284 468 4346 utentes,
479 4270 525 4330 sed
543 4271 579 4329 ad
595 4293 675 4329 usum
686 4271 789 4331 donum
799 4216 1003 4362 accipientes&
1023 4297 1067 4334 or·
1119 4272 1196 4339 Ἔδει
1208 4275 1260 4356 γάρ
1270 4272 1329 4341 τοὺς
1342 4278 1389 4344 τῆς
1412 4271 1569 4349 οἰκουμένης
1581 4273 1736 4342 παιδευτάς
1750 4274 1785 4334 τά
1803 4280 1844 4344 τῆς
1856 4276 1887 4331 οἱ·

353 4350 426 4407 tebat
439 4350 510 4408 enim
524 4351 597 4408 orbis
609 4350 730 4410 doctores
745 4351 819 4410 orbis
840 4351 945 4430 linguas
959 4297 1064 4414 caiiere.
1120 4353 1249 4433 καομένης
1260 4352 1427 4414 ἐπίστασθαι.
1440 4351 1564 4423 Ἀαθενής
1578 4353 1636 4432 γάρ
1652 4354 1812 4421 διδάσκαλος
1824 4358 1837 4411 ό
1847 4361 1888 4415 τοῖς

353 4429 483 4487 Infirmus
492 4443 561 4487 certe
570 4429 677 4502 doctor,
693 4429 917 4510 quiadiseipulis
926 4454 977 4491 non
989 4433 1066 4493 intei-
1121 4434 1295 4513 μανθάνουσιν
1314 4429 1427 4511 ἀσαφής.
1454 4433 1526 4490 Ἀλλ’
1546 4435 1583 4499 ῶς
1611 4433 1784 4504 τηλικούτων
1804 4456 1888 4510 μυστη-

354 4506 457 4585 ligitnr.
470 4511 574 4567 Verum
583 4508 623 4567 illi
633 4522 725 4588 utpote
736 4509 836 4587 quibus
849 4523 923 4569 tanta
940 4514 1068 4592 mysteria
1122 4508 1183 4594 ρίων
1203 4510 1401 4589 πιστευόμενοι,
1424 4510 1576 4589 ἀναγκαίως
1601 4536 1625 4570 π
1643 4511 1806 4591 ότεροντῶν
1820 4516 1888 4589 γλωσ·

353 4585 454 4677 eredita
476 4587 592 4663 fuerant,
607 4589 753 4647 necessario
768 4588 924 4667 linguarum
945 4592 1068 4652 notitiam
1122 4598 1175 4652 σῶν
1189 4591 1237 4663 τὴν
1250 4596 1346 4672 γνῶσιν
1371 4589 1531 4666 ἐλάμόανον.
1562 4535 1642 4651 otti
1663 4592 1717 4673 γάρ
1737 4592 1840 4652 δύναταί
1858 4613 1888 4655 u<

353 4686 429 4744 prius
439 4680 606 4747 aeceperunt.
612 4667 711 4728 Nullus
721 4667 792 4726 enim
804 4670 958 4750 quempiam
968 4686 1068 4750 myste-
1122 4679 1304 4751 μυσταγωγεῑν
1318 4670 1362 4729 τόν
1378 4667 1415 4748 μὴ
1429 4668 1615 4730 πιστεύσαντα
1626 4671 1775 4753 πρότερον·
1791 4669 1887 4732 πιστεύει

352 4744 395 4802 ria
405 4744 501 4804 docere
514 4760 611 4826 potest,
622 4746 688 4826 quin
700 4747 774 4827 prius
788 4747 835 4806 ille
847 4749 1003 4826 crediderit3
1020 4773 1068 4811 nee
1121 4753 1143 4810 δ’
1160 4751 1191 4809 ἀν
1205 4751 1301 4822 οὐδεὶς,
1316 4748 1430 4828 ἀπείρως
1444 4749 1512 4830 ἔχων
1527 4755 1582 4810 τῶν
1596 4751 1763 4830 λεγομένων
1771 4752 1886 4812 Ἐντεῦθεν

353 4825 514 4960 potestquis
529 4825 646 4902 eredere,
669 4826 722 4886 nisi
745 4848 805 4906 qna·
826 4826 955 4890 dicuntur
966 4845 1064 4891 teneat.
1119 4835 1197 4902 ἡτοῦ
1214 4829 1369 4909 Πνιύμιιτος
1386 4826 1484 4907 ἤρξατο
1510 4829 1607 4912 χάρις,
1627 4831 1677 4890 καλ
1702 4831 1748 4890 διὰ
1773 4826 1886 4890 τοῦτοτί

368 4904 515 4994 ίμιοοαρίῑ
537 4905 656 4986 Spiritus
676 4906 777 4986 gratia3
796 4906 909 4988 ideoque
929 4911 1067 4971 sonituum
1119 4909 1253 4990 περὶτῶν
1279 4908 1399 4990 φθόγγων
1412 4933 1433 4968 π
1457 4907 1464 4928 ’
1496 4931 1540 4990 ρον
1562 4908 1829 4993 ἐθαυματούργησεν.
1851 4909 1885 4970 H<

199 4996 268 5046 rant.
279 4992 342 5043 185.
353 4985 484 5044 maraeuba
496 4983 573 5064 prius
585 4984 681 5045 edidit.
707 4989 746 5046 In
756 5007 871 5049 omnem
884 5001 992 5052 terram
1006 4997 1066 5052 eri·
1119 4999 1208 5050 πᾶσαν
1225 4988 1277 5072 γάρ
1293 4989 1342 5060 τὴν
1354 4993 1404 5068 γῆν
1414 4931 1521 5060 &iiiia
1533 4990 1672 5071 όφθόγγος
1686 4989 1883 5068 αὐτῶν.Τμαλλι

385 5170 390 5188 ¹
410 5169 438 5213 ἴα.
450 5170 546 5231 ἀγνωτίᾳ
559 5172 738 5237 συνταραχθῆναι
748 5171 868 5236 damma
1170 5164 1179 5194 ⁸
1195 5170 1223 5214 ἴθι
1238 5168 1409 5224 ἂπθέαὖῦθνῖῑῑ·

383 5248 391 5269 ⁸
410 5247 437 5291 ἴα.
451 5245 532 5294 πῶλοι·
845 5304 853 5320 γ
1171 5241 1181 5282 ί
1196 5249 1225 5295 io.
1239 5245 1398 5308 διαδεξόμενοι.
