3764 5992
119 460 184 550 l'le
426 477 455 522 S·
484 473 623 522 rotonis
648 470 830 518 cuntsosn.
858 469 1014 521 lectitet.
1042 469 1312 517 CONSTANTlNOP.

110 601 160 673 tia,
176 619 228 659 non
240 599 312 676 quod
326 597 384 656 haec
396 596 525 656 elementa
542 592 569 653 id
580 593 703 667 sentiant,
716 590 773 668 sed,
800 603 829 650 ut
880 615 930 653 νων
951 596 1016 670 ἡμῖν
1034 594 1206 671 παραστῆσαι
1220 591 1317 652 θέλων·
1334 592 1375 652 διὸ
1391 590 1423 664 δὴ
1440 592 1486 650 καὶ
1498 594 1512 648 ό
1525 590 1653 670 μακάριος

111 703 173 750 ante
183 687 255 761 dixi,
269 687 463 769 prophetarum
472 682 736 763 unusquisquedum
752 680 827 740 indi·
879 685 985 751 Παῦλος
994 683 1040 743 καλ
1052 685 1130 752 αὐτὸς
1145 684 1193 756 την
1210 683 1296 744 κτίσιν
1306 685 1407 764 εἰσάγει
1419 683 1595 752 στενάζσυσαν
1610 684 1653 743 καὶ

110 803 170 842 care
183 780 525 860 uultiugeutembonorum
533 774 756 855 magnitudinem,
767 794 826 852 quie
879 775 1056 854 ὀδυιωρέιηι,
1081 775 1125 836 ‘toa
1142 777 1173 837 τὸ
1196 775 1307 856 pireto:
1328 780 1380 835 τῶν
1404 777 1510 856 δωρεῶν
1523 780 1572 835 τοῦ
1585 776 1653 835 θεοῦ

111 877 185 935 Deus
197 873 321 954 largitur,
326 886 351 931 et
363 870 566 951 suppliciorum,
576 889 637 947 quae
650 880 761 948 propter
770 886 827 925 sce·
878 872 931 927 τῶν
946 866 1014 944 μετά
1027 873 1110 928 ταῦτα
1133 866 1319 946 διαδεξαμένων
1334 873 1406 947 ἡμᾶς
1424 870 1600 948 παραστῆσαι
1611 867 1652 924 δυ-

109 968 166 1027 lera
181 978 270 1026 nostra
282 964 360 1024 nobrs
369 961 552 1043 infliguntur
544 975 580 1020 ιιι
590 959 729 1041 loquiture
743 979 826 1061 uuam
878 965 955 1036 νηθῇ.

110 1060 145 1119 ob
158 1078 267 1118 eausam
282 1056 376 1115 beatus
387 1057 466 1114 etiam
475 1053 575 1112 Paulus
585 1064 735 1112 creaturam
749 1049 826 1130 inge-

109 1152 264 1211 miscentem
276 1147 450 1208 redolentem
463 1144 621 1216 introducit,
628 1157 658 1202 ut
672 1142 723 1203 Dei
735 1141 824 1201 dono-

109 1265 170 1302 rum
188 1239 339 1322 exprimere
356 1238 448 1342 possit
458 1233 756 1317 magnitudinemque
776 1253 825 1292 nos

107 1349 169 1416 post
183 1333 345 1394 bonevitam
360 1329 503 1410 excipient.

147 1429 176 1487 5.
193 1429 298 1489 Verum
310 1424 368 1482 brec
381 1441 471 1482 omma
483 1428 559 1480 sunt
559 1439 587 1479 ιιι
598 1439 654 1499 spe
662 1417 734 1479 dioet
749 1417 823 1496 quis·
916 1411 996 1473 Ἀλλά
1016 1420 1099 1474 ταῦτα
1123 1412 1210 1472 πάντα
1217 1411 1330 1493 ,φησίη
1344 1414 1373 1470 έν
1392 1411 1512 1472 ἐλπίσιν·
1528 1410 1647 1492 όδέμι-

107 1519 199 1599 piam:
193 1512 397 1598 ‚pusillanimis
420 1526 510 1571 autem
524 1533 555 1570 ae
568 1511 648 1570 miser
658 1511 751 1583 homo,
769 1529 822 1568 non
875 1506 1005 1587 κρόμιχος
1025 1505 1071 1566 καί
1097 1502 1267 1586 ταλαίπωρος
1289 1504 1441 1584 ἄνθρωπος,
1465 1503 1569 1564 καλνῦν
1596 1508 1645 1576 τῆς

107 1612 144 1669 ita
157 1608 263 1691 pridem
275 1607 310 1668 ab
321 1604 471 1666 idololatria
492 1602 631 1677 liberatus,
652 1623 738 1681 neque
755 1600 822 1660 dum
874 1599 1019 1657 είδωλολατ
1020 1596 1090 1677 ριίας
1112 1596 1289 1676 ἀπαλλαγεὶς,
1303 1595 1349 1655 καλ
1370 1598 1454 1657 σῦκ’
1430 1595 1507 1664 ειδδις
1520 1595 1632 1676 erpi*
1596 1620 1647 1656 των

106 1719 191 1760 sciens
202 1698 323 1758 derebus
336 1695 437 1756 futuris
450 1693 648 1777 philosophari,
661 1714 713 1752 non
728 1692 822 1753 admo·
874 1620 1034 1769 μελλόντωνρ
1044 1691 1202 1770 φιλοσοφεῖν,
1222 1711 1251 1747 ου
1239 1687 1367 1770 σφοδριι
1379 1687 1480 1757 τοποις
1502 1692 1649 1770 διορθοῦται

106 1789 230 1850 dumltis
245 1788 413 1849 sermonibus
426 1783 664 1865 corrigitur,sed
656 1785 820 1886 inpraesenti
839 1800 856 1848 tt
874 1790 928 1851 τοῖς
944 1781 1044 1862 λόγοις,
1067 1779 1136 1840 ἀλλὰ
1156 1785 1229 1854 ζητεῖ
1242 1780 1289 1840 καί
1318 1783 1405 1840 tu*
1369 1804 1408 1861 τιμ
1433 1781 1548 1860 παρόντι
1564 1783 1648 1862 καιριῖι

105 1894 224 1961 tempore
246 1877 454 1939 consolationem
470 1876 588 1955 aliquam
603 1887 678 1954 optat
691 1874 820 1937 invenire.
874 1872 996 1956 εὑρέσθαι
1010 1873 1069 1931 τινὰ
1082 1869 1261 1954 παραμυθίαν.
1279 1870 1375 1944 britel
1390 1877 1468 1933 τοῦτο
1486 1872 1647 1982 reincepta

106 1971 249 2033 lderroo
222 1992 353 2031 nimirum
362 1983 387 2028 et
401 1989 507 2050 sapiens
518 1968 564 2028 bre
575 1981 710 2047 magister,
725 1967 822 2046 cuique
874 1959 948 2033 ουτος
968 1963 1142 2041 διδάσκαλος,
1157 1962 1204 2022 καί
1228 1961 1315 2023 πάντα
1336 1962 1427 2039 εἷδδις,
1453 1967 1502 2024 οὐκ
1528 1963 1631 2024 tut
1597 1987 1646 2024 των

103 2079 167 2125 nota
182 2063 356 2135 suntomnia,
365 2058 822 2121 nonmodoexbonisfuturiscon-
875 2056 1025 2135 μελλόντων
1047 2055 1151 2135 μόνον
1158 2061 1354 2137 παραμυθεῖται
1378 2059 1494 2135 ἀγαθῶν,
1516 2054 1586 2114 ἀλλὰ
1603 2054 1645 2114 καί

103 2153 216 2229 solatur,
229 2150 277 2211 scd
287 2173 322 2210 ex
333 2149 510 2253 presentibus
520 2149 601 2208 etiam
614 2145 763 2207 commodis
776 2169 821 2208 co·
874 2148 973 2209 ἀπὸ
936 2171 989 2208 των
1001 2146 1138 2229 παρόντων
1151 2145 1252 2227 ἀλείφει
1265 2150 1398 2228 χρηστῶν.
1413 2149 1465 2208 Καὶ
1480 2151 1587 2229 πρῶτον
1599 2146 1644 2228 μίν

102 2245 237 2305 hor.tatur
247 2248 287 2303 Λα
297 2263 417 2324 primum
435 2239 545 2320 quidem
566 2261 606 2317 ea,
620 2259 680 2318 quae
690 2260 748 2321 Jam
760 2240 907 2339 orbarit
917 2240 1072 2322 ὑπηργμένα
1086 2239 1255 2321 προλέγειτῇ
1271 2238 1412 2319 οἰκουμένη
1428 2241 1534 2320 ἀγαθά,
1547 2240 1644 2303 τδάα

103 2351 236 2397 terrarum
246 2336 420 2412 obvenerant
446 2335 517 2393 bona
531 2345 733 2409 commemorat,
759 2354 819 2411 que
827 2297 855 2399 i
872 2338 899 2394 έν
911 2332 1000 2393 ἐλπίσι
1012 2330 1058 2391 καλ
1067 2330 1229 2412 προσδοκια
1240 2333 1299 2391 ἀλλ’
1311 2330 1429 2412 ένπείροι
1442 2332 1641 2394 καλαπαλσόσει

17 2468 20 2475 ,
102 2452 155 2491 non
165 2450 193 2488 m
205 2439 495 2511 speetexspectatrone
508 2423 560 2484 sita
571 2437 647 2484 erant
648 2422 821 2502 ,sedquibus
870 2425 998 2504 γενόμενα
1012 2423 1100 2507 (άπερ
1112 2423 1206 2483 καὶ
1170 2446 1223 2483 τωιι
1243 2422 1394 2500 μελλόντων
1407 2422 1452 2483 καλ
1466 2426 1641 2505 ἐλπιζομένων

101 2524 190 2604 τείρει
201 2520 360 2581 fruebantur
373 2539 448 2597 :quae
458 2517 819 2595 futororum,eteoromquae
872 2515 984 2596 μεγίστη
1008 2515 1054 2576 καί
1077 2514 1230 2594 σαφεστάτη
1254 2514 1384 2584 ἀπόδειξίς
1396 2519 1490 2592 ἔστι),
1504 2540 1550 2576 και
1540 2515 1640 2577 realis

100 2627 243 2695 sperantur
255 2611 375 2671 maxima
389 2623 428 2669 est
441 2621 468 2668 et
481 2606 681 2669 evidentissima
703 2606 819 2669 demon·
870 2610 932 2692 περὶ
944 2608 1058 2676 πίστεως
1068 2607 1225 2674 κατατείνας
1237 2608 1282 2668 τὸν
1295 2606 1383 2688 λόγον,
1393 2607 1440 2676 καὶ
1454 2614 1501 2668 τοῦ
1511 2611 1640 2691 πατριόρ·

100 2705 211 2765 stratio:
224 2724 339 2783 cumque
351 2702 419 2761 bene
434 2700 546 2779 longum
556 2700 591 2758 de
602 2699 659 2759 lide
669 2721 819 2760 sernmnem
870 2724 919 2781 χου
931 2699 1053 2782 Ἀόραδμ
1073 2698 1256 2777 μνημονεύσας
1269 2700 1331 2772 (καλ
1351 2703 1399 2771 τῆς
1422 2699 1526 2780 φόσεως
1545 2706 1639 2783 ἀπαγο-

101 2792 240 2865 texuisset,
250 2805 329 2869 atque
336 2789 495 2869 patriarche
504 2787 642 2847 Abraham
655 2789 818 2849 mentionem
872 2790 993 2873 ρευαίσης
1003 2796 1050 2851 τοῦ
1061 2789 1165 2872 πατέρα
1178 2790 1255 2851 rorte
1266 2793 1385 2866 ἔσεσθαι,
1398 2791 1498 2863 ἤλπισε
1508 2786 1555 2853 καί
1564 2817 1639 2876 προσ·

100 2881 215 2960 fecisset,
232 2882 279 2962 qui
294 2881 358 2940 licet
377 2879 525 2939 reluctante
537 2891 633 2939 natura
649 2879 767 2958 speravit
778 2894 819 2939 ta·
870 2882 996 2957 ιδόκησε,
1014 2883 1059 2942 καί
1077 2881 1187 2956 ἐπείσθη
1200 2880 1320 2957 ἔσεσθαι,
1335 2883 1434 2944 διὸκαὶ
1449 2885 1554 2964 ἐγένετο
1562 2891 1583 2962 l,
1594 2889 1638 2946 κό-

101 2995 162 3034 men
175 2995 203 3034 se
217 2987 320 3054 patrem
334 2971 466 3047 futurum,
474 2969 639 3050 exspectavit
651 2983 678 3028 et
694 2969 818 3049 credidit,
869 2981 953 3035 κεῖθεν
977 2973 1081 3053 ἀνάγων
1105 2977 1141 3042 εἰς
1163 2974 1194 3034 εδ
1208 2972 1246 3051 μὴ
1265 2975 1317 3034 δεῖν
1331 2997 1397 3035 ποτε
1411 2979 1448 3043 εἷς
1465 2977 1517 3049 την
1530 2982 1582 3037 τῶν
1595 2981 1637 3037 lo-

101 3078 299 3148 quepropteret
312 3062 422 3123 tandem
432 3062 501 3121 luit:
514 3061 578 3121 inde
589 3060 671 3121 ducta
681 3063 819 3122 occasione
869 3071 973 3147 γισμῶν
987 3067 1164 3128 καταπίπτειν
1182 3067 1327 3142 ἀσθένειαν,
1341 3068 1410 3129 ἀλλὰ
1426 3073 1465 3150 τῷ
1480 3071 1585 3149 μεγέθει
1597 3076 1639 3144 τῆς

101 3157 268 3234 cobortatur,
278 3170 308 3215 ut
319 3175 467 3232 numquam
479 3150 515 3211 ad
530 3151 766 3213 ratiocinationum
776 3153 819 3213 in·
870 3159 984 3227 πίστεως
997 3162 1136 3239 ὀρθοῦσθαι
1150 3159 1195 3218 καλ
1209 3158 1391 3219 διανίστασθσι
1413 3160 1459 3220 καλ
1479 3161 1570 3243 ὑψηλά
1582 3185 1638 3244 ppo

49 3283 57 3296 ·
101 3250 256 3327 firmitatem
267 3249 435 3323 delabamur,
449 3245 496 3305 sed
508 3245 612 3305 animos
633 3260 738 3307 nostros
762 3266 819 3306 ma·
870 3261 938 3312 νεῖν·
957 3249 1025 3329 μετὰ
1043 3257 1127 3310 ταῦτα
1140 3249 1268 3329 λέγεικαὶ
1287 3254 1340 3309 τῶν
1354 3252 1534 3332 ὑπηργμένων
1555 3253 1639 3333 repl-

72 3373 74 3376 ·
102 3341 245 3447 gditudine
259 3340 323 3401 lidei
337 3339 482 3419 erigamus,
491 3337 691 3413 attollamus,et
704 3338 760 3397 elta
772 3360 818 3399 sn-
871 3351 953 3425 γεθος.
965 3342 1001 3403 Τί
1013 3341 1040 3403 δὲ
1050 3342 1127 3402 τοῦτό
1138 3344 1226 3414 ἐστιν·
1237 3341 1303 3402 Ὅτι
1311 3341 1355 3402 τδν
1366 3343 1432 3402 Υίὸν
1434 3344 1537 3424 ,,φησλ
1544 3345 1639 3426 τδνμο·

5 3471 81 3563 ιριιι
32 3457 94 3502 ιιι
83 3434 225 3517 .ρίιιιιιιει
218 3432 332 3494 :deinde
345 3452 445 3508 rerum,
458 3428 651 3509 quasadepti
640 3449 698 3510 Jam
714 3449 818 3508 sumus,
835 3444 853 3490 lt
870 3440 977 3516 νογευῆ,
999 3436 1043 3495 τὸν
1061 3434 1181 3544 γνήσιον,
1202 3433 1248 3494 τὸν
1268 3434 1414 3513 ἀγαπητὸν,
1439 3442 1531 3497 τοῦτον
1550 3439 1639 3508 θΘιδς

18 3528 232 3632 “:ffiexplieat
242 3526 413 3608 dignitatem.
430 3526 562 3597 Quaenam
582 3522 630 3582 illa
648 3543 739 3626 ..porro
760 3523 819 3582 est?
871 3527 937 3609 trip
948 3529 1078 3606 ἡμων
1042 3551 1095 3585 των
1111 3524 1269 3639 ἀγνωμόνων
1282 3525 1378 3586 ἔδωκεν
1389 3527 1511 3604 οἰκετων,
1528 3529 1639 3645 καὶραλς

1 3658 78 3688 ιιιιιι
41 3582 188 3698 ιιίο(λιιοιί
206 3619 335 3680 nimirum
350 3616 451 3677 Filium
471 3636 563 3694 suum,
580 3614 677 3694 inquit,
693 3613 817 3695 unigeni
872 3643 924 3700 μυρ
910 3619 974 3700 ρίοις
998 3618 1081 3700 βεόαρ
1082 3616 1194 3696 ημένους
1220 3617 1410 3698 ἁμαρτήμασι,
1440 3617 1487 3678 καὶ
1514 3621 1640 3691 τοσαέτοις

103 3727 171 3789 tum,
186 3712 343 3792 genuinum,
362 3707 578 3813 dilectissimum,
595 3707 668 3767 hune
684 3708 758 3767 Deus
768 3729 819 3789 pro
871 3712 985 3793 φορτίοις
1018 3709 1187 3788 πιεζομένους
1215 3709 1478 3788 πλημμελημάτων,
1507 3712 1626 3793 cdxl*
1592 3737 1639 3773 των

101 3804 180 3864 nobis
192 3802 325 3862 sceleratis
333 3822 419 3862 servu
427 3798 515 3874 dedit,
524 3812 550 3858 et
563 3798 712 3860 innumeris
724 3820 818 3880 peeca-
870 3802 1072 3886 ἁμαρτημάτων
1100 3799 1236 3873 ἀπήλλαξε
1260 3799 1350 3878 μόνον,
1370 3801 1505 3862 ἀλλὰκαὶ
1529 3803 1640 3872 δικαίαις

102 3896 138 3955 tis
151 3907 285 3974 gravatos,
303 3892 436 3970 tantisque
450 3892 612 3953 delictorum
626 3892 752 3954 oneribus
766 3915 818 3974 op·
870 3895 1020 3977 εἰργάσατο,
1041 3893 1116 3954 οὐδὲν
1135 3891 1267 3973 φορτικὸν,
1280 3891 1337 3954 οιίδλ
1358 3892 1484 3954 ἐπίπονον
1499 3895 1639 3970 ἐπιτάξαι,

102 4007 207 4069 pressos
232 4005 285 4044 non
303 4006 319 4044 tt
338 3984 455 4066 peccatis
477 3984 567 4044 solunt
580 3983 716 4060 liberavit,
733 3985 780 4045 sed
793 4000 819 4046 et
870 3986 930 4048 οὐδὲ
942 3984 1068 4068 ἐπαχθές,
1080 3981 1149 4044 ἀλλὰ
1158 3983 1247 4043 πίστιν
1257 3983 1374 4058 ζητήσας
1386 3987 1450 4066 παρ’
1463 3990 1543 4065 ἡμῶν
1556 3988 1640 4067 μόνον,

99 4079 187 4158 justos
195 4075 293 4149 effecit,
319 4075 387 4134 nibil
399 4097 481 4155 graue
500 4075 636 4156 imperans
645 4089 693 4134 aut
703 4075 819 4137 laborio·
870 4079 916 4140 καί
939 4078 1053 4146 δικαίους
1076 4076 1184 4149 ἐποίησε
1206 4075 1252 4136 καί
1276 4076 1364 4156 ἁγίους
1385 4076 1586 4156 κατεσκεύασε,
1600 4079 1640 4141 καί

102 4191 164 4230 sum
184 4182 231 4228 aut
243 4168 397 4244 molestum,
411 4165 458 4226 sed
481 4165 565 4227 fidem
580 4188 596 4226 a
619 4165 697 4227 nobis
714 4181 819 4229 tantum
871 4171 941 4239 υίοδς
950 4174 1021 4232 Θεοῦ
1036 4168 1164 4251 ἀπέφηνε,
1175 4167 1220 4227 καλ
1236 4168 1371 4248 βασιλείας
1384 4169 1568 4248 κληρονόμους
1581 4172 1640 4234 ἀπί-

67 4260 69 4265 ’
102 4261 241 4340 requirens
251 4260 339 4340 justos
351 4257 483 4335 reddidit,
491 4270 596 4317 sanctos
608 4258 707 4329 eileoit,
724 4259 753 4319 in
767 4260 819 4320 Dei
872 4263 952 4337 δειξε,
965 4263 1010 4322 καί
1024 4267 1069 4321 τοῦ
1084 4265 1245 4334 Μονογενοῦς
1264 4261 1493 4345 συγκληρονόμους
1511 4265 1640 4347 ἀπειργά·

103 4352 176 4413 filios
189 4351 340 4433 adoptauit,
359 4348 471 4410 herodes
484 4348 560 4428 regni
575 4348 704 4427 instituit,
716 4350 819 4431 Unige·
871 4379 945 4428 σατο,
960 4353 1005 4414 καλ
1018 4353 1160 4415 ἀνάστασιν
1175 4350 1359 4432 ἐπηγγείλατο,
1373 4353 1419 4413 καῖ
1430 4356 1582 4436 ἀφθαρσίαν
1594 4382 1641 4418 συ·

103 4444 155 4504 uiti
167 4443 310 4504 coheredes
330 4440 505 4518 renuntiavit,
519 4440 739 4501 resurrectionem
753 4463 816 4522 pro·
873 4447 977 4527 μάτων,
1003 4446 1048 4505 καί
1063 4444 1139 4517 λῆξιν
1161 4443 1230 4523 μετά
1244 4443 1374 4523 σἰγγίλων,
1402 4446 1492 4506 πάντα
1506 4449 1585 4528 λόγον
1601 4449 1642 4510 καί

103 4533 187 4609 misit,
206 4555 349 4615 corporum
375 4530 612 4612 incorruptionem,
639 4531 819 4594 conditionem
871 4545 931 4599 νοῦν
945 4538 1165 4621 ὕπερόαίνουσαν,
1186 4537 1232 4597 καί
1254 4536 1302 4609 τὴν
1319 4540 1345 4596 έν
1362 4539 1481 4618 οὐρανοῖς
1493 4540 1641 4621 διατριόὴν,

102 4640 128 4685 et
141 4641 240 4687 sortem
259 4625 381 4686 camdem
401 4644 464 4682 cum
476 4622 588 4701 angelis,
608 4645 668 4702 que
687 4624 818 4686 rationem
836 4642 854 4690 c
872 4631 917 4692 καί
930 4630 979 4705 τὴν
1002 4635 1059 4710 μετ’
1076 4634 1155 4691 αὐτοῦ
1185 4628 1305 4707 ὁμιλίαν,
1326 4627 1372 4688 καλ
1391 4626 1468 4705 ἁγίου
1490 4631 1643 4712 Πνεόματος

103 4738 212 4778 omnem
225 4739 257 4778 ae
276 4731 393 4777 mentem
413 4729 565 4796 exsuperat,
580 4714 798 4782 habitationem
789 4742 817 4779 m
872 4726 987 4784 ἔντευθεν
1008 4722 1059 4796 ἤδη
1081 4721 1136 4803 γάρ
1122 4744 1161 4803 ριν
1172 4719 1271 4801 ἐξεχεε,
1286 4719 1374 4779 καὶ
1340 4744 1388 4792 της
1402 4743 1446 4780 του
1429 4720 1588 4784 διαθολου
1600 4750 1642 4786 κα·

103 4811 186 4886 eaelrs,
193 4824 418 4871 conversationem
429 4829 492 4869 cum
505 4807 575 4888 ipso,
588 4829 620 4869 ae
629 4808 748 4890 Spiritus
758 4832 818 4871 sau-
871 4820 952 4898 σιγῆς
961 4820 1033 4894 ἡμᾶς
1047 4813 1198 4886 ἀπήλλαξε,
1213 4811 1308 4871 καλ”
1271 4836 1325 4872 των
1338 4811 1472 4891 δαιμόνων
1484 4817 1560 4892 ἡμᾶς
1571 4817 1644 4901 {ppt-

104 4902 140 4960 cti
153 4902 331 4983 gratiamjam
351 4899 619 4976 indenobiseffudit,
630 4899 819 4964 adiabolinos
871 4931 946 4982 σατο,
960 4906 1005 4967 καλ
1019 4904 1067 4979 ele
1068 4903 1217 5021 ἁμαρτίαν
1237 4903 1380 4979 κατέλυσε,
1393 4904 1440 4963 καὶ
1460 4904 1511 4982 τὴν
1525 4909 1643 4991 κατάραν

106 4994 269 5073 possessione
289 4993 425 5071 liberavit,
437 5014 484 5052 nos
495 5015 510 5052 a
522 4947 675 5051 daemoirum
689 4992 818 5054 seruitute
870 4999 996 5080 ἠφάνισε,
1007 4999 1052 5058 καὶ
1065 4998 1126 5057 ἅδου
1139 4996 1224 5064 πύλας
1234 4996 1394 5070 συνέκλασε,
1405 4996 1488 5056 καλ
1464 5021 1509 5059 τον
1519 5001 1643 5081 παράδιι·

104 5083 265 5158 vindicavit,
282 5100 422 5164 peocatum
442 5084 588 5162 destruxit,
600 5083 831 5149 maledictionem
871 5115 916 5152 σον
925 5089 1046 5170 ἡνίιρξεν,
1057 5058 1104 5151 obre
1116 5089 1236 5170 ἄγγελον,
1247 5091 1294 5148 οὐκ
1303 5088 1480 5170 ἀρχάγγιλαν,
1492 5091 1597 5152 ἀλλΗ
1567 5117 1641 5167 συτρν

135 5278 145 5300 0
163 5258 248 5312 blorel.
260 5259 351 5325 [Suuil.
363 5278 392 5312 ex
405 5264 470 5329 conj.
482 5264 509 5313 in
523 5263 615 5329 morto]
624 5274 649 5314 et
665 5279 728 5317 unns
739 5261 804 5316 Cod·
815 5270 992 5333 παραμυθεῖται.
1007 5261 1083 5314 Saril.
1095 5262 1120 5313 in
1133 5273 1202 5313 textu
1214 5275 1239 5312 et
1251 5260 1314 5312 tulius
1327 5268 1489 5332 προθυμιῖται·
