3764 5992
99 399 173 474 626
284 390 299 423 ⁸
428 422 460 472 s.
484 421 623 473 scaurus
649 420 830 473 cunrsosr.
858 422 1017 474 anesum.
1044 425 1317 478 cousranmuor.

98 600 1633 639 m

290 785 565 846 naumann!
586 785 771 847 'SACRAE
800 788 1013 849 HONORII
1039 786 1268 862 AUGUSTI,
1300 787 1460 850 MISSAE

576 969 632 1030 Ad
647 974 809 1052 principem
832 973 962 1036 Orientis
981 972 1158 1036 Arcadium.

137 1181 269 1258 Quamvis
281 1201 363 1264 super
374 1181 493 1263 imagine
509 1181 647 1259 muliebri,
657 1203 727 1245 novo
741 1203 834 1244 exem·
889 1195 997 1266 putarct
1018 1205 1075 1246 esse
1091 1183 1258 1264 discrimen?
1276 1183 1349 1246 (lum
1369 1182 1433 1267 ipsc
1454 1196 1554 1245 auctor
1566 1187 1640 1245 nosci

79 1276 202 1361 'ploper
215 1277 368 1360 provincias
381 1277 546 1355 circumlata,
557 1293 584 1339 et
596 1279 697 1339 diffusa
710 1301 759 1360 per
773 1279 836 1338 uni-
889 1278 1013 1361 Imperii,
1024 1293 1051 1339 et
1066 1279 1247 1361 Reipublicae,
1263 1301 1346 1360 ῳιιιιι
1360 1280 1445 1341 nobis
1462 1277 1593 1355 credidit,
1600 1302 1640 1361 gu·

96 1370 205 1435 rusum
224 1372 357 1434 mundum
371 1374 577 1435 obtrectantium
590 1376 662 1435 farm
677 1376 764 1435 literis
775 1376 836 1437 aliis
889 1369 1016 1431 bemttor
1041 1372 1209 1454 omnipotens
1231 1375 1317 1452 Deus,
1350 1373 1473 1433 funestis
1500 1371 1641 1432 admodum

96 1469 318 1546 commonuerim,
332 1482 363 1528 ut
375 1468 437 1528 talis
457 1469 521 1530 iacti
539 1470 693 1551 poenitentia
708 1484 734 1530 et
754 1470 838 1531 inter·
889 1467 1157 1548 exsecrabilibusque
1179 1468 1331 1531 commissis
1360 1467 1529 1529 crederetur
1553 1468 1640 1546 irasci,

96 1564 223 1624 missione
235 1562 366 1644 propositi
381 1584 475 1624 rumor
493 1565 607 1628 remulus
620 1579 838 1643 consenescatis
889 1561 995 1623 domini
1006 1563 1093 1624 sancti
1106 1564 1200 1641 frater,
1208 1585 1345 1647 neposque
1359 1565 1486 1644 Augusti
1499 1563 1642 1626 Venerali-

96 1658 172 1738 qocd
190 1659 219 1717 in
232 1658 354 1723 moribus
371 1672 473 1738 carpat,
486 1659 597 1740 publiea
609 1659 704 1741 lingua
725 1661 837 1721 nonha-
889 1657 1026 1719 lesceum
1052 1672 1080 1718 et
1102 1660 1126 1720 si
1148 1658 1216 1741 quid
1241 1659 1278 1738 de
1300 1681 1383 1721 causa
1410 1659 1563 1739 religionis
1583 1659 1643 1720 inter

97 1754 176 1829 bsat3
202 1754 326 1832 quamvis
351 1754 432 1814 etiam
456 1775 538 1835 super
560 1755 669 1815 excidio
700 1757 837 1837 pereuntis
890 1753 1022 1815 antistites
1035 1769 1168 1836 agerctru,
1181 1756 1332 1838 episcopale
1354 1755 1643 1838 oportueritesseju·

96 1849 201 1931 lllyrici
223 1849 269 1930 pio
290 1849 365 1930 apud
384 1870 432 1909 ros
449 1849 648 1932 prodiderimus
659 1852 768 1930 affectu,
781 1872 838 1912 esse
890 1847 1131 1911 diciumzadillos
1145 1850 1385 1914 enimdivioarum
1405 1850 1643 1932 mamintupre-

27 1968 87 2013 κο..
97 1944 177 2007 nobis
191 1944 292 2020 dolori,
305 1966 355 2004 eur
364 1945 417 2006 ista
427 1947 442 1977 *
452 1967 501 2009 vos
511 1944 670 2007 detrimenta
680 1948 837 2030 reipublic-e
889 1946 970 2022 tatio,
983 1946 1020 2006 ad
1040 1968 1089 2007 nos
1109 1947 1248 2028 religionis
1269 1961 1372 2029 spectat
1396 1947 1580 2027 obsequium.
1599 1945 1644 2006 Sel

97 2040 238 2100 nolueritis
250 2060 400 2119 agnoscere,
408 2055 435 2101 et
443 2042 601 2124 aliispotius
611 2042 747 2104 indicibus
756 2065 838 2124 quam
890 2054 958 2118 eto,
973 2042 1026 2101 sibi
1048 2042 1083 2102 de
1101 2042 1225 2125 mysticis
1245 2057 1272 2103 et
1294 2042 1441 2102 catholicis
1454 2034 1645 2121 munenibus

97 2135 206 2217 pietatis
220 2149 317 2194 vestrae
335 2136 419 2196 literis
437 2137 536 2197 fuerint
555 2137 674 2198 nuntiata
687 2152 791 2198 :tamen
804 2161 838 2199 ne
889 2137 1008 2218 amplius
1019 2137 1126 2218 aliquid
1134 2137 1294 2220 principalis
1304 2159 1370 2196 cura
1380 2138 1579 2218 praesumserit
1586 2160 1594 2196 ι
1601 2136 1644 2196 ita·

97 2227 169 2288 illud
188 2227 296 2306 quidem
309 2228 384 2310 apud
396 2231 565 2291 serenitatem
582 2245 697 2291 vestram
710 2231 838 2292 dissimu-
890 2252 924 2292 ne
936 2254 1022 2312 usque
1036 2232 1071 2292 ad
1085 2232 1182 2293 exsilia
1203 2231 1383 2307 sacerdotum,
1397 2255 1492 2312 usquc
1511 2231 1549 2292 ad
1563 2232 1644 2292 bomi-

97 2320 155 2381 lare
177 2341 226 2380 nos
242 2321 282 2380 fas
297 2336 353 2397 cst,
367 2321 442 2401 quod
458 2323 486 2382 in
499 2323 579 2384 rebus
592 2323 694 2384 divinis
708 2346 761 2384 non
781 2327 839 2386 sine
891 2349 959 2388 num
970 2329 1056 2388 credes
1070 2327 1166 2388 debuit
1177 2327 1329 2408 indignatio
1340 2329 1480 2387 concitata
1493 2327 1643 2410 procedere,

96 2417 202 2501 publici
226 2417 392 2479 discriminis
412 2433 487 2479 metu
510 2420 664 2501 nuperrime
683 2421 836 2502 contigisse,
891 2435 922 2482 ut
935 2423 983 2483 ubi
997 2437 1076 2483 casta
1090 2445 1198 2505 preces,
1213 2423 1261 2483 ubi
1276 2437 1339 2484 vota
1352 2424 1471 2499 sincera,
1483 2424 1537 2483 ubi
1547 2423 1644 2483 sacili·

97 2514 152 2574 cita
164 2535 321 2596 semperque
341 2515 474 2574 malorum
494 2516 680 2576 annuntiatrix
692 2517 764 2577 fama
784 2538 838 2577 non
890 2517 932 2580 cia
943 2518 1049 2579 illibata
1059 2519 1215 2598 solvuntur,
1227 2519 1285 2579 illie
1298 2540 1327 2578 se
1342 2518 1464 2599 gladius,
1478 2519 1560 2579 baud
1573 2519 1645 2578 facile

98 2605 182 2667 tacuit
195 2631 202 2663 :
215 2618 242 2666 et
256 2619 286 2664 ut
300 2620 394 2666 natura
416 2607 469 2666 fert
491 2606 642 2682 hominum,
656 2629 716 2688 quae
727 2607 766 2668 ad
785 2608 837 2669 ob·
891 2616 973 2675 etiam
985 2616 1014 2674 in
1020 2616 1151 2697 jugulum
1163 2615 1306 2674 noxiorum
1322 2614 1549 2694 distringendus,
1559 2636 1644 2675 exere·

97 2699 267 2759 trectandum
280 2699 358 2759 novis
370 2720 476 2781 semper
482 2699 589 2759 casibus
597 2700 740 2773 excitatur,
749 2702 839 2762 oblata
892 2711 954 2771 m?
968 2711 1060 2770 Rebus
1075 2709 1192 2790 denique
1205 2710 1272 2790 ipsis
1283 2708 1405 2786 docetur,
1420 2709 1496 2788 quid
1509 2731 1592 2790 super
1604 2709 1644 2768 his

98 2794 236 2856 musione
255 2795 401 2876 carpunt,
419 2796 550 2856 manuam
572 2817 649 2856 suam
669 2797 697 2857 in
719 2811 840 2880 tempora
893 2805 1008 2866 ensem
1028 2804 1125 2866 divina
1151 2806 1286 2886 majestas.
1307 2804 1434 2865 pomum
1460 2804 1578 2883 quidem
1600 2804 1646 2864 loc

99 2891 189 2952 nodio
202 2913 280 2952 saevae
298 2895 426 2967 (*scevae)
441 2892 611 2971 loquacitatis
623 2908 740 2954 πειθοῖ.
891 2901 1031 2983 presentis
1054 2901 1272 2961 commonitionis
1292 2899 1432 2980 judicium
1453 2900 1646 2975 (*indicium)

138 2987 213 3047 Ἧι
225 2987 298 3047 mm
308 3009 394 3076 nuper
404 2987 554 3068 proditum,
564 2989 640 3070 apud
652 2990 841 3051 Constantino-
891 2996 954 3074 fuit,
969 3010 1050 3076 atque
1075 2996 1181 3055 utinam
1207 2995 1304 3056 solum
1326 2994 1405 3054 Facit
1428 2995 1508 3054 enim
1532 2995 1646 3054 humana

50 3082 202 3168 „polim
215 3082 394 3142 sacratisdmo
410 3083 519 3142 Pascha
533 3083 694 3145 venerabilis
708 3084 765 3164 die,
777 3107 840 3146 cum
891 3088 1038 3171 trepidatio
1049 3089 1116 3148 tanti
1132 3088 1185 3148 sibi
1195 3087 1301 3147 conscia
1314 3085 1486 3168 perpetrati,
1492 3100 1525 3146 ut
1540 3087 1647 3167 gravius

97 3200 190 3241 omnes
202 3199 270 3261 pene
283 3179 310 3237 in
323 3177 449 3237 eumdem
461 3177 552 3238 locum
564 3177 717 3238 vicinamm
730 3179 841 3241 urbium
891 3181 1009 3260 aliquid,
1025 3181 1099 3262 quod
1113 3194 1217 3241 avertat
1228 3180 1399 3261 omnipotens
1414 3180 1505 3258 Deus,
1521 3193 1586 3262 post
1598 3194 1645 3238 ter-

97 3275 213 3358 pcpulos
223 3273 318 3354 religio
331 3274 501 3355 castigatiore
513 3273 565 3333 sub
575 3275 716 3355 prasentia
735 3275 839 3357 princi-
893 3276 985 3337 ribilis
998 3276 1111 3336 ultionis
1123 3277 1307 3358 experimenta
1322 3288 1488 3336 metuamus.

94 3392 164 3455 pum
184 3371 240 3430 ritu
262 3370 422 3430 cdebranda
447 3370 601 3450 collegerat,
624 3371 728 3431 clausas
750 3372 840 3432 subito
932 3368 1388 3428 AudioEeclesiamsacrosanctam
1397 3367 1644 3448 totlmperatorun

96 3466 241 3528 crtbolicas
261 3467 394 3541 ecclesias,
409 3480 497 3526 nosos
508 3467 536 3525 in
548 3465 699 3526 custodiam
710 3466 838 3529 sacerdo-
891 3463 990 3546 opdsus
1021 3465 1185 3545 expositam,
1209 3462 1334 3545 pretiosis
1359 3461 1486 3522 stlitibus
1514 3461 1644 3533 nobilem,

95 3564 258 3624 tas:scilicet
268 3577 299 3622 ut
311 3585 342 3623 eo
354 3562 526 3645 potissimum
539 3576 670 3644 tmpore,
682 3584 737 3642 quc
747 3563 840 3623 indul·
890 3574 965 3621 tanta
974 3560 1186 3643 supplicantium
1200 3558 1358 3639 Principum
1371 3557 1497 3617 oratione
1510 3557 1644 3638 augustis·

94 3660 184 3741 gentia
201 3659 346 3741 principali
368 3658 457 3719 tristia
470 3659 614 3719 noxicrum
634 3658 750 3718 claustra
769 3680 840 3719 rese-
890 3657 990 3716 simam
1001 3656 1144 3736 flagrasse3
1160 3669 1187 3715 et
1196 3654 1266 3713 illud
1281 3653 1592 3734 Constantinopolim
1603 3675 1644 3712 ur·

94 3769 202 3832 rantur,
213 3757 268 3836 piae
283 3755 352 3834 legis
368 3769 394 3814 et
406 3755 481 3837 pacis
495 3755 632 3815 ministros
645 3776 735 3815 saevus
748 3776 840 3815 carcer
890 3752 935 3813 bis
947 3753 1075 3815 Ecclesiae
1088 3753 1201 3812 unicum
1216 3750 1309 3811 lumen
1320 3750 1349 3810 in
1368 3750 1480 3810 favillas
1496 3750 1642 3832 dilapsum,

95 3850 261 3910 includeret:
271 3851 412 3928 omniaque
422 3851 551 3912 bellicum
565 3851 593 3909 in
605 3850 717 3910 modum
730 3851 840 3911 turbata
891 3851 950 3910 Dec
961 3870 1014 3910 non
1028 3863 1145 3926 vetante,
1159 3848 1291 3907 fumasse:
1300 3845 1435 3906 exsecrari
1448 3847 1528 3906 enim
1538 3844 1643 3905 videtur

96 3944 233 4027 mysteria,
246 3945 389 4004 nonnullos
402 3945 431 4004 in
441 3945 509 4026 ipsis
519 3946 637 4005 eeclesias
655 3947 779 4006 sacrariis
792 3947 838 4007 in·
891 3945 1031 4025 inquinata
1044 3943 1186 4026 mysteria,
1199 3956 1225 4002 et
1235 3940 1365 4002 avudssc
1379 3940 1476 4001 oculos
1488 3941 1528 4000 ab
1537 3963 1570 4001 co
1579 3941 1644 4014 loco,

95 4055 230 4113 tsrcmtos,
241 4054 399 4119 unumque
420 4040 491 4100 circa
511 4041 607 4100 altaria
627 4042 687 4101 vim
709 4043 838 4123 saevisse,
892 4063 972 4121 quem
993 4042 1052 4121 jam
1074 4039 1185 4119 sanguis
1208 4039 1346 4113 infecerat,
1359 4058 1393 4097 ue
1415 4037 1565 4097 obsecrare
1587 4037 1645 4117 quis

95 4152 165 4198 utet
179 4136 346 4197 venerabiles
354 4136 471 4218 episcopi
483 4137 510 4196 in
522 4136 650 4196 exsilium
660 4137 838 4215 traderentur,
890 4136 1017 4217 pietatem
1031 4134 1163 4194 calestem
1177 4133 1231 4193 sub
1249 4132 1366 4192 mueutis
1385 4145 1477 4213 posset
1499 4133 1641 4192 altaribus.

94 4234 241 4315 etsanguis
253 4232 483 4312 humanusquod
492 4231 652 4293 dietunefas
663 4233 838 4309 est,crelastia
891 4231 1021 4296 AEdiiicia
1051 4250 1157 4309 quoque
1176 4229 1284 4302 divina,
1302 4249 1356 4287 nco
1376 4226 1484 4285 minore
1503 4226 1645 4308 splendore

93 4345 258 4395 sacramenta
276 4327 456 4411 perfunderet
894 4326 1006 4403 nobilia,
1017 4347 1051 4386 rx
1063 4325 1241 4385 concitatione
1253 4322 1388 4382 sevientis
1396 4322 1531 4399 incendii,
1537 4324 1643 4382 flamma

134 4428 185 4488 llis
195 4440 303 4509 repente
315 4423 469 4505 compertis,
483 4423 604 4482 turbatos
616 4444 674 4483 esse
684 4444 732 4482 nos
740 4424 834 4484 fateor.
890 4444 919 4482 se
932 4422 1013 4482 latius
1027 4419 1191 4495 effundente,
1212 4432 1364 4492 consumta;
1377 4431 1404 4477 et
1424 4440 1489 4497 qnae
1505 4419 1644 4500 publicam

93 4524 162 4598 Quis
175 4525 248 4584 enim
266 4523 294 4581 in
310 4521 427 4580 facinore
447 4533 503 4578 tam
516 4534 626 4579 cruento
645 4519 697 4579 Dei
714 4519 838 4601 omnipo-
891 4518 989 4578 faciem
1009 4517 1145 4577 elaborata
1166 4514 1346 4594 amajcribus
1364 4514 1464 4573 nostris
1486 4527 1644 4574 ornamenta

93 4621 174 4682 tentis
195 4640 248 4679 non
268 4617 373 4677 timeret
382 4615 592 4675 offensami’aut
603 4636 658 4694 quo
669 4628 748 4697 pasto
761 4628 838 4675 extra
890 4613 1065 4690 decorabant,
1086 4611 1163 4672 velut
1176 4609 1296 4690 quodam
1316 4607 1391 4668 orbis
1410 4608 1509 4668 funere
1532 4631 1643 4669 conerc-

94 4737 231 4776 summum
254 4712 369 4773 Romani
390 4712 464 4771 orbis
485 4711 661 4791 omniumque
680 4711 837 4771 mortalium
892 4724 974 4770 mata.
981 4709 1046 4769 llaec
1058 4728 1122 4788 ergo
1135 4706 1261 4788 quamvis
1274 4703 1395 4765 crebrius
1409 4703 1524 4785 injuriis
1537 4704 1645 4766 lacessi·

127 4918 139 4943 ·
157 4902 247 4957 Sacra.
263 4899 319 4949 Vox
334 4897 451 4964 frequens
460 4895 493 4947 ad
504 4895 667 4965 significanda
677 4893 819 4963 diplomata
828 4907 855 4948 et
879 4893 948 4962 quod
957 4909 1017 4945 mcx
1030 4891 1148 4960 adjicitur
1159 4891 1191 4943 de
1201 4888 1301 4943 excidio
1311 4887 1439 4957 pacantis
1450 4886 1564 4958 lllyrici.

93 4980 211 5049 epistolas
219 4983 404 5046 imperatorum
414 4987 468 5026 :eat
476 4992 537 5026 vero
547 4977 618 5043 quari
630 4974 713 5029 Sacra
721 4973 852 5042 Epr'rtola.
912 4973 927 5012 t
942 4972 991 5024 llic
1000 4972 1054 5040 agit
1065 4972 1191 5023 Honorius
1209 4967 1242 5021 de
1257 4967 1368 5020 notent·
1378 4970 1405 5017 in
1421 4964 1567 5020 Ecclesiam
1580 4973 1647 5020 irru-

94 5063 190 5109 ltarurn
197 5054 359 5123 epistolarum
367 5069 440 5103 uarro
449 5050 535 5104 rideas
543 5050 611 5119 apud
617 5052 773 5118 Congiumin
781 5050 854 5103 Glos-
879 5052 965 5117 ptione
974 5047 1007 5100 de
1023 5066 1073 5117 qua
1088 5046 1287 5117 Chryscstomus
1296 5062 1373 5112 aspra
1389 5047 1416 5095 in
1431 5044 1520 5111 Epist.
1532 5049 1543 5095 l
1557 5047 1593 5098 ad
1604 5050 1647 5098 ln-

94 5139 161 5189 sario
178 5137 279 5188 [aduc.
291 5131 368 5197 Quod
384 5130 458 5182 initio
468 5128 563 5182 dicitur
575 5130 607 5182 de
618 5128 726 5198 imagine
738 5129 854 5180 muliebri
877 5129 1022 5181 nocentiom
1038 5144 1145 5194 papam,
1155 5137 1182 5178 et
1196 5142 1243 5177 noa
1259 5140 1335 5191 supra
1354 5125 1381 5174 in
1396 5123 1507 5174 Honitc.
1520 5125 1588 5190 Quas
1607 5142 1646 5176 res

94 5213 255 5276 circumlata,
272 5215 325 5279 jam
336 5210 491 5277 explicatum
501 5208 550 5261 fuit
560 5211 587 5262 in
594 5211 706 5273 lontio,
716 5220 745 5259 ut
755 5220 782 5260 et
791 5205 854 5260 illud
878 5205 993 5274 pluribus
1003 5205 1155 5258 tractabitur
1165 5207 1192 5258 in
1203 5204 1262 5256 vm
1274 5201 1461 5272 chrysostomi.
