3764 5992
131 381 205 456 656
444 408 473 455 s.
502 408 642 457 ioannis
664 388 852 463 'cantsosm
880 410 1038 458 crearer.
1067 411 1337 459 eonsranrrnor.

131 527 348 606 in'hocseilicet,
371 542 399 587 ut
411 527 520 607 quidem
531 529 595 611 ipsae
605 544 722 612 putant,
737 531 847 594 indiffe—
903 532 1032 617 βλαόερδν
1045 534 1091 594 καί
1115 533 1182 613 βαθὺ
1202 535 1233 595 τὸ
1256 533 1391 616 βάραθρον
1414 532 1491 612 ἔχον.
1512 532 1562 593 Δία
1587 533 1674 610 μυρίοις

132 618 203 680 renti
223 619 386 709 minimeque
398 620 623 708 reprehendendae
637 625 676 685 rei
696 625 849 706 studentes,
902 624 1031 704 στόμασιν
1057 625 1246 706 ἀνακηρύττειν
1267 649 1297 685 σε
1314 625 1377 706 ’χρὴ
1400 623 1508 694 ταύτης
1530 622 1616 681 ένεκεν
1636 629 1675 693 τῆς

132 726 163 773 ut
176 727 265 772 autem
277 713 315 772 rei
332 727 427 772 natura
443 713 626 793 demonstrat,
640 716 796 798 perniciosae
820 742 851 780 ac
902 717 1064 792 θποθέσοως,
1083 717 1125 779 ότι
1148 717 1287 797 παρθένοις
1308 717 1402 798 γέγονε
1424 712 1674 792 δυσκαταγώνιστον,

130 806 261 884 pestilerae
268 819 366 884 ‚atque
375 806 459 868 altam
470 808 626 888 voraginem
639 809 758 870 habenti.
775 814 851 886 Quo·
901 814 1022 889 τοῦτον-’ᾖ
1037 812 1064 869 έν
1081 808 1179 893 χηριίρ
1199 809 1271 890 ζώσῃ
1285 809 1353 868 οθτω
1378 811 1473 890 ῥᾴδιον
1497 807 1547 867 καὶ
1571 807 1673 877 εὔκολον,

129 894 203 956 eirca
225 895 277 957 hoc
292 897 400 957 nomine
418 900 550 960 sexcentis
562 900 666 980 linguis
681 900 777 962 laudes
791 917 851 964 tuas
901 905 938 970 ὡς
950 901 1018 975 αὐτ-λ,
1031 906 1084 961 τῶν
1098 901 1263 984 πραγμάτων
1275 900 1397 973 έδειξενὴ
1412 899 1543 972 ἀλήθεια.
1554 896 1673 979 Οὐδέγδρ

49 1013 51 1018 ·
128 992 271 1075 predicari
284 1009 402 1076 oportet,
424 995 511 1074 quod,
527 1018 587 1075 quae
605 1019 649 1057 res
669 998 850 1079 avirginibus
900 989 968 1066 ”vlt
987 992 1119 1053 εὐτέλειαν
1142 993 1270 1071 θαυμάζω
1290 996 1337 1064 τῆς
1360 991 1516 1072 πῑρῑὸνλῆς
1538 989 1616 1066 μόνον
1634 989 1672 1061 ἴθ’

129 1105 201 1165 aegre
210 1086 334 1167 superari
345 1101 430 1168 potest
437 1087 510 1162 ‚hac
521 1088 572 1148 tihi
583 1134 592 1166 ,
605 1110 665 1168 quae
678 1090 705 1149 in
716 1091 850 1152 viduitate
855 1131 892 1172 Μ,
901 1085 1011 1166 ἄφατον,
1022 1084 1067 1145 καί
1082 1083 1175 1151 αὖτοὺς
1193 1084 1253 1153 voi<
1272 1088 1491 1166 πρυσαῑτθῧνταα
1510 1082 1672 1160 ὑπερπαθ-

128 1176 225 1258 degis,
238 1178 275 1238 ita
287 1179 373 1239 tacitis
392 1200 424 1239 ac
436 1193 544 1261 promta
557 1194 619 1258 est,
640 1194 671 1241 ut
685 1181 747 1263 ipsa
757 1162 849 1244 renim
864 1186 884 1233 Α
901 1178 1004 1252 ζουσαν,
1019 1175 1088 1236 etta
1101 1176 1189 1236 καὶτὸ
1201 1175 1402 1256 ἀσχημάτιστον
1422 1174 1568 1252 μαλιστα,
1583 1173 1613 1230 τὸ
1625 1175 1673 1232 α’νε-

128 1268 227 1330 veritas
241 1271 354 1352 planum
367 1271 439 1332 lecit.
458 1273 552 1350 Neque
569 1273 641 1332 enim
659 1273 847 1336 incredibilem
899 1269 1057 1343 πιτνίδευτυν
1067 1273 1120 1329 τῶν
1133 1267 1350 1349 περιόλημᾶτωνν
1361 1272 1416 1326 τῶν
1427 1267 1627 1344 ὑποδημάτων,
1636 1269 1674 1335 ἦν

123 1350 295 1442 quamdam,
305 1377 386 1441 atque
397 1362 469 1445 ipsos
483 1364 564 1423 etiam
573 1363 756 1425 mendicantes
768 1388 848 1448 supe·
900 1360 1043 1440 βαδίσεως,
1059 1361 1127 1442 deep
1141 1360 1246 1420 ἅπαντα
1258 1358 1392 1440 χρώματά
1407 1363 1487 1420 ἔστιν
1508 1362 1621 1438 ἀρετῆς,
1635 1359 1673 1430 <ir

80 1506 83 1511 .
127 1466 247 1526 cantem,
262 1454 382 1513 vestium
395 1453 529 1515 vilitatem
541 1454 685 1516 dumtaxat
698 1455 844 1536 admiror,
898 1454 1156 1535 ἐναποκειμένηντῇ
1184 1457 1257 1533 ψυχῇ
1278 1452 1435 1533 φιλοσοφίαν
1461 1449 1562 1519 ἔξωθεν
1588 1455 1673 1519 ιἰναζνν

126 1566 223 1634 nerum
235 1544 305 1606 illud
318 1546 399 1608 etiam
412 1591 421 1623 ,
436 1545 511 1625 quod
522 1547 551 1606 in
563 1547 662 1608 vestitu
675 1593 685 1626 ,
700 1563 727 1608 et
740 1549 844 1609 calcen-
896 1552 1055 1628 γραφοῢντα.
1069 1545 1218 1623 Στολισμδς
1234 1544 1285 1623 γὰρ
1299 1543 1393 1625 ἀνδρὸς
1404 1590 1411 1616 ,
1423 1542 1523 1623 φησίν,
1539 1543 1587 1602 καὶ
1603 1543 1673 1620 γέλως

125 1638 236 1715 mentis,
250 1652 331 1717 atque
348 1639 453 1698 incessu
472 1651 535 1717 tuo,
553 1639 623 1699 nihil
642 1653 681 1699 est
708 1641 845 1718 sucatum,
896 1638 1017 1714 ὀδόντων,
1031 1638 1078 1699 καί
1094 1641 1169 1717 βῆμα
1191 1635 1270 1704 ποδδς
1287 1637 1429 1715 ἀναγγελεῖ
1452 1634 1492 1695 τὰ
1516 1634 1584 1716 περὶ
1597 1639 1672 1693 αὐτοῦ.

124 1729 194 1791 nihil
209 1730 243 1790 de
256 1730 390 1790 industria
406 1744 591 1810 comparatum
604 1744 631 1791 et
655 1730 822 1792 elaboratum
835 1778 844 1808 ,
896 1733 930 1792 nt
944 1730 996 1812 γδρ
1009 1730 1046 1810 μὴ
1062 1733 1120 1808 μεθ’
1133 1727 1280 1812 θπερόολῆς
1292 1727 1351 1794 τοὺς
1362 1725 1476 1806 γεώδεις
1490 1731 1542 1799 τῆς
1559 1729 1673 1806 promixi,

125 1845 185 1904 quae
200 1824 311 1903 quidem
326 1823 416 1883 omnia
429 1822 538 1885 virtutis
548 1824 649 1885 colores
661 1838 733 1901 snut,
744 1824 845 1904 quibus
895 1823 1040 1903 φαντασίας
1059 1819 1202 1900 λογισμοὺς
1224 1819 1312 1901 χαμαί
1333 1819 1446 1898 ἔρριψας
1462 1819 1512 1877 καλ
1528 1819 1672 1889 κατεπάτη·

125 1915 255 1997 sapientia
268 1937 299 1975 ea
310 1936 371 1994 quae
382 1915 410 1974 in
421 1919 511 1974 auimo
526 1914 663 1976 recondita
674 1929 845 1992 est,exteme
895 1939 954 1988 σας.
965 1917 1011 1976 οὐκ
1022 1915 1052 1974 δν
1062 1913 1159 1980 ὀὕτως
1169 1917 1205 1980 εἰς
1214 1918 1337 1972 τοσοῦτον
1350 1909 1526 1982 ἐξεπόδησας
1538 1910 1671 1990 ὑπερορίας

7 2022 45 2066 ιιι.
63 2034 99 2083 ¹9·
125 2006 293 2090 depingitur.
319 2008 460 2068 Amictus
485 2006 557 2067 enim
583 2012 712 2088 corporis
728 2054 736 2083 ,
753 2008 844 2089 inquit
895 2009 992 2082 αὐτῶν,
1003 2008 1052 2067 οὔκ
1063 2005 1095 2065 δν
1114 2004 1183 2066 οὕτω
1202 2004 1270 2064 κατὰ
1289 2002 1385 2084 κράτος
1401 2001 1455 2074 τὴν
1479 2003 1670 2082 χαλεπωτάτην

125 2100 281 2181 Scriptura,
300 2116 329 2162 et
340 2105 415 2161 risus
426 2101 569 2178 dentium,
583 2113 612 2159 et
629 2104 777 2182 ingressus
787 2105 840 2162 lio-
894 2097 1027 2182 ἁμαρτίαν
1042 2097 1140 2172 ταύτην
1163 2095 1285 2170 ἐνέκησοίς
1305 2120 1336 2155 τε
1354 2094 1400 2154 καί
1422 2094 1587 2165 ἀπήλασας.
1603 2094 1669 2153 Ἀλλά

124 2199 213 2256 minis
229 2197 425 2255 enuntiabunt
440 2194 476 2252 de
496 2193 560 2252 itto.
576 2193 645 2252 Nam
659 2192 712 2252 nisi
725 2207 842 2256 terrenas
857 2205 875 2252 B
895 2191 986 2270 μηδείς
1001 2189 1151 2270 ίιπερόολὴν
1170 2186 1393 2269 καταγινωσκέτω
1405 2191 1456 2244 τοῦ
1473 2185 1576 2266 λόγον,
1590 2190 1614 2245 εἰ
1629 2211 1668 2266 χι·

123 2307 286 2369 pomparum
295 2286 378 2368 hujus
390 2286 454 2346 ritae
465 2284 639 2364 cogitationes
654 2284 841 2347 increbibilem
893 2283 1049 2357 λεπωτάτην
1073 2282 1170 2356 ταύτην
1192 2278 1325 2362 ἁμαρτίαν
1346 2277 1475 2338 ἐκάλεσα.
1502 2280 1539 2337 El
1562 2278 1614 2359 γάρ
1633 2281 1667 2337 ἐπὶ

122 2379 269 2460 quemdem
279 2379 306 2438 in
317 2377 428 2439 modum
437 2377 516 2437 humi
531 2377 719 2458 prostravisses
729 2399 762 2438 ae
772 2400 840 2460 pro-
893 2381 946 2437 τῶν
962 2380 1093 2456 βιωτικῶν
1104 2374 1150 2435 καί
1161 2373 1297 2456 Ἓόραίων
1311 2376 1458 2452 γυναικῶν,
1478 2373 1529 2430 καλ
1546 2373 1575 2429 έν
1589 2371 1666 2448 ἐκείνῳ

84 2524 87 2530 ,
121 2468 254 2545 eulcasses
266 2513 276 2546 ,
293 2489 347 2527 non
364 2467 392 2526 in
406 2480 513 2526 tantum
526 2466 649 2548 ipsarum
674 2480 840 2528 contemtum
892 2473 930 2550 τῷ
952 2474 1037 2552 καιρῷ
1058 2466 1189 2538 τοσαύτην
1204 2464 1280 2547 ἔφερε
1297 2463 1345 2536 τλν
1361 2463 1476 2524 κόλασιν
1497 2463 1531 2522 τὸ
1546 2463 1664 2540 πλημμέ-

121 2561 274 2642 erupisses,
292 2581 340 2619 nee
351 2578 434 2640 grave
443 2558 496 2617 hoc
513 2570 653 2639 peccatum
666 2571 723 2618 tam
736 2558 840 2623 sortiter
892 2563 980 2640 λημα,
994 2561 1038 2622 ἐπί
1051 2565 1106 2620 τῶν
1114 2562 1273 2641 όφειλουσῶν
1285 2556 1316 2616 τὸ
1330 2554 1484 2633 πολίτευμα
1498 2555 1577 2635 ἔχειν
1588 2558 1615 2614 ἐν
1632 2558 1664 2614 αλ

122 2670 284 2730 superasses.
299 2649 415 2708 Nevero
425 2668 469 2708 me
478 2646 622 2726 qnisquam
632 2646 715 2708 nimia
725 2668 841 2728 exagge-
894 2660 994 2732 ρανοῑς,
1008 2653 1053 2713 καὶ
1068 2651 1206 2732 ἀγγελικὸν
1225 2654 1363 2729 μιμεῖσθαι
1379 2647 1447 2726 βίον,
1470 2647 1518 2706 καί
1543 2651 1572 2707 ἐν
1586 2647 1663 2728 χάριτι

121 2741 224 2800 ratione
244 2741 285 2800 uti
307 2739 464 2815 existimet,
487 2736 561 2816 quod
581 2737 773 2817 gravissimum
788 2739 840 2798 hoc
893 2743 1114 2823 πολιτευομένων,
1128 2743 1188 2803 τίνα
1213 2742 1244 2801 δν
1265 2739 1345 2822 σχοίη
1368 2737 1537 2819 συγγνώμην
1561 2739 1593 2800 τδ
1613 2739 1664 2797 αὐτὸ

124 2846 264 2914 peecatum
277 2830 446 2912 appellarim.
460 2831 531 2890 Nam
545 2849 606 2888 cum
626 2828 771 2889 mundanis
781 2830 839 2890 He·
892 2844 969 2898 τοῦτο
991 2836 1161 2916 τολμώμενον
1191 2833 1259 2914 μετὰ
1286 2831 1408 2898 πλείονος
1431 2834 1483 2902 τῆς
1510 2832 1664 2912 θπερόαλῆι,

121 2924 258 2983 braeorum
269 2921 529 2999 mulieribus,atque
538 2919 585 2980 illa
592 2933 747 3001 tempestate
754 2921 841 2981 scelus
892 2926 979 2988 Ὅταν
988 2926 1040 3007 γὰρ
1055 2926 1113 3006 ἴδῃς
1125 2924 1252 3006 παρθένον
1267 2920 1479 3000 κατακλωμένην
1491 2924 1521 2981 έν
1542 2933 1599 2992 τοῖς
1611 2927 1664 2999 lpu-

123 3015 176 3074 hoc
188 3027 401 3094 tantampoenam
412 3011 599 3088 accersiverit,
613 3011 647 3071 iis
657 3032 717 3089 quae
728 3033 841 3072 conver·
892 3019 971 3093 τίσις,
985 3020 1112 3099 σιίροοσαν
1125 3018 1185 3085 τοὺς
1198 3022 1326 3099 χιτῶνας,
1339 3015 1406 3096 ὅπερ
1419 3015 1569 3095 προφήτης
1589 3015 1665 3074 tiet-

122 3105 253 3167 sationem
263 3105 370 3165 incelis
379 3104 488 3181 hahere,
498 3118 578 3183 atque
586 3103 743 3183 angelorum
753 3104 840 3166 vitam
892 3116 970 3187 λοσε,
982 3110 1207 3192 διαθροπτομένην
1221 3114 1248 3170 έν
1263 3114 1295 3190 τῇ
1318 3107 1435 3188 βαδίσει,
1446 3107 1494 3166 καὶ
1510 3108 1558 3167 διὰ
1574 3111 1665 3188 φωνεῖς,

123 3197 225 3259 imitari
236 3197 348 3273 debent,
359 3197 423 3258 etin
436 3195 523 3274 gratia
534 3194 621 3256 vitam
634 3207 741 3274 agunt,
758 3216 874 3275 quamn
893 3203 939 3263 καί
954 3203 998 3264 διδ
1012 3202 1152 3282 ὀμμάτων,
1165 3202 1211 3262 καὶ
1225 3200 1269 3261 διδ
1285 3203 1380 3271 στολῆς
1399 3199 1430 3259 τδ
1442 3199 1610 3281 δηλητήριον
1628 3221 1667 3257 κε·

109 3291 230 3357 ,νεοίατο
245 3288 317 3349 idem
331 3289 404 3350 istud
420 3287 542 3349 obtinere
554 3300 657 3367 queat,
675 3288 760 3348 multo
776 3309 838 3368 gra·
894 3299 1021 3376 ροννῦοον
1045 3294 1170 3376 ποτήριον
1189 3301 1243 3360 τοῖς
1266 3292 1419 3358 ἀκολάστως
1445 3293 1553 3370 δρῶσι,
1574 3291 1619 3351 καί
1639 3291 1667 3348 τί

122 3390 185 3447 vius
195 3383 396 3466 perpetratum?
405 3383 476 3442 Nam
486 3380 692 3460 cumvitglnem
704 3380 732 3439 ln
741 3381 839 3442 Vestitu
894 3386 1013 3469 βάραθρα
1026 3388 1162 3446 ἐπιπλεὶον
1177 3384 1397 3443 ἀνασκάπτουσαν
1407 3390 1464 3450 τοῖς
1473 3382 1668 3463 παριοῦσι,ιιαἰ

1 3504 28 3544 ι’.
38 3500 61 3546 ³.
75 3501 109 3544 re.
124 3478 239 3540 mollem
252 3477 370 3537 tunicam
384 3475 551 3546 trahentem,
576 3471 607 3531 id
619 3471 691 3552 quod
707 3473 840 3554 propheta
892 3478 1007 3558 παγίδας
1021 3484 1136 3538 τιθεῖσαν
1149 3479 1275 3549 ἐντεῦθεν,
1288 3479 1344 3542 πῶς
1359 3473 1460 3546 ταύτην
1480 3475 1582 3534 λοιπὸν
1598 3499 1669 3556 προσ·

123 3570 230 3633 crlmlnl
244 3569 334 3648 dedit,
345 3568 447 3628 lascive
457 3564 659 3642 ambulantem,
669 3577 749 3643 atque
758 3584 839 3639 voce,
892 3580 960 3654 τρεῖς
977 3569 1116 3651 παρθένον,
1129 3570 1187 3639 ἀλλ’
1202 3571 1234 3629 οὐ
1251 3566 1319 3643 μετὰ
1336 3571 1389 3625 τῶν
1402 3567 1611 3647 πορνευομένων
1632 3569 1668 3625 αθ

122 3679 148 3725 et
162 3664 247 3724 oeulis
252 3710 262 3738 ,
275 3677 300 3723 et
313 3661 413 3720 amictu
426 3707 433 3732 ,
446 3672 606 3738 venenatum
614 3657 742 3738 poculum
752 3657 785 3718 iis
791 3657 839 3738 qni
892 3663 940 3737 τὴν
966 3661 1121 3743 άριθμήσεις
1145 3664 1288 3739 γυναικῶν,
1300 3661 1341 3719 Oi
1361 3657 1414 3737 γδρ
1426 3665 1560 3718 τοσοῦτον
1579 3660 1670 3718 ἐκεῖναι

123 3757 211 3836 ipsam
223 3751 361 3833 impudico
377 3746 455 3811 oculo
470 3749 609 3808 intuentur
621 3746 794 3823 miscentem,
808 3769 840 3807 ac
892 3756 1002 3835 δέλεαρ,
1016 3753 1076 3816 άοον
1092 3744 1171 3814 αδται
1188 3752 1319 3831 γίνονται,
1332 3749 1500 3829 πανταχόθεν
1517 3752 1670 3810 numm.

124 3845 267 3923 voragines
276 3844 309 3902 iis
318 3843 365 3922 qui
376 3855 515 3903 transeunt
528 3840 615 3921 magis
630 3863 662 3901 ac
673 3841 760 3921 magis
775 3842 840 3920 ello-
892 3853 969 3909 νῦοοι
990 3851 1038 3920 τῆς
1051 3846 1145 3918 ἡδονῆς
1163 3844 1198 3905 τδι
1217 3842 1313 3924 πτερά.
1330 3840 1382 3901 nit
1395 3840 1483 3899 ταῦτά
1505 3864 1542 3902 σε
1557 3841 1670 3922 μακαρί-

124 3935 255 4010 dientem,
269 3947 349 4011 atque
361 3933 427 3992 hinc
441 3933 551 4010 laqueos
564 3930 715 3992 tendentem
726 3930 838 4012 videris,
893 3946 981 4021 ζομιν,
996 3938 1041 3999 διδ
1053 3937 1138 3998 ταῦτά
1153 3961 1183 3998 σε
1203 3934 1378 4014 θαυμάζομεν,
1394 3932 1435 3998 ότι
1457 3933 1573 3994 πάντων
1589 3938 1670 3995 άπςλ.

123 4024 258 4107 quomodo
265 4027 322 4106 jam
329 4046 388 4084 eam
398 4023 531 4104 virginem
544 4023 675 4105 appelles,
688 4046 779 4085 aenon
791 4046 841 4106 po·
892 4035 1005 4114 λαγιῑσα
1013 4030 1112 4092 τούτων
1126 4028 1174 4088 καί
1186 4033 1212 4089 έν
1223 4027 1307 4107 τούτῳ
1318 4025 1385 4099 Ι’τλν
1398 4026 1530 4105 νέκρωσιν
1548 4025 1671 4094 ἐπεδείξω

123 4119 216 4182 tiusin
230 4131 380 4179 scortorum
392 4136 505 4176 numero
519 4115 650 4196 reponas?
664 4118 756 4197 Neque
769 4117 841 4178 enim
856 4143 875 4189 ι)
892 4127 931 4206 τῷ
951 4122 1043 4203 μέρει,
1058 4123 1108 4202 οὐχ
1130 4119 1312 4202 ὡραιζομίνη,
1334 4118 1403 4177 ἀλλὰ
1423 4118 1673 4198 νεανιευομένη,ὠ

124 4225 212 4275 scorta
219 4206 481 4271 tantamillecebram
488 4205 631 4286 objiciunt,
637 4219 766 4284 quantam
774 4205 841 4282 istae,
894 4215 1131 4293 νολλωοοζομένη,
1148 4214 1207 4272 ἀλλ’
1224 4209 1394 4288 ὁπλιζομίνη.

124 4303 274 4387 voluptatis
285 4321 385 4382 pennas
394 4297 468 4360 omni
476 4318 510 4357 ex
521 4311 597 4379 parte
607 4297 783 4378 explicantes.
802 4303 841 4359 ilc

124 4407 265 4478 propterea
278 4405 304 4450 te
316 4385 648 4468 beatampraedicamusac
661 4385 739 4446 miris
749 4385 840 4446 laudi·

123 4487 176 4546 bus
188 4484 334 4557 efferimus,
346 4479 419 4560 quod
426 4479 471 4539 his
481 4477 607 4538 omnibns
620 4476 743 4554 liberata,
752 4479 780 4539 in
791 4479 841 4540 lrac

123 4599 230 4659 quoque
246 4589 322 4657 parto
335 4570 549 4634 mortificationis
566 4569 700 4652 specimen
714 4569 839 4649 edidisti,

124 4691 177 4730 non
188 4683 219 4728 ut
231 4681 356 4728 ornatum
368 4679 394 4725 ct
404 4663 564 4745 elegantiam
574 4674 732 4736 ostentam,
745 4662 793 4722 sed
812 4679 841 4724 ut

124 4762 228 4841 sortiter
247 4774 272 4820 te
283 4780 388 4840 gereres
393 4781 403 4837 ρ
421 4776 473 4817 non
489 4753 664 4815 otmundum
680 4753 841 4815 muliebrem

124 4855 175 4916 tihi
185 4876 326 4933 quereres,
341 4850 387 4912 sod
402 4865 431 4912 ut
444 4851 527 4911 armis
541 4862 567 4908 te
580 4847 708 4909 munires.

165 4950 211 5007 to.
234 4950 338 5008 Verum
353 4945 479 5026 qnoniam
494 4941 529 5002 ab
547 4961 636 5022 tingue
651 4939 754 5001 leonem
768 4961 839 5002 nnnc
935 4939 1003 5002 Ἀλλ’
1017 4939 1110 5013 ἐπειδὴ
1127 4942 1239 5001 ἀπὸτοῦ
1258 4939 1349 5019 ὄνυχος
1365 4939 1408 4999 τὸν
1419 4938 1516 5000 λέοντα
1530 4939 1600 5010 τέως
1612 4941 1675 5002 ttri-

155 5137 168 5173 Ι»
185 5135 241 5185 1)οο
255 5135 312 5185 llss.
325 5144 366 5194 τὴν
377 5138 489 5186 εὐτέλειάν
501 5153 539 5186 σου
552 5139 661 5199 θαυμάζω
675 5136 716 5192 τήν
727 5137 823 5200 ἄφατον.
938 5127 950 5166 ¹1
969 5121 1050 5177 tidem
1063 5133 1103 5186 τὴν
1114 5131 1180 5184 νίκην,

154 5231 167 5257 ι
182 5216 257 5271 οὕτως
269 5208 339 5260 deest
350 5211 376 5262 in
388 5207 496 5262 duobus.
