3764 5992
460 463 507 513 an
533 464 594 512 nos
618 464 674 529 our
700 464 945 517 scinnunzurr
973 468 1071 521 snnr.
1099 471 1165 521 nm.
1193 470 1294 521 unus.
1538 449 1608 523 583
1650 520 1653 531 ,

66 587 133 666 άπερ
153 591 177 649 εί
191 587 315 655 ίπαθενθ
333 588 471 669 Ἄάραδμ,
485 588 580 667 ἔμελλε
599 589 664 668 πρδς
685 588 733 662 τὴν
747 588 837 650 πίστιν
892 590 1043 654 interimere
1051 594 1256 673 nonrecusarit,
1265 594 1371 657 nontin
1378 594 1556 677 promissione
1564 617 1609 678 ge·

65 680 203 760 χωλεόειν.
217 680 307 741 δἈλλ’
334 686 381 742 οθκ
402 682 501 751 ίπαθε,
514 681 563 761 διόι
581 680 628 741 καί
647 681 767 762 ἔλαμψε,
792 680 838 740 καὶ
891 684 1037 745 necationis
1046 686 1116 767 ejus,
1130 707 1215 766 neque
1226 687 1267 748 sui
1281 686 1402 768 eorporis
1413 688 1528 749 emortui
1540 708 1609 749 con·

64 771 173 833 πάντων
186 773 299 854 ἀπέτυχε
312 776 364 832 τῶν
379 773 597 853 ἐπηγγελμένων·
611 773 670 832 οὐδὲ
683 771 837 832 έσκανδαλί-
891 769 1004 848 ditione,
1012 794 1097 852 neque
1105 776 1197 835 uxoris
1206 798 1261 836 sua
1268 776 1407 837 sterilitate
1414 779 1515 838 baturae
1520 778 1610 861 potuit

65 867 139 936 ζετο,
152 863 210 924 οὐδὲ
222 869 260 946 τῷ
272 864 357 947 γήρα,
370 864 428 925 οὐδὲ
439 870 478 948 τῷ
489 864 557 943 μετά
566 871 652 925 ταῦτα
659 863 838 942 ἕπιτάγματι·
855 877 874 924 Β
892 861 1018 944 impediri
1025 866 1170 944 quominus
1177 868 1258 928 fidem
1266 869 1390 941 baberet,
1402 871 1439 929 ita
1447 870 1493 929 nic
1502 891 1609 950 quoque

65 955 124 1016 οὐδὲ
137 957 241 1037 ἐνόμισε
251 957 364 1036 κώλυμα
372 948 438 1016 εἶναι
452 959 482 1016 τὸ
496 955 839 1037 ίπίταγματῇθποσρέσει,
892 955 962 1016 nihil
982 957 1128 1039 impeditus
1144 981 1160 1018 a
1181 975 1267 1021 morte
1283 961 1346 1022 fuit.
1362 954 1426 1023 Hac
1441 961 1526 1043 igitur
1544 984 1609 1025 cum

64 1048 127 1106 οὔτε
148 1047 316 1130 ἀναιρετικὴν
331 1039 397 1108 εἶναι
418 1047 467 1121 τὴν
488 1047 578 1107 θυσίαν
594 1053 642 1121 τῆς
661 1047 819 1129 ἐπαγγελίας
827 1092 836 1125 ,
889 1047 945 1107 illis
953 1070 1090 1130 compara,
1101 1073 1161 1130 qnae
1170 1072 1241 1111 nunc
1250 1051 1331 1125 fiunt,
1350 1065 1410 1111 tum
1421 1066 1451 1112 tu
1466 1053 1611 1134 pusillani-

64 1138 124 1199 οθδί
139 1142 175 1206 είς
189 1140 337 1221 ἀπόγνωσιν
352 1141 474 1200 ἐνέπιπτε
490 1145 537 1212 τῆς
552 1140 736 1220 θποσγέσεως,
751 1140 838 1199 καίτοι
890 1138 1011 1201 mitatem
1024 1155 1100 1202 tuam
1112 1143 1261 1219 intuebere,
1278 1158 1335 1203 tum
1346 1165 1450 1222 eorum,
1464 1143 1512 1224 qui
1526 1166 1609 1205 scan-

64 1234 132 1314 πρδς
147 1234 210 1292 αθτδ
228 1234 258 1293 τδ
271 1234 353 1313 πέρας
367 1237 419 1292 τῶν
438 1234 604 1313 πραγμάτων
618 1232 710 1294 ἐλθών.
725 1232 772 1304 Μὴ
785 1232 838 1314 γάρ
889 1231 1048 1310 dalizantur,
1069 1235 1207 1296 intuebere
1227 1237 1371 1311 vilitatem,
1392 1250 1419 1296 et
1434 1237 1506 1297 clare
1524 1236 1609 1297 intel-

65 1349 113 1402 μοι
128 1333 205 1387 τοῦτο
226 1327 301 1406 λέγε,
314 1329 355 1386 δτι
375 1329 422 1387 οὐκ
436 1325 522 1387 εἴασεν
543 1332 557 1386 δ
577 1325 646 1392 Θεδς
660 1328 697 1394 είς
719 1324 794 1409 ίργον
807 1325 839 1387 τδ
889 1322 957 1404 liges
979 1347 1033 1387 non
1059 1328 1171 1388 aliunde
1195 1342 1273 1387 tuum
1298 1315 1456 1388 scandatim
1476 1322 1608 1407 originem

65 1417 202 1499 ἐπίταγμα
217 1420 311 1490 ἐλθεῖν,
335 1419 394 1478 οὐδὲ
422 1420 588 1499 αἱμαχθῆναι
600 1422 646 1477 τοῦ
661 1418 763 1478 δικαίυο
788 1417 837 1490 τὴν
888 1415 996 1494 ducere,
1011 1441 1093 1498 quam
1106 1421 1179 1502 quod
1197 1421 1461 1502 incomprehensibili
1474 1421 1525 1480 Dei
1538 1442 1607 1503 pro-

66 1510 166 1580 δεξιάν·
187 1513 246 1571 ἀλλ’
268 1513 351 1571 ἐκεῖνο
366 1511 476 1584 σκόπει,
495 1510 537 1571 ότι
549 1509 649 1569 τούτων
671 1509 745 1571 οὐδὲν
764 1510 836 1570 θδί-
887 1509 1017 1571 videntiae
1027 1513 1138 1572 minime
1150 1512 1237 1586 cedas,
1248 1512 1538 1594 seddispensatiunum
1549 1512 1610 1594 ejus

63 1625 140 1669 καιος
149 1601 223 1682 ᾔδει,
237 1602 295 1663 οὐδὲ
308 1602 349 1662 θτι
371 1607 457 1673 ζῶντα
471 1601 639 1681 ἀπολήψεται
653 1602 697 1661 τδν
709 1603 777 1676 υίδν,
789 1601 836 1661 καί
889 1601 1001 1662 modum
1010 1603 1111 1682 ubique
1118 1604 1264 1683 disquiras,
1277 1625 1424 1683 causasque
1431 1624 1536 1681 eorum,
1547 1626 1610 1684 qua·

63 1693 146 1761 σ”υτως
161 1694 251 1754 οἴκαδε
263 1694 420 1776 ἐπιστρέψαι
429 1693 574 1770 ἠπίστατο,
588 1696 646 1754 ἀλλ’
662 1694 756 1754 ἔτεινεν
772 1693 835 1766 όλην
888 1691 1027 1771 geruntur,
1045 1698 1176 1775 requiras,
1199 1710 1226 1756 et
1246 1697 1352 1776 singula
1371 1697 1515 1757 scruteris:
1533 1695 1608 1776 quod
1734 1760 1738 1765 ,

62 1786 129 1866 πρὸς
139 1786 187 1859 τὴν
202 1790 305 1868 αραγὴν
317 1786 366 1860 τὴν
380 1790 472 1846 ἑαυτοῦ
486 1784 605 1865 γνώμην.
630 1784 682 1845 Διά
701 1792 777 1845 τοῦτο
790 1783 836 1844 καί
852 1797 872 1845 G
888 1785 911 1845 si
924 1788 1066 1848 accidisset
1080 1789 1246 1865 Abrabamo,
1260 1790 1340 1870 plane
1353 1789 1386 1849 ad
1400 1789 1481 1850 fidem
1500 1790 1607 1851 baben·
1663 1790 1665 1794 '

62 1879 95 1936 ἐκ
115 1878 235 1959 δευτέρου
256 1880 374 1937 καλεῖται
390 1881 421 1937 lx
433 1882 486 1937 τῶν
500 1879 627 1957 οὐρανῶν.
643 1880 685 1938 Ob
698 1867 835 1957 γάρείπςν
887 1877 952 1938 dam
965 1879 1151 1940 claudicasset.
1164 1885 1201 1940 Ac
1213 1880 1265 1940 boc
1279 1880 1385 1940 illinon
1399 1880 1511 1957 accidit,
1526 1895 1609 1960 atque

63 1972 151 2050 αὐτῷ,
169 1969 304 2052 Ἀόραάμ,
326 1971 433 2042 ἁπλῶς,
450 1968 534 2041 ἀλλά,
548 1968 686 2051 Ἀόραάμ,
700 1968 835 2050 Ἀ’ἀραάμ,
886 1970 988 2031 idcirco
997 1971 1109 2031 celebris
1120 1985 1146 2031 et
1159 1971 1275 2032 illustris
1287 1970 1348 2046 luit,
1361 1985 1386 2031 et
1397 1972 1536 2048 omnibus,
1547 1994 1608 2052 quar

61 2066 101 2142 τῷ
122 2063 311 2141 διπλασιασμῷ
325 2065 372 2132 τῆς
392 2064 479 2140 φωνῆς
500 2061 548 2134 τὴν
563 2060 756 2140 ίπιτεταμίνην
769 2061 836 2141 πρὸς
886 2062 1018 2143 promissa
1042 2063 1157 2135 fuerant,
1176 2077 1216 2123 est
1232 2063 1353 2144 potitu83
1372 2085 1458 2143 neque
1475 2078 1610 2127 senectute

60 2153 110 2226 τὴν
125 2154 215 2212 θυσίαν
234 2152 386 2233 προαίρεσιν
400 2154 526 2233 άνείργων
540 2155 626 2213 τεκαὶ
641 2152 834 2234 ἀναχαιτίζων·
886 2153 1084 2214 scandalizatus
1092 2168 1141 2226 est,
1152 2175 1239 2233 neque
1246 2153 1453 2233 mandatoquod
1463 2170 1609 2235 sequutum

61 2244 143 2313 οὕτως
153 2244 220 2314 θλως
232 2252 278 2305 τοῦ
288 2246 468 2324 ἐπιτάγματος
481 2238 523 2319 ἧν.
541 2236 616 2312 Εἶδες
625 2250 682 2313 πῶς
693 2245 723 2304 τὸ
736 2248 834 2324 πᾶντῇ
886 2257 926 2303 est
938 2266 947 2319 ;
962 2265 1049 2322 neque
1059 2244 1230 2325 promissioni
1245 2245 1350 2305 obicem
1362 2245 1520 2307 mandatum
1528 2249 1607 2309 sutu-

60 2337 155 2417 γνώμῃ
176 2341 254 2398 αὐτοῦ
279 2339 468 2419 ἐπεπλήρωτο,
489 2339 535 2398 καί
552 2338 697 2398 σκάνδαλον
710 2338 833 2415 οὐδαμοῦ.
886 2357 947 2395 rum
970 2336 1117 2397 arbitratus
1128 2350 1179 2415 est,
1204 2358 1291 2416 neque
1305 2337 1469 2397 sacrificium
1489 2340 1609 2420 promis-

59 2430 102 2490 'l’b
114 2430 140 2491 at
160 2429 252 2502 αἴτιον,
263 2429 294 2489 sb
309 2430 346 2509 μὴ
359 2430 574 2513 περιεργάζεσθαι
589 2429 622 2490 τά
642 2436 688 2490 τοῦ
702 2433 782 2490 Θεοῦ.
797 2429 834 2489 Τί
884 2429 1012 2490 sioneme
1028 2428 1118 2490 medio
1130 2429 1315 2503 sublinitum,
1335 2450 1421 2508 neque
1436 2429 1465 2489 iu
1485 2451 1544 2491 eam
1563 2431 1608 2493 in·

60 2521 90 2582 δδ
103 2527 117 2581 ὁ
131 2521 249 2603 Ἰωσήφ,
265 2523 323 2582 είπέ
335 2547 390 2601 μοι.
406 2527 446 2583 Οὔ
463 2521 580 2582 τοιοῦτόν
593 2547 620 2582 τι
636 2524 682 2582 καί
694 2524 769 2591 αὐτδς
780 2522 832 2584 πέ·
885 2519 951 2581 cidit
970 2520 1196 2602 desperationem,
1219 2534 1249 2580 ut
1268 2520 1304 2581 de
1322 2521 1501 2601 promissione
1516 2537 1608 2584 actum

59 2619 157 2686 πονθε,
171 2615 225 2673 Καὶ
242 2613 294 2694 γάρ
318 2614 432 2694 κάκείνῳ
454 2613 556 2692 μεγάλη
579 2638 619 2682 τις
642 2615 786 2695 ὑπόσχεσις
800 2606 834 2687 ἦν
884 2628 1000 2696 putaret,
1015 2613 1121 2673 tametsi
1133 2613 1170 2672 ad
1182 2613 1273 2694 ipsum
1285 2634 1377 2673 rernm
1389 2613 1472 2673 finem
1481 2615 1608 2696 pervem-

60 2704 135 2786 παρίε
148 2710 194 2764 τοῦ
217 2707 287 2766 Θεοῦ
309 2706 456 2785 δεδομένη,
477 2705 523 2764 καί
548 2704 582 2762 rb
608 2706 734 2786 γινόμενα
753 2706 833 2766 πάλιν
884 2719 933 2765 ret.
943 2705 1005 2765 Noli
1019 2705 1092 2764 enim
1104 2705 1157 2763 huc
1170 2704 1239 2764 mibi
1252 2705 1423 2784 respondere,
1439 2726 1493 2766 non
1506 2706 1607 2788 permi-

59 2796 219 2865 ἀπεναντίας
233 2801 281 2868 τῆς
292 2798 459 2878 ὑποσχέσεως
473 2795 581 2876 ἐγίνετο.
594 2796 628 2857 Ἡ
645 2798 693 2876 μίν
704 2797 757 2879 γάρ
767 2798 832 2858 θπό·
850 2818 870 2864 n
885 2797 952 2857 sisse
960 2799 1060 2872 Deum,
1072 2809 1102 2856 ut
1114 2794 1272 2856 mandatum
1287 2796 1316 2855 in
1329 2817 1398 2878 opus
1409 2797 1506 2876 exiret,
1519 2819 1608 2877 nepus

59 2911 151 2970 σχεσις
165 2880 197 2962 ἦν
219 2890 262 2951 διδ
277 2894 330 2950 τῶν
354 2890 512 2968 ὀνειράτων,
539 2889 732 2970 προσεννέπει
757 2891 847 2952 αὐτὸν
881 2891 950 2970 justi
968 2890 1108 2950 dexteram
1127 2903 1294 2950 cruentatam
1316 2911 1392 2950 esse:
1414 2910 1510 2952 verum
1534 2891 1607 2953 illud

57 2980 119 3050 τοὺς
133 2983 278 3064 ἀδελροθς,
294 2983 340 3042 καί
354 2984 435 3054 διπλῆ
452 2983 511 3061 θψις
525 2987 603 3042 τοῦτο
617 2983 833 3066 ἀνεκήρυττεν,ἤ
885 2981 1034 3059 considera,
1056 2981 1125 3041 nibil
1145 2981 1244 3042 borum
1260 2980 1372 3047 scivisse
1382 2982 1499 3062 justum,
1520 3004 1608 3063 neque

57 3098 88 3133 τε
103 3073 147 3134 διδ
160 3079 213 3133 τῶν
232 3074 347 3156 ἄστρων,
363 3075 424 3147 ἥτε
438 3075 481 3134 διδ
493 3079 546 3134 τῶν
560 3075 736 3155 δραγμάτων·
751 3076 785 3135 τά
804 3076 833 3136 δέ
884 3092 913 3131 se
925 3073 1020 3134 vivum
1040 3072 1119 3132 illum
1137 3087 1319 3154 recepturum,
1338 3087 1419 3153 atque
1437 3073 1474 3133 ita
1491 3073 1606 3135 domum

59 3165 129 3244 μετά
144 3165 191 3234 τάς
205 3165 279 3246 όψεις
293 3166 389 3234 ταύτας
403 3166 543 3246 συμόάντα
558 3167 664 3226 ίναντία
678 3173 731 3227 τῶν
747 3169 832 3251 όψεων
882 3184 1054 3225 reversurum
1075 3165 1192 3241 novisse,
1212 3166 1261 3226 sed
1282 3177 1366 3225 totam
1388 3181 1506 3227 mentem
1526 3188 1604 3228 suam

57 3249 100 3330 ἦν.
116 3260 227 3338 Πρῶτον
247 3257 295 3337 μὲν
307 3257 359 3337 γάρ
377 3258 493 3338 πόλεμος
505 3262 577 3342 αὐτῷ
587 3260 705 3339 χαλεπὸς
717 3263 832 3321 ἐντεῦθεν
882 3256 919 3316 ad
933 3256 1032 3317 caedcm
1046 3256 1199 3318 intendisse.
1214 3258 1319 3319 Idcirco
1334 3260 1416 3319 etiam
1430 3258 1552 3321 mundo
1569 3259 1605 3322 de

56 3348 126 3408 κατὰ
139 3348 188 3420 τὴν
202 3349 328 3430 πατρῴαν
343 3350 428 3410 οἰκίαν
453 3350 648 3433 ἀνερριπίζετο,
673 3351 719 3412 καὶ
740 3357 764 3412 σί
784 3351 832 3420 τάς
883 3348 949 3409 caelo
962 3363 1084 3409 vocatur.
1100 3352 1193 3428 Neque
1206 3350 1278 3409 enim
1291 3349 1450 3410 Abrabam
1467 3350 1605 3432 simpliei-

56 3439 137 3508 αθτάς
158 3443 230 3522 αὐτῷ
241 3439 368 3509 λύσαντες
386 3443 495 3516 ὠδῖνας,
520 3443 688 3520 διατεμόντες
704 3447 752 3514 τῆς
765 3468 829 3522 συγ·
866 3453 923 3513 ,ιτα
932 3440 1022 3501 dixit:
1037 3441 1093 3517 sed,
1103 3442 1456 3520 Abroborn,Abrabam,
1471 3443 1548 3504 vocis
1559 3444 1603 3505 in-
1615 3456 1753 3506 Genesi.

54 3533 157 3612 γενείας
170 3533 230 3601 τοὺς
240 3531 351 3612 νόμους,
369 3534 414 3592 καί
429 3533 613 3614 διαρρήξαντες
624 3538 673 3606 τῆς
687 3536 831 3616 ἀδελφικῆς
881 3531 1060 3610 geminatione
1073 3533 1206 3592 intentum
1219 3532 1253 3592 ad
1263 3534 1429 3594 sacrificium
1439 3535 1524 3611 animi
1536 3558 1604 3618 pro-

56 3623 198 3693 διαθέσεως
211 3625 244 3685 ric
267 3625 364 3704 δεσμδ,
379 3626 425 3685 καί
446 3624 538 3693 αὐτοὺς
549 3630 596 3698 τῆς
612 3626 714 3707 φύσεως
735 3627 830 3686 διασα-
880 3624 1000 3705 positum
1017 3623 1173 3704 reprimens,
1195 3638 1222 3684 et
1245 3646 1392 3685 revocans:
1411 3626 1449 3687 ita
1471 3641 1543 3688 totus
1565 3630 1604 3690 ad

54 3715 196 3783 λεόσαντες
217 3715 276 3785 τοὺς
299 3716 423 3796 θεσμοὺς,
448 3718 538 3798 ἐχθροὶ
557 3717 602 3777 καὶ
630 3717 754 3796 πολέμιοι
782 3718 828 3777 καί
880 3715 1039 3776 mandatum
1052 3715 1235 3796 peragendum
1249 3717 1432 3778 incumbebat.
1449 3719 1536 3781 Vides
1556 3734 1604 3783 to·

54 3808 143 3868 λθκων
157 3808 312 3892 ἀγριώτεροι
332 3809 394 3891 περὶ
406 3810 450 3870 τὸν
465 3810 576 3891 ἀδελφὸν
599 3810 652 3870 άπὸ
674 3814 726 3869 τῶν
742 3810 828 3891 ὄψεων
879 3821 935 3867 tam
944 3829 1001 3867 rem
1010 3808 1069 3888 ejus
1076 3808 1161 3868 animi
1169 3809 1298 3868 sententia
1308 3809 1390 3869 fuisse
1400 3811 1565 3892 completam
1576 3827 1604 3874 et

53 3898 160 3959 ἐκείνων
172 3899 304 3981 ἐγίνοντο·
316 3902 362 3961 καὶ
376 3900 467 3982 ὥσπερ
481 3906 558 3984 θῆρες
572 3902 659 3984 άγριοι
671 3899 718 3959 καλ
730 3901 829 3979 άνήμε-
878 3900 1035 3980 perfectam,
1053 3921 1103 3960 nec
1124 3921 1238 3978 usquam
1257 3901 1415 3962 scandalum
1433 3924 1599 3984 comparere.

57 3992 171 4075 ροίτινες
184 3993 273 4076 ἀρνίον
283 3996 309 4053 έν
324 3994 398 4077 μέσῳ
407 3996 547 4068 λαθόντες,
561 3994 630 4054 οθτω
641 3998 699 4053 καθ’
712 3992 827 4067 ἑκάστην
879 3990 912 4049 ld
925 4012 990 4050 vero
1004 3990 1032 4050 in
1049 4013 1127 4051 causa
1141 3992 1204 4065 luit,
1218 3992 1292 4071 quod
1307 3993 1337 4054 in
1350 3995 1467 4055 actiones
1481 3997 1533 4056 Dei
1547 4019 1600 4058 cu-

53 4084 223 4147 ίπεόοόλευον
238 4088 311 4169 αὐτῷ
326 4086 374 4161 τὴν
393 4087 505 4168 ἡμέραν.
528 4088 581 4147 Kal
600 4085 690 4167 πατὴρ
714 4091 760 4145 τοῦ
781 4110 829 4146 πο-
845 4103 864 4151 13
879 4081 950 4142 riosc
970 4103 1022 4142 non
1045 4082 1203 4160 inquireret.
1219 4085 1295 4153 Quid
1314 4107 1378 4146 vero
1396 4089 1520 4170 Josepbi‘
1540 4091 1598 4161 dic.

54 4177 136 4256 λέμου
148 4178 241 4239 τούτου
252 4172 384 4258 ρθόνοςῆν
398 4181 505 4259 ἄλογος,
519 4180 565 4238 καί
578 4178 711 4257 βασκανία
724 4179 827 4245 άδικος·
878 4195 967 4253 quaeso
976 4199 983 4231 ε
993 4196 1080 4235 nonne
1091 4176 1143 4234 tale
1160 4176 1226 4255 quid
1245 4178 1269 4236 ei
1291 4179 1408 4239 accidit?
1422 4182 1492 4241 Nam
1505 4196 1533 4242 et
1555 4183 1598 4243 illi

54 4269 152 4351 καὶτῷ
166 4274 242 4350 θυμῷ
256 4270 369 4345 ζέοντες,
380 4272 458 4352 φόνου
470 4275 529 4332 καθ’
545 4271 660 4344 ἑκάστην
673 4269 765 4330 ίπνεον
778 4269 827 4340 τὴν
878 4276 976 4347 magna
989 4267 1114 4346 quadam
1128 4289 1144 4327 a
1158 4270 1215 4327 Deo
1226 4269 1371 4350 promissio
1388 4271 1476 4331 luerat
1494 4273 1596 4346 oblata,

54 4360 168 4442 ἡμέραν,
182 4367 228 4420 τοῦ
240 4362 333 4443 ρθόνου
348 4362 397 4435 τὴν
410 4363 521 4443 κάμινον
535 4360 633 4436 ταύτην
648 4363 826 4437 ἀνάπτυντος,
877 4371 903 4417 et
917 4381 960 4418 ros
975 4360 1113 4418 mnirariae
1129 4360 1298 4439 promissioni
1314 4382 1410 4420 rursus
1430 4363 1598 4426 eveniebant.

53 4452 101 4511 καί
123 4451 171 4525 clv
195 4453 281 4534 πυρὰν
295 4454 448 4536 ἐγείροντος,
467 4455 520 4514 Καὶ
544 4454 636 4528 ἐπειδὴ
661 4455 727 4523 τέως
748 4454 826 4514 αὐτὸν
877 4451 974 4510 Fuerat
986 4451 1058 4511 euim
1070 4450 1230 4531 promissum
1246 4473 1294 4532 per
1305 4452 1408 4512 somnia
1423 4453 1556 4530 futurum,
1568 4469 1599 4518 ut

53 4544 129 4604 οὐδὲν
154 4543 313 4623 ἐργάσασθαι
335 4547 463 4617 ἠδύναντο
478 4547 605 4627 χαλεπὸν,
630 4546 701 4607 ἔνδον
715 4545 847 4628 στρερό·.
877 4564 938 4603 etim
958 4544 1052 4603 fratres
1069 4543 1224 4613 adorarent,
1243 4557 1325 4622 atque
1343 4544 1393 4604 boc
1411 4543 1515 4626 duplex
1528 4546 1599 4609 visio

53 4659 133 4714 μενον
147 4635 193 4696 καί
209 4637 341 4715 μετὰτῶν
356 4640 453 4719 γονέων
468 4639 651 4719 διατρίόοντα,
666 4639 826 4699 διαόαλλου-
875 4636 1077 4717 praenuntiavit,
1098 4657 1160 4695 cum
1179 4636 1226 4695 illa
1251 4657 1299 4715 per
1323 4637 1423 4710 stellas,
1440 4650 1499 4698 tum
1514 4639 1598 4700 altera

52 4752 95 4788 σιν
110 4731 188 4789 αὐτοῦ
207 4727 256 4801 τὴν
270 4731 411 4810 ὑπόληψιν,
422 4731 468 4789 καὶ
483 4730 596 4812 αἰσχράν
607 4732 824 4800 κατασκευάζου-
832 4749 924 4826 mper
938 4728 1108 4808 manipulos:
1123 4749 1184 4806 qua
1197 4749 1262 4787 vero
1276 4724 1341 4808 post'
1353 4729 1469 4790 visiones
1487 4731 1597 4791 accide-

52 4843 94 4880 σιν
116 4823 186 4901 αὐτῷ
199 4820 286 4897 δόξαν,
300 4823 346 4882 καί
359 4821 438 4903 ψόγον
452 4822 631 4904 καταρέρουσι
643 4825 765 4906 πονηρὸν,
780 4831 825 4885 τοῦ
842 4842 862 4887 Α
877 4835 950 4896 runt,
967 4819 1100 4880 contraria
1120 4820 1199 4900 plane
1221 4820 1373 4880 visionibus
1393 4822 1510 4882 suerunt.
1531 4824 1596 4883 Pri·-

51 4911 151 4989 πατρὸς
163 4913 194 4972 τὸ
213 4913 321 4993 φίλτρον
341 4914 424 4995 ταύτῃ
439 4917 587 4974 καταλῦσαι
599 4915 825 4994 βουλόμενοι,καί
876 4934 952 4972 mum
967 4912 1039 4972 enim
1048 4912 1139 4992 gravis
1149 4910 1211 4971 inde
1222 4932 1311 4992 pugna
1322 4911 1442 4993 paternis
1452 4913 1481 4972 ia
1490 4913 1598 4975 aedibus

51 5004 117 5085 πρὸς
130 5004 275 5076 ἐπιόονλὴν
289 5005 446 5088 εὐχείρωτον
458 5006 560 5066 λαθεῖν.
579 4999 647 5067 Εἶτα
660 5008 728 5086 μετά
741 5013 825 5067 ταῦτα
876 5005 990 5065 excitata
1004 5017 1053 5081 est,
1064 5017 1090 5063 et
1102 5004 1150 5081 qui
1163 5025 1199 5063 ex
1212 5003 1307 5063 mdem
1319 5004 1424 5063 fuerant
1439 5018 1514 5066 utero
1526 5007 1594 5083 nati,

52 5096 179 5165 λαθόντες
189 5099 267 5157 αὐτὸν
281 5097 331 5167 ἔξω
344 5103 397 5159 τῶν
412 5104 550 5182 πατρικῶν
558 5103 712 5182 ὀφθαλμῶν,
725 5099 772 5160 καί
783 5100 825 5160 ἀπ’
877 5096 1043 5177 cognationis
1065 5095 1137 5177 leges
1160 5095 1302 5176 violantes,
1322 5109 1350 5157 ct
1367 5096 1477 5157 fraterni
1495 5098 1596 5160 amoris

90 5268 103 5307 Β
120 5265 169 5318 Alii
180 5273 234 5321 ἀλλ’
246 5271 270 5324 oi
282 5278 483 5341 περιειργράσατο.
