3764 5992
113 401 183 486 ξω
424 417 454 465 s.
482 418 622 468 sotanis
647 420 829 468 euarsosr.
858 421 1016 468 incurro.
1044 416 1314 473 cousraurrttor.

118 588 1521 626 m

674 768 1086 918 MONITUM

336 1068 401 1141 an
425 1032 663 1141 uouinmu
687 1068 752 1140 nn
781 1066 1078 1141 rurunonuu
1102 1067 1321 1155 unricus,
1349 1091 1429 1139 επ.

119 1323 124 1329 ·
156 1295 454 1377 Hanepuleherrimam
465 1292 621 1354 ooneionem
633 1291 731 1352 habuit
744 1291 956 1373 chrysostomus
965 1292 1127 1371 Antiochia,
1140 1305 1171 1351 ut
1180 1292 1306 1372 arguitur
1316 1313 1351 1352 ex
1360 1292 1395 1352 iis
1410 1312 1472 1371 quae
1483 1294 1521 1352 sul

114 1388 260 1458 dicuntur,
272 1407 368 1468 nempe
381 1385 416 1446 ad
435 1384 508 1443 hunc
527 1398 679 1465 martyrum
699 1383 789 1442 locum
810 1383 944 1464 populum
957 1385 1112 1448 ventitasse.
1128 1384 1216 1443 Extra
1236 1385 1333 1443 urbem
1351 1406 1450 1465 nempe
1463 1399 1518 1444 erat

115 1493 227 1562 propter
236 1492 391 1559 martyrum
402 1476 532 1554 reliquias
546 1477 721 1554 frequentata,
731 1496 785 1553 quo
794 1474 940 1555 pergebant
950 1475 1046 1555 populi
1059 1475 1165 1561 pietatis
1175 1475 1273 1555 gratia,
1282 1489 1309 1534 et
1319 1475 1367 1534 ubi
1380 1476 1521 1535 conciones

116 1585 158 1630 ter
170 1569 350 1647 habebantur,
361 1582 392 1627 ut
405 1568 462 1647 jam
475 1588 527 1626 non
549 1566 630 1625 semel
643 1566 774 1626 vidimus.
790 1567 891 1626 AEstate
902 1588 966 1627 vero
977 1566 1080 1627 dicum
1093 1566 1236 1627 homiliam
1250 1565 1372 1627 declarat
1385 1568 1473 1628 initio.
1485 1570 1521 1643 Qu

116 1681 187 1719 anno
197 1681 231 1719 ne
243 1661 395 1741 conjectura
407 1658 519 1738 quidem
529 1658 634 1736 assequi
648 1678 802 1737 possumus.

155 1753 344 1834 Interpretatio
355 1751 451 1812 Latina
462 1763 503 1810 est
516 1749 660 1810 Frontonis
672 1748 778 1832 Duoaei.

195 2140 254 2198 DE
276 2137 541 2200 FUTURORUM
558 2133 748 2207 velletis>
846 2140 866 2186 D
980 2140 1097 2199 ΙΙΠΙΞΡΙ
1118 2142 1195 2200 ΤΗΣ
1214 2141 1292 2203 ΊῺΝ
1314 2143 1521 2205 ΜΕΛΛΟΝΤΕ

289 2335 318 2383 et
331 2324 518 2404 praesentium
528 2320 655 2380 vilitate.
935 2323 1121 2400 ἀπολαύσεως,
1131 2325 1176 2384 καὶ
1186 2327 1233 2396 τῆς
1243 2329 1295 2385 τῶν
1310 2326 1452 2406 παρόντων
1465 2330 1521 2387 εὖτε

156 2513 186 2572 l.
207 2508 360 2574 Vehemens
373 2519 454 2566 aestus
473 2518 529 2580 est,
549 2517 575 2564 et
590 2502 718 2562 molestus
733 2503 833 2579 ardor;
920 2505 1039 2586 Σροδρδν
1062 2507 1093 2566 τδ
1116 2513 1221 2587 καῦμα,
1235 2509 1281 2568 καλ
1304 2510 1423 2593 βαρὺςθ
1452 2515 1521 2595 αθρμ

114 2615 232 2662 attamen
242 2599 409 2659 alacritatem
418 2610 594 2658 vestramnon
606 2594 773 2664 debilitavit,
783 2616 832 2655 neo
881 2596 929 2669 τὴν
952 2597 1100 2680 προθυμίαν
1114 2603 1188 2676 ὑμῶν
1211 2602 1258 2659 οὐκ
1274 2600 1405 2676 ἐξέλυσεν,
1433 2604 1492 2665 οὐδὲ
1515 2631 1521 2644 ·

113 2690 243 2753 audiendi
253 2688 430 2772 cupiditatem
442 2685 575 2768 repressit.
586 2685 662 2745 Talis
673 2699 713 2744 est
723 2685 832 2746 auditor
880 2694 929 2761 τῆς
942 2690 1092 2768 ἀκροάσεως
1105 2691 1230 2772 ἐμάρανε.
1244 2695 1371 2754 Τοιοῦτον
1385 2695 1440 2776 γδιρ
1456 2702 1521 2776 αἰιιρο

112 2785 220 2845 fervens
228 2797 255 2842 et
268 2794 399 2855 attentus3
409 2775 537 2837 audiendi
552 2775 686 2836 desiderio
699 2776 831 2836 corrobo-
881 2781 930 2858 μδς
943 2781 989 2840 καλ
1002 2784 1215 2862 διεγηγερμένος·
1232 2788 1270 2864 τῷ
1284 2790 1332 2856 τῆς
1343 2788 1497 2867 ἀκροάσεως
1509 2791 1521 2848 ἓ

114 2889 190 2936 ratus
206 2873 297 2934 omnia
309 2872 442 2954 patienter
451 2870 521 2929 serre
531 2882 629 2949 potest,
644 2881 674 2927 ut
693 2867 831 2950 cupidita·
883 2872 1018 2953 ρούμενος,
1031 2873 1119 2934 πάντα
1134 2876 1229 2956 ῥᾳδίως
1250 2877 1280 2935 ἂν
1295 2879 1417 2955 ἐνέγκαι,
1434 2880 1504 2940 ὥστε

112 2981 168 3026 tem
186 2964 257 3023 hanc
270 2962 428 3044 preclaram
442 2973 468 3019 et
480 2958 649 3040 spiritualem
670 2959 790 3040 expleat,
804 2973 831 3019 et
838 3014 874 3053 m
881 2963 976 3042 toplon
987 2968 1126 3044 ἐμπλῆσαι
1135 2966 1234 3040 ταύτην
1240 2967 1289 3041 ela
1303 2969 1389 3041 καλὴν
1400 2971 1449 3030 καὶ
1459 2996 1521 3030 πνευ

111 3078 161 3117 nee
174 3079 190 3115 a
204 3056 313 3135 frigore,
331 3073 379 3113 nee
394 3052 429 3111 ab
443 3065 527 3127 aestu,
547 3071 602 3111 non
623 3073 640 3110 a
660 3051 829 3131 negotiorum
847 3055 926 3116 Ακαλ
941 3055 1000 3114 οὔτε
1013 3058 1129 3137 κρυμὸς,
1143 3059 1203 3118 οὔτε
1212 3060 1331 3138 αὐχμὸς,
1344 3064 1374 3119 ού
1383 3064 1521 3141 πραγμάτι

111 3148 209 3222 turba,
223 3165 302 3207 nona
317 3141 494 3205 multitudine
509 3151 647 3221 curarum,
658 3163 712 3202 non
722 3142 757 3201 ab
770 3143 831 3202 aliis
880 3150 909 3206 ού
925 3146 1067 3230 φροντίδων
1089 3151 1207 3225 πλῆθος,
1224 3155 1270 3211 οὐκ
1292 3152 1359 3212 ἄλλο
1372 3157 1426 3212 τῶν
1441 3156 1521 3215 τοιούτ

111 3239 192 3298 rebus
201 3234 265 3296 ullis
273 3234 406 3318 ejusmodi
415 3246 502 3315 potest
510 3229 833 3315 supplantarirquemad·
880 3237 1053 3299 θποσκελίσαι
1077 3240 1177 3300 δύναιτ’
1193 3243 1233 3301 ἄν·
1249 3242 1341 3325 ὥσπερ
1355 3236 1399 3304 οὖν
1424 3247 1470 3305 τὸν
1492 3245 1521 3306 dr

112 3329 225 3391 modum
237 3341 262 3390 et
275 3327 406 3409 supinum
416 3348 448 3386 ae
458 3325 579 3386 desidem
602 3348 656 3386 non
677 3327 748 3386 aeris
758 3328 831 3388 bona
881 3329 1092 3390 ἀναπεπτωκότα
1105 3335 1154 3391 οὐκ
1175 3321 1259 3413 ἀέρων
1284 3335 1442 3416 εὖκρασίαι,
1457 3340 1486 3395 οὐ
1507 3362 1521 3396 υ

111 3420 264 3504 temperieS,
277 3437 333 3478 non
344 3417 431 3477 otium
447 3431 474 3476 et
488 3416 628 3495 securim,
645 3438 698 3476 non
711 3418 829 3477 facilitas
883 3421 975 3495 ἄδεια,
989 3426 1018 3481 οὗ
1042 3423 1162 3504 ῥᾳστώνη
1186 3425 1232 3484 καλ
1255 3426 1343 3493 ἄνεσις
1366 3429 1516 3511 διεγείρειεν

111 3527 159 3573 aut
170 3512 295 3592 voluptas
305 3522 392 3590 potest
399 3508 527 3584 excitare,
534 3507 582 3567 sed
589 3521 727 3588 correptus
737 3529 831 3568 somno
883 3513 956 3590 μένει
967 3514 1100 3574 καθεύδων
1119 3515 1199 3576 ὕπνον
1213 3517 1273 3576 τινὰ
1288 3520 1391 3591 πολλῆς
1402 3545 1519 3602 κατηραρ

113 3601 231 3685 quodam
240 3599 340 3660 residet
348 3599 462 3659 erimine
475 3620 507 3658 ae
520 3598 717 3680 vituperatione
726 3596 831 3678 dignis·
882 3605 951 3664 Ἀλλ’
968 3607 1018 3686 οὐχ
1035 3610 1111 3684 ὑμεῖς
1127 3615 1254 3682 τοιοῦτοι,
1270 3609 1340 3668 ἀλλὰ
1355 3612 1370 3639 *
1382 3612 1458 3691 noph
1474 3617 1521 3672 τῶν

113 3699 190 3760 simo.
204 3700 263 3759 Vos
288 3712 380 3756 autem
404 3697 472 3755 tales
494 3716 547 3755 non
569 3695 634 3754 estis
649 3694 715 3754 tsed
728 3695 762 3754 iis
782 3695 832 3775 qui
882 3698 923 3756 λιν
941 3699 1081 3757 οἰκούντων
1103 3704 1168 3777 ἡμῖν
1190 3700 1321 3778 ἀμείνους.
1336 3703 1391 3762 Καὶ
1405 3702 1458 3783 γὰρ
1472 3705 1521 3764 τοι

113 3805 233 3852 umnam
246 3788 368 3848 indolunt
389 3788 496 3847 urbem
510 3787 597 3846 multo
619 3787 743 3846 meliores
756 3788 829 3847 estis.
882 3793 931 3861 τῆς
943 3790 1045 3857 πόλεως
1061 3794 1152 3867 ὑμεῖς,
1174 3790 1242 3850 οὕτω
1256 3793 1448 3872 σοντεταμένοι
1459 3797 1521 3856 καλι

114 3880 253 3961 Siquidem
265 3900 314 3940 vos
327 3878 404 3937 urhis
417 3890 498 3958 caput
514 3899 547 3936 ao
568 3892 662 3938 vertex
681 3877 754 3953 estis,
765 3878 832 3938 adeo
883 3879 929 3938 καὶ
942 3889 996 3947 τοῖς
1009 3881 1160 3960 λεγομένοις
1169 3883 1237 3960 μετὰ
1252 3884 1389 3964 άκριόείας
1402 3888 1521 3967 παρακολ

115 3971 238 4035 martiae
250 3969 393 4050 vigiles,et
409 3969 456 4046 qui
471 3989 501 4027 ea
514 3990 573 4047 quae
586 3967 725 4044 dicuntur,
739 3990 832 4050 perpe·
884 3970 935 4030 ἀεί.
958 3973 1045 4031 Τοῦτο
1060 3972 1121 4050 ἐμοὶ
1143 3973 1174 4031 τδ
1195 3974 1302 4054 θέατρον
1326 3980 1379 4034 τῶν
1404 3981 1521 4055 βασιλικθ

113 4080 161 4126 tuo
169 4060 293 4146 persequi
307 4057 428 4120 studiose
435 4059 536 4120 soletis.
545 4060 604 4118 Hoc
615 4060 685 4118 mihi
697 4059 832 4119 theatrum
884 4064 1050 4143 σεμνότερον.
1061 4063 1137 4124 Ἐκεῖ
1151 4064 1199 4143 μὲν
1222 4065 1273 4145 γάρ
1297 4066 1331 4124 τδι
1358 4067 1501 4145 διδόμενα,

114 4178 209 4240 regum
219 4154 290 4215 aulis
305 4165 344 4213 est
355 4151 509 4232 augustius.
521 4154 593 4212 Nam
609 4152 666 4212 illie
678 4151 792 4231 quidem
802 4175 832 4212 ea
848 4170 866 4217 Β
884 4158 922 4234 τῷ
938 4155 1050 4234 παρόντι
1072 4156 1282 4234 συγκαταλύεται
1299 4156 1364 4238 βίῳ,
1389 4159 1436 4218 καλ
1459 4160 1519 4239 θορύ

114 4271 173 4331 quae
186 4247 355 4324 tribuuntur,
370 4264 423 4302 una
439 4263 501 4302 cum
515 4242 567 4302 hac
578 4244 637 4303 vita
649 4243 796 4322 finiuntur,
807 4258 833 4303 et
883 4246 928 4304 καὶ
939 4252 1059 4325 ταραχῆς
1069 4247 1273 4325 ἐμπέπλησται·
1287 4252 1401 4309 ἐνταῦθα
1413 4253 1441 4311 δὲ
1453 4258 1521 4310 ποιοῦ

115 4341 250 4403 tumultus
268 4338 349 4420 plena
369 4348 431 4395 sunt
451 4355 483 4393 ae
497 4335 586 4394 turbis
604 4333 757 4394 redundant
769 4359 776 4392 :
788 4336 834 4396 hie
884 4339 954 4397 ἀλλὰ
976 4338 1022 4397 καὶ
1038 4339 1170 4418 ἀσφάλεια
1185 4349 1278 4410 πᾶσα,
1294 4341 1341 4400 καὶ
1355 4342 1423 4420 τιμὴ
1439 4367 1521 4425 παρα]

115 4455 181 4497 vero
194 4429 264 4493 nihil
273 4429 343 4505 tale3
357 4426 404 4488 sed
418 4440 444 4487 et
455 4424 584 4486 securitas
598 4427 697 4501 omnis,
706 4439 732 4485 et
744 4425 833 4486 honor
882 4428 1020 4508 λαγμένη,
1042 4432 1088 4489 καὶ
1117 4432 1199 4511 ἀρχαὶ
1213 4432 1287 4499 τέλος
1311 4436 1359 4492 οὐκ
1378 4434 1504 4514 ἔχουσαι,
1519 4465 1521 4488 ι

115 4524 230 4589 aturbis
244 4518 372 4581 immunis
387 4531 436 4590 est,
451 4529 477 4577 et
498 4517 672 4597 magistratus
685 4516 733 4596 qui
746 4537 831 4576 num·
882 4525 921 4602 τῷ
936 4522 1040 4602 θανάτῳ
1062 4522 1286 4600 διακοπτόμεναι,
1300 4523 1369 4584 ἀλλὰ
1392 4526 1454 4585 τότε
1470 4530 1521 4608 dep

114 4638 195 4701 quent
208 4612 352 4684 finiuntur,
361 4629 409 4669 nee
421 4608 478 4690 ipsa
487 4621 574 4666 morte
584 4607 830 4689 interrumpuntur,
882 4613 1028 4691 γινόμεναι.
1040 4613 1087 4685 Μὴ
1103 4614 1156 4692 γάρ
1169 4639 1214 4692 μοι
1228 4614 1272 4673 τὸν
1287 4617 1332 4699 ἓπῖ
1342 4616 1483 4696 ὀχήματος
1492 4621 1521 4678 εἴτ

113 4708 161 4774 sed
175 4722 234 4770 tum
245 4701 372 4786 temporis
386 4700 499 4760 tutiores
513 4699 669 4759 fiuntNolo
680 4701 752 4760 enim
762 4701 831 4761 milti
884 4727 972 4782 μενον,
989 4703 1034 4763 καὶ
1047 4704 1095 4771 τδις
1106 4709 1186 4786 ὀρρῦς
1197 4708 1374 4779 ἀνασπῶντα,
1386 4711 1435 4769 καλ
1446 4715 1521 4770 πολλι

112 4816 302 4866 mammes
313 4814 376 4854 eum
387 4790 433 4870 qui
445 4789 536 4850 sedeat
547 4790 575 4850 in
586 4812 677 4864 curru,
686 4793 831 4873 supercilia
882 4795 1051 4874 δορυφόρους,
1078 4797 1147 4874 μήτε
1161 4796 1210 4868 τὴν
1234 4797 1318 4872 ζώνην
1334 4801 1380 4860 καὶ
1408 4801 1460 4876 τὴν
1481 4811 1521 4863 τοῑ

115 4891 229 4957 mitat.
245 4885 385 4965 multoque
407 4882 442 4942 sit
461 4880 589 4941 satellitio
612 4881 731 4959 cinctus,
745 4904 831 4963 neque
881 4886 988 4964 φωνήν·
1004 4885 1042 4964 μὴ
1058 4887 1175 4946 ἐντεῦθέν
1191 4912 1236 4964 μοι
1255 4888 1300 4947 τὸν
1314 4890 1438 4972 ἄρχοντα
1449 4919 1521 4976 χαρα

110 4983 255 5070 ΜΝ
269 4992 296 5041 et
311 4995 404 5039 mm
424 4972 644 5056 preconistnolo
657 4973 725 5033 mihi
741 4974 828 5055 magi·
881 4979 941 5038 ἀλλ’
968 4979 1022 5039 ἀπὸ
1054 4981 1102 5050 τῆς
1127 4982 1315 5051 καταστάσεως
1342 4989 1392 5057 τῆς
1422 4987 1496 5048 κατὰ

150 5226 154 5236 ·
172 5198 340 5259 θύματα
348 5192 406 5247 tls.
418 5191 478 5261 hep.
491 5189 563 5254 ¹97⁴,
573 5198 599 5239 et
610 5183 683 5240 Colb.
697 5188 771 5239 3058·
931 5194 941 5213 ⁶
955 5188 1054 5258 [Sauil.
1069 5193 1134 5258 conj.
1147 5196 1226 5258 aare]
