3810 6000
153 428 228 518 684
484 448 513 496 s.
541 448 683 496 scaurus
707 445 890 496 cnarsosr.
919 443 1077 494 rucuma.
1105 442 1377 493 cousraurruoa.

153 571 820 646 babuit.‘l’antumeninabeoaberat‚utmoerore
829 591 871 629 ca·
888 576 908 624 B
926 593 997 638 ναις·
1019 572 1182 652 παρακαλῶν
1195 567 1284 628 τοίνυν
1307 570 1463 647 μνησθῆναι
1486 567 1588 633 αὐτῶν

154 679 272 748 peretur,
284 656 476 725 utiliisetiam
484 663 624 722 moestitias
635 664 789 724 discuteret.
802 664 872 721 Nam
929 660 1057 740 βασιλέα,
1071 662 1118 720 καί
1137 669 1229 720 πεῖσαι
1243 663 1349 741 ἀφεῖναι
1364 657 1444 718 coeo
1460 659 1515 717 τῶν
1529 660 1588 718 δεον

156 755 872 836 curnillicquosdamperturbatosacmoerorealfeetos
928 751 1138 831 ἀναγκαζόμενος
1151 751 1197 812 καὶ
1219 750 1268 824 τὴν
1292 750 1380 811 αἰτίαν
1398 753 1497 822 εἰπεῖν,
1520 747 1588 822 tte

157 848 285 923 vidisset,
299 847 334 906 ad
347 868 392 906 eos
407 847 507 922 statim,
529 860 560 905 ut
570 867 678 906 causam
698 846 872 926 intelligeret,
928 843 1026 917 ὅλητο,
1040 842 1110 904 ὥστε
1131 849 1252 904 κάκεῖνον
1267 843 1312 902 τδν
1334 842 1403 923 ὑπὲρ
1418 843 1502 902 αιίτῶ
1519 840 1588 919 δαίμ

155 940 275 1000 accessit.
288 936 414 1018 Cumque
432 938 589 1020 hujusmodi
601 937 830 1020 perturbationem
856 957 872 996 a
928 935 1069 1017 πρόσωπον
1080 936 1152 1016 ἔχειν
1162 934 1351 1015 πρδρασιντῆς
1362 932 1432 1014 ὑπὲρ
1443 934 1528 991 αιίτῶ
1537 955 1588 999 συν

154 1029 319 1110 quibusdam
334 1030 447 1090 somniis
456 1031 603 1111 prolectam
617 1051 674 1090 esse
691 1030 871 1112 cognovisset,
928 1026 1029 1093 οὐδενὸς
1041 1025 1220 1104 ἐμνημόνευσε
1233 1029 1286 1084 τῶν
1304 1024 1489 1096 ἠδικτμότων,
1504 1024 1568 1083 ἀλλ’
1585 1052 1588 1076 ι

155 1121 260 1181 somnia
278 1120 325 1182 illa
347 1122 441 1182 solvit.
459 1127 499 1181 Ae
514 1135 604 1202 postea
621 1143 683 1181 cum
705 1142 759 1181 uno
779 1141 872 1180 eorum
928 1117 972 1186 ξας
985 1119 1076 1178 ἑαυτὸν
1087 1123 1139 1178 τῶν
1153 1117 1329 1199 ἐγκλημάτων
1339 1116 1405 1190 ἔστη
1417 1116 1502 1197 μέχρι
1515 1114 1588 1176 emim

156 1233 247 1292 agens,
263 1227 293 1272 ut
309 1235 358 1294 pro
379 1235 428 1274 sua
445 1213 606 1273 liberatione
625 1213 709 1275 verba
725 1212 762 1273 ad
781 1232 872 1293 regem
882 1260 919 1300 ω,
928 1210 974 1269 καὶ
987 1214 1016 1270 οὗ
1040 1211 1187 1291 προσέθηκε
1208 1209 1266 1276 robe
1279 1212 1316 1276 εἰς
1337 1209 1418 1269 αὐτὸν
1432 1210 1588 1286 πεπλημμε

156 1305 254 1365 faceret
270 1329 277 1363 :
292 1326 354 1365 nam
374 1306 424 1365 etsi
442 1305 519 1365 fortis
538 1318 619 1384 atque
639 1304 815 1364 admirandus
829 1303 874 1363 vir
890 1319 910 1362 Α
929 1300 1221 1383 ΚαλγδρἘγὼ,ρησὶ,
1233 1304 1319 1381 κλοπῇ
1330 1297 1588 1378 έκλάπηνέκγῇςἹ

157 1410 213 1455 erat
219 1441 229 1474 ,
243 1410 272 1456 at
288 1397 370 1457 bomo
388 1411 477 1457 tamen
498 1410 566 1474 erat,
588 1416 638 1456 nec
657 1397 685 1455 in
705 1395 805 1456 catenis
818 1395 875 1455 illis
929 1393 975 1453 καὶ
987 1385 1039 1453 ὧδε
1051 1397 1099 1454 οὐκ
1110 1394 1223 1465 ἐποίησα
1241 1391 1325 1468 οὐδέν,
1345 1393 1392 1452 καὶ
1415 1391 1548 1452 oleato
1558 1415 1588 1471 με

157 1489 343 1549 contabescere
355 1489 480 1570 cupiebat
488 1512 497 1566 ;
512 1509 574 1547 cum
587 1509 628 1563 eo,
643 1488 765 1566 inquam,
778 1508 871 1568 agens,
928 1486 1027 1546 λάκκον
1040 1493 1141 1546 τοῦτον.
1167 1486 1221 1545 Καὶ
1240 1483 1310 1552 τίνος
1329 1483 1420 1543 ἕνεκεν
1434 1487 1466 1543 οὐ
1479 1484 1588 1562 λέγεις·Ι

157 1594 189 1639 ut
208 1581 250 1641 sui
264 1580 338 1663 apud
361 1601 451 1662 regem
464 1602 568 1641 memor
578 1593 654 1654 esset,
669 1582 758 1660 eique,
771 1593 802 1638 ut
817 1601 874 1640 sec
929 1602 987 1653 νην,
999 1578 1047 1652 τὴν
1062 1578 1220 1659 μοιχαλίδα,
1238 1576 1298 1644 τοὺς
1313 1575 1588 1655 ἀδελφοκτόνοος,τδ

157 1672 276 1732 vinculis
287 1673 428 1748 emitteret,
438 1673 622 1755 persuaderet,
635 1687 796 1753 coactusque
809 1693 873 1732 cau·
929 1670 978 1742 τὴν
996 1680 1104 1750 πρᾶσιν,
1128 1670 1176 1742 τὴν
1192 1668 1289 1748 μανίαν
1301 1673 1350 1741 τῆς
1367 1666 1530 1741 δεσποίνης,
1545 1666 1588 1741 τὴν

156 1785 214 1822 sam
227 1785 386 1840 memorare,
398 1766 434 1824 ob
447 1787 528 1844 quarn
542 1766 571 1826 in
585 1786 717 1825 carcerem
736 1765 873 1846 conjectus
928 1762 976 1836 vlu
1002 1762 1156 1836 ἀκολασίαν,
1183 1761 1219 1821 ed
1243 1761 1349 1833 δίκτυα,
1369 1760 1407 1820 τὰ
1428 1759 1588 1841 μηχανήμα

156 1857 326 1936 fuerat3quo
345 1856 471 1917 videlicet
491 1859 582 1938 isqui
602 1879 652 1941 pro
670 1880 699 1919 se
716 1855 874 1938 deprecare·
929 1854 1114 1934 συκοφαντίαν,
1137 1853 1187 1926 τὴν
1213 1854 1303 1912 ἄδικον
1327 1851 1429 1931 κρίσιν,
1451 1851 1499 1910 τδν
1522 1854 1588 1933 διιρί

156 1962 212 2021 tur,
232 1951 380 2030 speciosam
402 1952 520 2032 suscepti
539 1951 583 2010 sui
603 1949 747 2033 patrocinii
765 1969 873 2008 causam
930 1945 1068 2018 δικαστὴν,
1088 1943 1137 2017 τὴν
1157 1943 1310 2023 παράνομον
1333 1943 1484 2023 ἀπόφασιν,
1499 1942 1551 2015 τὴν
1563 1966 1588 2003 ιι

156 2041 282 2102 baberet:
299 2042 403 2104 nullius
415 2064 546 2120 eorum,a
562 2044 661 2124 quibus
680 2044 760 2104 laesus
777 2043 874 2118 luerat,
929 2039 978 2112 rip
988 2041 1034 2099 οὐκ
1048 2039 1159 2118 ἔχουσαν
1172 2035 1320 2117 λόγονςδιδι
1331 2035 1358 2094 τί
1375 2041 1465 2096 ταῦτα
1488 2046 1588 2114 esque:

157 2133 318 2195 mentionem
331 2135 394 2196 fecit
412 2160 419 2194 ι
436 2158 533 2197 verum
546 2158 608 2196 cum
622 2158 651 2197 se
664 2137 824 2197 criminibus
836 2133 873 2192 li·
929 2128 1095 2204 πτειςςὍτι
1118 2138 1291 2216 μνησιμακεῑν
1304 2131 1353 2187 οὐκ
1373 2118 1452 2200 οἶδα,
1468 2126 1566 2207 φησίν·
1584 2136 1588 2184 ι’

157 2225 285 2301 berasset,
299 2226 342 2286 bis
362 2225 465 2288 linibus
483 2250 512 2288 se
527 2228 623 2304 tenuit,
638 2250 688 2290 nec
708 2251 764 2309 eos,
778 2253 795 2291 a
807 2235 872 2313 qui·
928 2230 1011 2285 ταῦτα
1029 2221 1152 2304 στέφανον
1174 2221 1220 2281 xul
1235 2220 1363 2304 βραὸἒῑαι
1380 2219 1430 2280 καὶ
1445 2219 1588 2297 insimul

27 2337 62 2365 en·
110 2352 114 2362 ·
154 2317 209 2377 'bus
225 2317 354 2400 iujuriam
378 2335 524 2401 acceperat,
543 2321 680 2402 adjunxit.
699 2325 765 2406 Ego
791 2327 873 2404 euim,
929 2315 1059 2383 ὓπόθῑσις·

40 2422 44 2432 ·
157 2410 254 2490 inquit,
257 2413 370 2494 furtim
380 2414 516 2488 sublatus
527 2435 592 2474 sum
607 2416 644 2473 de
657 2428 736 2476 terra
749 2419 874 2480 Hebrae-

156 2524 250 2577 orum,
268 2517 296 2564 et
311 2507 360 2566 lu'c
373 2505 458 2566 nullo
476 2507 584 2566 scelere
601 2521 768 2589 perpetrato
783 2515 815 2569 in
828 2514 873 2573 ἱα-

156 2614 222 2654 crem
236 2600 360 2678 injectus
373 2618 448 2657 sum.
462 2597 569 2678 Ecquid
581 2613 671 2659 autem
684 2614 755 2661 taces
764 2600 799 2662 de
812 2625 874 2664 me-

152 2686 260 2764 retrice,
274 2687 310 2748 de
326 2688 460 2765 adultera,
477 2688 512 2749 de
527 2689 683 2766 fratricidis,
702 2691 737 2752 de
759 2694 873 2772 invidia,

155 2777 190 2837 de
210 2778 377 2856 venditione,
396 2780 431 2840 de
451 2781 522 2841 berae
542 2783 643 2861 furore,
659 2783 695 2844 de
709 2785 823 2868 impetu,
838 2786 874 2847 dc

155 2869 281 2949 libidine,
294 2871 330 2931 de
342 2872 454 2950 laqueis,
467 2871 502 2932 de
519 2875 664 2952 machinis,
674 2875 709 2937 de
727 2879 873 2955 calumnia,

154 2961 191 3021 de
204 2958 296 3041 iniquo
306 2962 421 3046 judicio,
431 2962 467 3024 de
482 2976 609 3046 corrupto
616 2966 718 3048 judice,
727 2968 764 3028 de
774 2971 872 3029 nefaria

156 3052 299 3128 sententia,
320 3053 355 3114 de
372 3053 591 3116 condemnatione
614 3058 650 3118 ab
674 3059 748 3119 omni
770 3061 873 3121 ratione

156 3142 262 3204 aliena?
273 3142 370 3229 ecquid
388 3145 446 3206 bec
458 3145 521 3206 siles
538 3159 565 3206 et
576 3148 713 3209 occultas?
723 3151 869 3231 Quoniam,

156 3235 253 3316 inquit,
268 3236 429 3319 injuriarum
451 3238 608 3300 memoriam
627 3241 742 3302 retinere
764 3245 869 3322 nescio,

156 3329 220 3406 quia
231 3328 287 3390 lucc
299 3329 368 3388 mihi
380 3345 562 3391 coronae-sunt
573 3345 600 3390 et
614 3333 735 3414 praemia,
746 3335 870 3418 majoris·

150 3422 287 3501 quelucn'
302 3423 413 3489 occasio.
654 3498 660 3505 .

203 3516 251 3577 tt.
276 3515 362 3578 Vides
387 3516 509 3578 animum
530 3519 771 3602 philosophicum?¹
795 3523 908 3596 vidcsss
967 3508 1044 3587 alte<
1057 3518 1145 3601 ψυχὴν
1159 3507 1394 3599 φιλόσοφονςείδες
1416 3519 1469 3589 τῇς
1491 3521 1588 3599 δρηῇςιι

155 3629 254 3687 purum
274 3608 310 3668 ab
327 3609 376 3684 ira,
388 3631 419 3671 ac
441 3610 522 3670 rebus
540 3611 663 3672 adversis
676 3628 757 3692 atque
769 3616 872 3675 retibus
928 3613 973 3672 καὶ
986 3618 1039 3672 τῶν
1052 3611 1162 3672 δικτύων
1178 3612 1359 3692 ὑψηλοτέραν,
1375 3601 1445 3678 ε’ίδες
1460 3613 1588 3690 συναλγαλ

154 3699 359 3761 sublimiorem?
373 3701 451 3763 vides
463 3724 556 3762 eorum
570 3704 672 3784 potius,
684 3726 700 3764 a
711 3706 809 3786 quibus
820 3708 872 3768 lae-
927 3705 1068 3778 ἠδικηκόσι
1081 3706 1180 3783 μᾶλλον
1194 3702 1212 3775 ἢ
1225 3707 1457 3781 μνηῦῐωθῧνταί
1474 3698 1588 3781 ”mil

156 3812 202 3849 sus
222 3793 317 3865 luerat,
336 3794 425 3853 vicem
445 3794 589 3869 dolentem,
608 3817 689 3875 quam
711 3797 872 3879 injuriarum
927 3796 987 3865 τοὺς
1001 3795 1126 3876 ἀδελφοὺς
1147 3799 1183 3861 εἰς
1200 3795 1279 3872 μέσον
1302 3795 1453 3873 έναγαγεῖν,
1479 3791 1588 3872 painel

157 3883 402 3941 memorcmi'Nam
414 3904 447 3941 ne
457 3884 621 3957 fratres,aut
634 3886 786 3946 carnificem
796 3888 871 3949 illam
928 3888 1004 3968 ὅόρον
1032 3887 1143 3959 ἐκείνην,
1179 3888 1292 3964 Κλοπῇ,
1317 3884 1409 3964 φησὶν,
1443 3886 1562 3958 ἐκλαίπην

157 3971 184 4030 in
199 3972 319 4032 medium
333 3974 472 4054 proferret,
487 3977 614 4048 Furtim,
627 3975 724 4055 inquit,
738 3981 872 4041 sublatus
927 3981 1071 4062 Ἑὸραίων,
1085 3980 1130 4039 καὶ
1143 3970 1194 4038 ὧδε
1208 3982 1255 4038 αἰκ
1267 3977 1382 4050 ἐποίησα
1403 3979 1490 4039 οὐδέν.
1513 3976 1564 4037 Καὶ
1581 3996 1588 4034 ι

157 4084 221 4123 sum
235 4067 272 4124 de
285 4078 364 4125 terra
376 4069 576 4144 Hebraeorum,
586 4081 616 4127 et
628 4070 677 4128 ln'c
689 4071 767 4131 nibil
779 4076 872 4134 scele-
927 4072 1070 4154 superciaco
1094 4072 1240 4150 μέμνηται,
1265 4069 1323 4130 οὔδδ
1347 4075 1395 4131 τοῦ
1421 4071 1538 4144 λάκκον,
1561 4067 1588 4128 el

157 4159 199 4216 ris
213 4161 392 4237 perpetravi·
401 4159 458 4217 Nec
477 4180 590 4237 usquam
605 4181 724 4240 persona
738 4165 870 4241 meminit,
926 4168 1116 4245 Ἰσμαηλιτῶν,
1135 4164 1194 4223 οὐδὲ
1208 4163 1288 4222 ἄλλου
1301 4162 1382 4230 τινός.
1394 4163 1468 4223 Ἀλλ’
1482 4164 1553 4240 ὅμως
1568 4158 1588 4220 ri

157 4268 207 4309 nec
215 4248 302 4327 lacus,
313 4271 363 4309 nec
375 4249 583 4327 Ismaelitarum,
594 4273 643 4311 nec
653 4255 812 4334 cujusquam
827 4258 871 4318 al·
927 4267 1011 4319 ταῦτα
1025 4257 1103 4318 αὐτὸν
1115 4259 1189 4335 οὒχδ
1200 4251 1287 4335 τυχὼν
1294 4254 1426 4324 διεδέξατο
1435 4251 1588 4334 πειρασμίτ.

157 4341 240 4400 terius
254 4341 301 4402 rei.
320 4341 355 4400 Et
373 4355 460 4401 tamen
481 4356 573 4423 postea
594 4365 647 4402 nou
668 4346 790 4426 vulgaris
810 4371 872 4409 eum
927 4349 1056 4422 rosade-qe
1072 4350 1134 4426 παρ’
1157 4348 1237 4406 αὐτοῦ
1250 4346 1448 4427 παρακλήσεως
1467 4345 1588 4427 wib*

156 4435 267 4494 tentatio
277 4433 392 4514 excepit.
404 4437 430 4494 ls
441 4435 513 4494 enim
523 4436 570 4515 qui
581 4450 683 4495 tantam
694 4438 729 4496 ab
738 4459 770 4497 eo
780 4461 870 4502 conso
889 4465 908 4512 c
928 4443 1032 4521 δεσμῶν
1045 4440 1114 4500 κατὰ
1126 4438 1175 4512 τὴν
1184 4438 1276 4498 τούτου
1289 4438 1440 4519 πρόρρησιν
1451 4435 1588 4518 ἐλευθερνιί

155 4525 282 4586 lationem
292 4539 440 4608 acceperat,
447 4540 527 4606 atque
532 4528 611 4607 juxta
621 4527 706 4608 ipsius
715 4529 872 4593 vaticinium
927 4535 971 4594 ἐπὶ
985 4533 1033 4606 τὴν
1049 4531 1179 4614 προτέραν
1200 4529 1357 4600 ἀνακληθεὶς
1377 4530 1473 4608 τιμὴν,
1486 4536 1535 4602 τῆς
1552 4530 1588 4588 eir

157 4618 272 4678 vinculis
287 4618 425 4693 liberatus,
437 4632 462 4677 et
483 4619 510 4678 in
529 4619 674 4700 pristinum
686 4619 796 4681 honoris
810 4645 872 4703 gra·
928 4627 1079 4694 ἐπελάθετο,
1091 4624 1136 4684 >ecl
1151 4626 1199 4694 τῇς
1213 4628 1259 4680 τοῦ
1279 4621 1383 4682 δικαίου
1396 4621 1544 4697 ἱκετηρίας.
1554 4621 1588 4681 K·

155 4711 221 4770 dum
237 4711 374 4771 restitutus
389 4711 486 4787 luerat,
501 4725 527 4771 et
537 4712 660 4771 beneficii
675 4727 700 4772 ct
711 4717 872 4794 precationis
926 4719 1028 4790 οἰκέτης
1047 4719 1074 4776 έν
1091 4718 1240 4795 βασιλικαῖς
1267 4705 1300 4786 ἦν
1315 4715 1409 4782 αὐλαῖς
1434 4715 1538 4783 πολλῆς
1557 4713 1588 4771 έῐ

156 4805 209 4864 viri
219 4804 288 4885 justi
298 4803 455 4863 memoriam
464 4804 569 4885 abjecit.
583 4808 623 4863 Ac
634 4807 752 4867 lamulus
761 4810 872 4887 quidem
926 4809 1083 4889 εὐημερίας·
1100 4806 1155 4866 δδδ
1179 4807 1245 4884 ὑπὲρ
1268 4807 1313 4865 τὸν
1336 4803 1414 4876 ἥλιον
1428 4805 1555 4883 λάμπων,
1568 4823 1588 4861 κ

156 4895 183 4955 in
206 4896 280 4975 regia
307 4894 369 4953 aula
397 4908 452 4953 erat
477 4895 579 4975 ingenti
604 4896 732 4957 felicitate
755 4900 870 4961 fruens:
925 4901 1036 4982 ραιδρδις
1056 4899 1141 4979 ἀφιεὶς
1155 4902 1203 4969 τῆς
1217 4900 1312 4975 ἀρετῆς
1324 4895 1376 4963 τὰς
1389 4899 1516 4970 ἀκτῖνας,
1531 4894 1588 4955 in·

156 4989 179 5047 is
199 5001 288 5046 autem
305 4987 351 5066 qui
370 4986 453 5045 solem
466 4986 607 5068 splendore
624 4990 778 5069 superabat,
792 5006 872 5072 atque
923 4994 1014 5072 τήριον
1028 4990 1107 5072 ᾤκει,
1122 4990 1168 5049 καί
1182 4989 1264 5058 οὐδεὶς
1277 4980 1310 5061 ἦν
1323 4992 1339 5046 ὁ
1353 4989 1566 5067 ἀναμιμνήσκων
1579 5006 1588 5042 ι

155 5078 221 5139 adeo
233 5079 319 5140 claros
332 5099 364 5137 ac
377 5078 489 5159 nitentes
499 5079 609 5140 virtutis
621 5080 711 5141 radios
722 5083 870 5160 emittebat,
924 5085 1008 5146 σιλέα.
1024 5084 1125 5164 Ἐχρῆν
1136 5082 1187 5161 γὰρ
1197 5085 1269 5163 αὐτῷ
1279 5079 1387 5147 πλείους
1398 5084 1536 5152 alexim
1546 5097 1588 5138 m

154 5192 287 5232 carcerem
309 5163 399 5230 adbuc
416 5171 565 5246 habitabat,
581 5192 628 5232 nec
651 5173 793 5254 quisquam
813 5192 870 5237 erat
923 5177 969 5237 καὶ
983 5176 1089 5255 μείζονα
1110 5176 1364 5256 παρασκευασθῆναι
1378 5173 1510 5252 βραδεῖα·
1525 5167 1588 5230 dria

153 5265 285 5346 quidceo
302 5253 869 5350 regemcommonefacerel.Siquldemplu-
923 5270 1042 5353 xpdrepot
1062 5273 1114 5328 τῶν
1142 5265 1245 5346 δρόμων
1272 5269 1296 5325 ol
1322 5264 1427 5325 δίαυλοι
1454 5263 1513 5326 τότε
1533 5258 1588 5336 buit
