3764 5992
140 388 187 458 58
464 406 493 452 s.
521 404 660 463 consuis
687 400 868 452 cunrsosr.
896 399 1053 450 tuentur.
1081 362 1350 450 cousraumuor.

141 534 229 614 majus
241 533 350 591 lucrum
367 528 418 589 crit
437 549 518 607 quarn
540 527 680 601 damnum,
693 527 772 608 plura
788 526 859 585 bona
912 535 979 585 πᾶσι
998 533 1053 592 τοῖς
1072 524 1245 603 συμὸαίνουσι
1260 524 1407 607 palpemus,
1425 523 1471 583 καὶ
1484 528 1688 606 εὖχαριπῶμεν

141 645 223 703 quam
236 623 308 682 mala
320 643 369 702 per
379 621 438 679 haec
450 619 532 681 verba
546 619 597 678 tibi
610 619 743 694 evenient,
752 617 819 676 dum
833 628 859 676 et
912 620 951 696 τῷ
966 616 1142 699 φιλανθρώπῳ
1162 619 1296 697 Θεῷ,ἵνα
1309 615 1410 676 καὶτὸν
1429 609 1550 697 παρόντα
1566 617 1626 692 μετ’
1640 620 1687 676 εὖ·

141 713 290 795 propitium
301 712 352 771 tibi
366 711 420 793 ipsi
431 712 521 770 Deum
533 709 641 786 reddes,
654 722 680 768 et
690 706 794 767 inimici
809 721 858 788 ty·
911 704 1002 774 κολίας
1023 706 1156 796 διάγωμεν
1173 705 1239 783 βίον,
1257 705 1303 765 καὶ
1322 710 1375 766 τῶν
1389 706 1538 784 μελλόννων
1552 706 1688 788 ἐπιτύχω-

142 805 283 865 renuidem
297 801 480 886 propulsabis.
498 801 588 862 Simul
602 799 861 877 enimatquevcrba
913 820 960 875 μιν
989 802 1110 878 ἀγαθῶν,
1132 796 1224 877 χάριτι
1244 795 1291 856 καὶ
1312 797 1495 879 φιλανθρωπία
1517 805 1564 858 τοῦ
1587 799 1687 879 Κυρίου

142 894 193 954 illa
204 895 298 975 lingua
310 892 435 975 protulit,
451 890 577 951 diabolus
598 890 737 950 confestim
754 888 860 948 absces-
910 893 988 967 ἡμῶν
1008 891 1096 961 Ἰησοῦ
1112 891 1242 968 Χριστοῦ,
1267 880 1290 968 ᾧ
1310 893 1327 960 ἡ
1350 888 1425 961 δόξα,
1440 889 1506 968 τιμὴ
1521 889 1568 948 uel
1590 890 1686 970 κράτος

142 983 248 1044 sitzillo
262 1005 342 1065 porro
355 980 522 1053 abscedente,
537 979 621 1040 nubes
631 977 859 1060 qucquetristitiae
911 981 1034 1060 πάντοτε,
1042 988 1087 1043 νῦν
1096 981 1141 1041 nul
1155 980 1206 1058 cet,
1219 979 1265 1041 uel
1277 984 1314 1049 εἰς
1328 979 1389 1050 τοὺς
1402 984 1499 1049 αἰῶνας
1508 984 1562 1041 τῶν
1571 981 1685 1042 αἰώνων.

141 1073 298 1150 discutitur,
311 1085 337 1132 et
348 1083 413 1131 'cum
432 1071 479 1131 illa
493 1070 614 1132 celeriter
624 1069 767 1150 aufugiunt
781 1069 860 1150 cogi·
912 1072 1004 1152 Ἀμήν.

141 1164 333 1242 tationes,’quae
344 1184 393 1223 nos
401 1162 544 1242 affligunt,
554 1183 586 1220 ac
596 1175 692 1242 praeter
703 1161 860 1220 haecomnia

142 1277 204 1316 cum
219 1255 303 1336 hujus
315 1254 379 1317 vite
393 1253 473 1326 bona,
483 1266 543 1312 tum
558 1252 606 1312 illa
621 1274 681 1331 quae
693 1273 741 1313 nos
756 1251 860 1312 incaelo

140 1359 260 1424 manent,
281 1345 372 1405 omnia
392 1343 571 1423 consequeris.
589 1342 756 1425 Exemplum
777 1342 860 1403 babes

141 1438 170 1497 in
183 1438 252 1500 Jobo
273 1437 454 1496 certissimum
473 1449 499 1495 et
519 1435 547 1494 iu
568 1435 708 1516 apostolis,
730 1435 777 1514 qui
797 1456 862 1494 cum

139 1542 250 1609 propter
264 1529 352 1587 Deum
374 1527 458 1609 hujus
481 1526 534 1588 teri
556 1526 627 1586 mala
648 1527 860 1604 contemsissem,

140 1633 237 1680 aeterna
250 1619 320 1679 bona
333 1632 396 1681 sunt
409 1619 553 1698 assequuti.
570 1619 715 1678 Pareamus
727 1618 821 1699 igitur,
834 1632 861 1679 et

141 1713 168 1772 in
182 1712 325 1788 omnibus,
339 1732 400 1790 quae
423 1710 561 1789 accidunt,
583 1710 761 1790 gaudeamus,
778 1711 859 1770 beni-

139 1825 245 1884 gnoque
267 1807 325 1865 Deo
349 1805 448 1883 gratias
470 1825 592 1884 agamus,
606 1816 638 1862 ut
656 1816 684 1862 et
700 1816 859 1884 praesentem

139 1896 224 1957 vitam
233 1917 296 1955 cum
303 1895 432 1955 facilitate
440 1894 626 1968 traducamus,
637 1906 663 1952 et
674 1892 774 1953 futuris
782 1892 862 1953 bonis

140 1987 295 2067 potiamur,
310 1987 397 2066 gratia
420 1999 446 2047 et
460 1985 626 2065 benignitate
649 1984 761 2044 Domini
776 1984 861 2044 nostri

139 2080 203 2138 lesu
226 2077 341 2152 Christi,
366 2075 410 2137 cui
431 2076 535 2156 gloria,
559 2077 693 2136 honoret
715 2074 861 2156 imperium

139 2190 255 2250 semper,
268 2188 341 2229 nunc
355 2182 381 2228 et
397 2168 427 2228 iu
443 2180 612 2249 perpetuum,
628 2179 653 2227 et
667 2166 694 2228 in
707 2166 862 2227 saeculasae·

140 2259 273 2355 culorum.
289 2261 385 2319 Amen.

422 2929 487 3002 AD
511 2927 741 3002 HOMILIAS
765 2928 816 3002 IN
840 2926 1119 3004 PRINCIPIUM
1145 2930 1390 3007 ACTORUM.

180 3161 266 3220 Hasce
280 3160 420 3220 conciones
442 3159 522 3240 longo
541 3160 684 3222 intervallo
703 3161 732 3222 in
746 3160 823 3243 prius
835 3158 926 3220 Editis
939 3171 1074 3239 separatas
1087 3172 1118 3217 ut
1131 3157 1297 3219 continenter
1318 3179 1467 3242 ponamus,
1485 3173 1511 3221 et
1525 3161 1608 3222 series
1624 3163 1684 3245 ipsa

141 3252 279 3333 temporis,
294 3265 320 3311 et
333 3251 485 3331 argumenti
496 3251 565 3311 ratio
577 3253 705 3332 postulat.
723 3254 793 3312 Cum
806 3252 904 3312 seriem
916 3249 1045 3331 temporis
1058 3249 1130 3327 dico,
1140 3272 1175 3311 ne
1187 3265 1265 3331 putes
1275 3272 1318 3311 me
1333 3252 1369 3311 ita
1384 3265 1492 3334 tempus
1504 3269 1684 3333 assequutum

140 3363 208 3421 esse,
225 3356 256 3403 ut
277 3363 378 3402 anuum
392 3341 437 3402 vel
459 3356 531 3402 certo
552 3355 678 3417 statuere,
695 3344 740 3404 vel
752 3341 942 3425 probabilibus
964 3340 1112 3401 admodum
1136 3343 1297 3424 conjecturis
1317 3343 1436 3404 indicare
1448 3345 1549 3425 possim
1558 3369 1569 3422 ;
1587 3346 1637 3407 sed
1648 3345 1685 3406 de

140 3435 208 3495 serie
221 3449 248 3517 et
260 3433 354 3494 ordine
364 3433 492 3514 temporis
504 3433 612 3511 loquor,
621 3456 701 3514 quem
715 3435 785 3494 iuter
794 3456 822 3494 se
830 3434 931 3494 habent
940 3431 1066 3492 Humilia
1076 3431 1110 3492 de
1122 3435 1249 3492 Actorum
1262 3433 1444 3516 inscriptione,
1456 3435 1494 3494 ita
1505 3450 1536 3495 ut
1546 3437 1686 3518 assignare

140 3527 168 3586 in
185 3541 294 3608 promtu
314 3525 366 3601 sit,
385 3546 446 3604 quae
467 3525 502 3584 sit
524 3525 624 3606 prima,
642 3548 702 3605 quae
715 3525 847 3602 mcunda,
859 3539 910 3585 etc.
926 3523 961 3584 Id
974 3545 1039 3584 vero
1051 3524 1122 3583 clare
1134 3524 1213 3585 docet
1227 3525 1284 3606 ipse
1296 3526 1504 3608 Chrysostomus
1514 3527 1585 3587 iufra
1597 3529 1626 3589 in
1639 3552 1683 3608 ea,

141 3638 221 3696 quam
235 3617 342 3677 tertiam
354 3615 450 3676 ordine
466 3617 602 3698 ponimus.
617 3618 660 3678 Ibi
674 3640 739 3679 uero
752 3638 828 3678 num.
841 3619 861 3677 2
872 3615 974 3696 legitur
986 3639 992 3673 :
1004 3617 1052 3675 Eo
1062 3617 1117 3692 fit,
1132 3629 1165 3676 ut
1175 3638 1241 3676 cum
1261 3618 1303 3677 ad
1315 3622 1525 3700 quartumjam
1538 3622 1617 3680 diem
1628 3645 1683 3681 ex-

138 3713 314 3788 positionem
319 3709 556 3789 produrerimus,
571 3712 693 3769 necdum
705 3706 805 3770 tamen
819 3729 910 3769 unam
922 3711 1139 3787 inscriptionem
1150 3712 1329 3788 potuerimus
1339 3714 1498 3789 praeterire,
1513 3713 1568 3770 sed
1585 3715 1685 3774 adbuc

108 3803 222 3862 tscirca
239 3800 324 3858 illam
344 3819 503 3859 versemur.
517 3800 552 3859 Et
572 3801 654 3882 paulo
674 3805 867 3883 posttltaque
883 3803 979 3885 primo
993 3801 1040 3859 die
1062 3819 1122 3858 non
1132 3820 1194 3860 esse
1217 3813 1323 3860 temere
1340 3805 1558 3881 pratereundas
1579 3809 1686 3865 inscri-

139 3894 254 3968 ptiones
265 3891 411 3965 dicebam,
425 3910 484 3970 quo
495 3904 622 3971 tempore
636 3894 757 3953 titulum
777 3895 863 3952 uobis
884 3890 917 3951 A
919 3893 1004 3951 ltaris
1019 3891 1087 3973 legi,
1099 3911 1136 3951 ac
1146 3891 1239 3951 Pauli
1263 3896 1440 3972 sapientiam
1453 3896 1568 3954 ostendi
1570 3940 1630 3959 .....
1647 3901 1686 3957 In

142 3981 197 4040 lroc
209 3980 293 4039 desiit
304 3982 397 4059 priori
408 3981 457 4039 die
467 3992 531 4039 tota
545 3982 681 4041 doctrina
690 3996 772 4063 :post
783 3984 867 4043 illam
882 3983 1009 4043 secundo
1023 3984 1082 4055 die,
1095 3985 1147 4063 qui
1158 3984 1227 4043 libri
1242 3995 1316 4043 essct
1327 3984 1408 4044 illius
1423 3999 1528 4045 auctor
1544 3993 1684 4066 quastu-

142 4093 218 4144 mus,
236 4084 263 4130 et
277 4075 441 4131 invenimus
457 4073 516 4131 Dei
527 4076 627 4152 gratia
645 4075 758 4133 Lucam
779 4075 991 4155 evangelistam
1002 4098 1012 4130 .-
1025 4076 1184 4156 multispue
1201 4075 1285 4136 uobis
1303 4077 1602 4142 demonstrationibus
1622 4105 1685 4143 rem

142 4169 174 4222 in
193 4167 354 4244 quastione
372 4167 500 4243 positam
517 4166 715 4243 probavimus.
728 4166 850 4233 ‚Demum
863 4163 962 4225 clarius
980 4165 1075 4246 paucis
1090 4165 1256 4248 interpositis
1267 4191 1274 4224 ε
1285 4170 1390 4228 Prima
1412 4173 1501 4250 igitur
1515 4174 1564 4232 die
1575 4175 1614 4233 de
1633 4179 1683 4234 in-

142 4257 310 4337 scriptione·
327 4256 456 4315 secunda
473 4276 543 4314 aero
556 4256 604 4314 die
614 4257 652 4315 de
672 4277 717 4330 eo,
733 4261 785 4338 qui
799 4258 908 4316 librum
925 4261 1041 4336 scripsit
1049 4281 1062 4328 ,·
1079 4262 1166 4317 tertia
1187 4261 1236 4318 die
1251 4261 1439 4320 disseruimus
1453 4265 1535 4342 apud
1556 4285 1616 4339 ens,
1633 4271 1685 4348 qui
1713 4276 1716 4282 '

143 4349 335 4419 aduenerant,
350 4348 386 4406 de
404 4350 489 4406 initio
500 4347 657 4427 Scriptura
669 4371 678 4404 .·
688 4361 717 4408 et
729 4350 907 4409 ostendimus
927 4350 999 4429 quid
1017 4353 1056 4409 sit
1073 4363 1184 4424 actum,
1199 4351 1272 4432 quid
1279 4354 1317 4411 sit
1328 4354 1513 4426 miraculum,
1526 4369 1555 4416 et
1564 4361 1639 4438 quid
1647 4363 1686 4419 sit

144 4443 338 4513 conuersatio,
350 4439 422 4520 quid
433 4442 548 4518 signum
565 4451 592 4498 et
601 4440 769 4521 prodigium
785 4461 821 4500 ac
835 4443 1073 4501 virtus...Hodie
1087 4445 1233 4524 reliquum
1247 4446 1444 4524 irueriptionis
1456 4455 1686 4528 operaepretium

143 4545 187 4592 est
200 4534 343 4603 dicamus,
358 4542 385 4590 et
402 4530 475 4611 quid
493 4530 638 4611 significet
656 4529 796 4612 Apostoli
812 4552 918 4591 nomen
937 4535 1134 4595 ostendamus.
1146 4535 1238 4596 Prima
1258 4533 1342 4614 igitur
1352 4534 1465 4596 bomilia
1479 4558 1510 4597 ea
1523 4553 1575 4616 est,
1592 4540 1621 4602 in
1631 4563 1685 4621 qur

143 4643 196 4682 non
209 4636 308 4682 temere
322 4617 519 4703 praetereundas
532 4641 588 4679 esse
597 4641 735 4682 sacrorum
745 4622 891 4682 Librorum
904 4623 1091 4707 inscriptiones
1099 4627 1188 4701 docet,
1204 4640 1230 4686 et
1243 4625 1278 4686 de
1287 4625 1460 4708 inscriptione
1472 4629 1586 4708 Altaris,
1601 4634 1685 4693 nimi-

143 4735 221 4791 rum,
234 4735 345 4773 rcuoro
356 4734 423 4786 uno,
435 4711 502 4792 agit.
523 4711 602 4770 Illam
615 4733 679 4774 vero
693 4713 887 4796 Chrysostomo
907 4713 977 4776 duce
999 4717 1116 4799 primam
1134 4717 1264 4778 locamus.
1290 4718 1442 4779 Secundam
1455 4719 1503 4780 ubi
1522 4721 1557 4782 de
1577 4738 1687 4784 auctore

144 4805 209 4864 libri
224 4810 353 4865 Actorum
365 4804 537 4882 edisserebat,
553 4819 579 4864 et
587 4804 691 4865 Lucam
704 4827 761 4867 esse
773 4805 985 4883 demonstrabat,
999 4809 1148 4890 reperimus
1160 4809 1287 4889 quidem3
1298 4809 1356 4882 sed,
1370 4810 1434 4884 heu,
1444 4813 1541 4872 misere
1551 4812 1685 4875 deforma-

144 4908 212 4973 tam,
227 4909 254 4954 et
274 4918 335 4956 cum
349 4897 449 4978 spuriis
463 4897 629 4957 immixtam.
642 4897 692 4958 Est
707 4919 802 4979 nempe
816 4898 935 4960 Humilia
948 4900 1087 4983 inscripta,
1101 4901 1161 4983 ncpl
1176 4903 1349 4984 ἀναλήψεως,
1365 4904 1401 4961 dc
1419 4903 1614 4967 Assumtr'one
1626 4909 1685 4969 sire

143 4987 304 5047 Asceusioue
317 4989 439 5068 Domini,
455 5005 482 5050 et
495 4991 688 5072 Chrysostomo
701 4989 838 5072 adscripta
848 5014 855 5048 t
865 4990 913 5052 ubi
926 5014 987 5072 quae
1000 4992 1089 5076 prima
1108 4994 1243 5072 feruntur,
1261 4994 1454 5077 Chrysostotno
1466 5012 1558 5058 nostro
1571 5000 1684 5081 indigna
1710 4982 1712 4987 Ι

144 5077 272 5139 videntur
284 5100 349 5139 csse.
366 5080 425 5140 Sub
439 5082 498 5142 bac
516 5080 683 5163 adjiciuntur
694 5081 759 5162 alia,
775 5103 836 5162 quae
849 5104 912 5143 cum
924 5082 1064 5165 prioribus
1076 5104 1129 5144 uon
1150 5083 1284 5145 cobaerere
1297 5085 1433 5166 videntur,
1447 5102 1474 5147 ct
1485 5089 1549 5150 licet
1562 5092 1682 5152 melioris

145 5185 213 5232 nota
234 5170 303 5249 siut,
322 5184 413 5231 utrum
437 5173 629 5255 Chrysostomo
642 5175 697 5236 sint
707 5173 884 5236 adscribenda
900 5196 951 5236 non
966 5174 1053 5234 ausim
1065 5174 1210 5236 affirmare.
1225 5176 1353 5256 Sequitur
1375 5191 1467 5259 postea
1480 5201 1543 5260 pars
1557 5181 1616 5262 illa,
1632 5183 1679 5243 ubi
