3764 5992
111 465 132 510 2
763 454 968 505 sononmo.

111 590 229 646 interim
242 604 387 646 immanes
403 584 442 644 de
453 584 523 644 aliis
536 585 622 643 relus
644 583 792 642 nausa.
805 580 886 639 Nam
905 600 1021 641 reverso
1033 600 1054 640 a
1067 581 1232 662 aegraque
1247 579 1305 643 ille
1317 583 1554 663 peregrinatione
1565 594 1646 662 patre

113 691 221 752 nostro,
244 680 439 737 necessarium
457 676 521 757 suit
539 680 640 734 omnia
653 693 891 745 commemorare
913 693 980 752 qua
997 675 1029 731 in
1046 676 1189 732 comitatu
1204 673 1386 749 audeant,
1403 694 1441 734 ac
1458 675 1568 732 deinde
1584 694 1646 733 curn

111 771 269 852 gentilibus
284 771 445 849 disputare,
460 782 494 828 ut
506 770 561 828 ltos
573 771 607 826 oi
621 767 806 826 calamitatis
820 765 863 824 erl
875 765 1025 823 meliorem
1037 765 1159 845 frugem
1174 779 1336 839 revocatos,
1359 768 1413 847 qui
1431 767 1546 825 deserto
1559 770 1647 846 genti·

113 865 188 924 bum
206 884 303 923 crore
316 882 380 923 sese
392 863 435 920 ad
447 882 500 921 nos
513 859 713 933 contulerant,
726 879 782 939 pro
796 857 883 916 uirili
893 856 1138 937 confirmamus
1148 876 1186 916 ee
1197 856 1377 930 menes,
1393 861 1515 938 quantis
1528 860 1646 916 tenebris

113 955 234 1016 liberati
247 957 418 1014 adtentum
429 954 524 1013 mern
533 955 672 1012 ueritatis
679 955 888 1011 mmnsent.
904 948 978 1007 Post
986 947 1153 1007 illarum
1161 948 1264 1009 uubis
1275 951 1378 1009 diebus
1390 962 1558 1024 martynum
1562 951 1646 1029 sesti·

116 1051 253 1109 vitatibus
258 1053 346 1129 potiti
352 1067 462 1120 sumus,
470 1067 563 1126 neque
572 1047 695 1123 tempori
702 1042 1004 1123 conveniensjur'sset‚
1014 1060 1067 1100 nos
1077 1043 1223 1122 quujuxta
1233 1055 1400 1119 martyrum
1409 1042 1546 1121 sepulcra
1551 1061 1647 1100 cersc-

113 1160 221 1213 remur,
233 1161 335 1199 earum
349 1138 550 1218 laudumque
564 1136 747 1210 martyribus
759 1136 903 1193 debentia
912 1145 1042 1193 exsortes
1050 1133 1206 1192 discedere¹
1216 1134 1360 1194 Successit
1372 1135 1420 1193 tis
1432 1154 1534 1193 rursus
1547 1134 1646 1192 celtor-

114 1236 188 1291 tatio
199 1232 241 1291 ad
248 1232 457 1292 abstinendum
468 1251 490 1288 a
496 1230 688 1310 praementis.
704 1227 780 1286 Gran
792 1229 871 1285 enim
882 1237 977 1286 tuan
985 1228 1163 1285 rusticum
1174 1230 1324 1286 naticnm
1334 1230 1368 1285 in
1382 1228 1481 1286 urbem
1493 1229 1648 1306 ingressam

113 1344 307 1395 eernaemtu,
322 1325 378 1382 boc
393 1321 462 1382 illos
475 1341 496 1380 a
509 1323 592 1381 nobis
604 1322 763 1381 &matos
775 1321 891 1378 datico
902 1322 1071 1378 censuimus
1088 1316 1288 1378 dimittendos.
1299 1319 1333 1378 ln
1343 1317 1389 1378 bis
1401 1317 1576 1378 concionibus
1587 1338 1648 1396 quas

114 1415 324 1498 Chrysostomus
340 1413 438 1475 ordine
456 1424 660 1487 comment,
671 1432 770 1493 agmen
787 1410 865 1470 duc't
886 1409 1006 1470 Humilia
1025 1409 1073 1471 illa
1095 1424 1157 1493 post
1175 1408 1295 1470 reditum
1316 1409 1454 1486 Flaviani,
1466 1431 1549 1488 quam
1568 1410 1594 1469 in
1607 1410 1648 1470 die

114 1521 206 1567 sanem
216 1506 326 1566 Pascbae
343 1505 466 1566 babitam
485 1503 631 1565 statuimus
647 1502 848 1566 inPraeiatione
867 1501 904 1562 ad
923 1506 1189 1582 qemrtumTcmum,
1204 1517 1232 1563 et
1246 1504 1274 1562 in
1288 1503 1392 1563 idonito
1405 1502 1442 1562 ad
1467 1503 1606 1563 Sermones
1623 1502 1648 1562 in

116 1604 224 1659 Annam
235 1599 316 1661 Tom.
330 1600 382 1672 lv,
396 1621 426 1681 p.
440 1600 510 1660 691.
524 1596 631 1659 Danda
641 1594 854 1679 disputadonem
866 1594 965 1656 babuit
976 1595 1188 1679 (brysostomus
1202 1610 1294 1656 uonna
1307 1595 1439 1667 Gentiles,
1453 1616 1489 1655 an
1505 1597 1534 1655 in
1548 1596 1649 1658 anerei

115 1691 242 1772 pluribus
255 1691 439 1766 concionibus,
452 1711 506 1752 non
520 1689 641 1751 dederat
651 1689 719 1772 ipse.
734 1690 890 1750 &mue
904 1700 999 1768 postea
1013 1704 1169 1772 martyrum
1183 1688 1351 1750 celebritates
1369 1689 1471 1749 mobis
1489 1690 1597 1748 dicitu.
1614 1691 1650 1749 Ac

115 1782 215 1844 deinde
227 1782 293 1862 quia*
303 1782 436 1865 populum
451 1782 649 1844 Andocbmnm
657 1779 770 1862 jurandi
781 1790 929 1852 mmm,
944 1780 1066 1860 repetitis
1077 1803 1127 1863 per
1140 1794 1226 1842 tutam
1239 1778 1479 1860 Quadragesimam
1493 1778 1651 1839 admonitio·

53 1900 58 1908 ’
116 1875 208 1950 nibus,
221 1875 258 1934 ab
270 1875 321 1934 hac
332 1897 417 1957 prava
430 1875 623 1936 oensuuudiue
636 1872 797 1942 abduxerat,
810 1870 864 1930 alia
876 1885 1036 1951 argomento
1050 1871 1190 1933 uaetanda
1202 1872 1330 1954 suscepit.
1345 1875 1451 1935 Verum
1464 1871 1528 1950 qruia
1544 1871 1654 1930 rustico·

118 1988 181 2026 mm
191 1967 273 2026 turba
285 1988 383 2047 magna
396 1967 425 2027 in
438 1967 535 2026 urbem
548 1966 705 2039 advenerat,
717 1976 748 2023 ut
761 1963 812 2024 bos
824 1962 916 2040 etiam,
925 1963 972 2042 qui
984 1964 1107 2045 pristinis
1117 1964 1292 2025 concionibus
1302 1984 1356 2023 non
1366 1963 1550 2038 interfuerant,
1559 1985 1575 2023 a
1584 1963 1654 2044 jura·

118 2058 218 2119 menda
226 2058 549 2139 abstemmet,pristinum
562 2071 656 2118 contra
672 2058 825 2138 juramenta
838 2069 1029 2135 argumentum
1039 2057 1157 2138 repetiit,
1172 2068 1198 2116 et
1211 2055 1365 2115 concionem
1377 2055 1448 2114 banc
1457 2055 1655 2115 babuitDomi·

115 2147 177 2209 nice
188 2154 238 2222 τῆς
248 2149 444 2229 ἐιηοωζοςάνης
457 2171 539 2228 quam
550 2148 722 2210 Dominicam
739 2169 796 2207 esse
805 2145 942 2209 Pedonis
955 2146 1023 2207 olim
1041 2169 1105 2208 mm
1115 2147 1292 2208 Tillemontio
1304 2158 1476 2228 putaveram,
1486 2168 1581 2207 rmum
1588 2166 1656 2206 nune

116 2237 1580 2323 adleonubihdisenundmpronnseccdo,qmdtbumimcemeielmlupimeaseillm
1600 2258 1657 2316 qna

86 2330 426 2394 ’neumnensini
445 2332 680 2414 precedit,qu0d
695 2331 821 2412 pluribus
840 2329 1009 2412 expendam
1025 2331 1053 2392 in
1071 2330 1281 2393 Praeiatiouead
1302 2333 1577 2411 quartum'l'omnm,
1593 2330 1656 2391 etin

116 2423 224 2487 “coito
232 2422 270 2484 ad
279 2423 422 2485 Smmona
432 2424 461 2483 iu
476 2427 584 2485 noem
600 2423 694 2483 codem
706 2424 804 2483 Temo.

154 2515 236 2576 illam
251 2514 337 2597 igitur
347 2515 502 2576 concionem
514 2515 665 2575 Dominice
677 2529 740 2575 ante
752 2513 942 2579 mmmmm
954 2518 991 2579 ad
1004 2519 1120 2580 msticos
1130 2519 1253 2578 habitam
1262 2518 1301 2579 sie
1312 2517 1418 2579 orditur
1430 2516 1655 2599 Chrysostomuse

115 2607 224 2688 aputu
237 2619 410 2669 sanctorum
424 2621 595 2683 martyrum
609 2611 724 2688 excepti
744 2611 815 2667 estis
830 2609 878 2669 bis
891 2615 1047 2691 preteritis
1067 2613 1171 2672 diebus
1186 2635 1195 2668 ε
1209 2612 1358 2693 spirituali
1372 2611 1543 2670 celebritate
1560 2610 1658 2691 repleti

115 2700 285 2761 exsultastis
299 2701 430 2760 honestis
452 2701 698 2759 exsultationibus
712 2725 722 2756 .·
737 2702 858 2760 uidistis
874 2717 978 2783 aperta
999 2704 1107 2776 latera,
1123 2714 1154 2763 et
1171 2705 1227 2764 ilia
1239 2707 1368 2776 concisa,
1387 2723 1520 2762 cruorem
1533 2703 1658 2782 maique

116 2786 306 2873 defluentem,
320 2790 455 2871 infinitas
473 2802 681 2850 tormentorum
703 2795 833 2870 species:
855 2794 1019 2854 humanam
1036 2797 1157 2855 vidistis
1178 2808 1317 2856 nateaarn
1338 2795 1576 2875 supernaturalia
1586 2815 1658 2875 proe·

118 2892 256 2953 stantem,
265 2894 294 2940 et
304 2901 428 2940 coronas
442 2885 587 2961 sanguine
599 2893 766 2959 contextas,
782 2883 926 2963 pulsastis
939 2887 1087 2960 choream,
1100 2891 1133 2945 in
1144 2907 1260 2946 cmnnn
1270 2900 1384 2968 partem
1395 2890 1524 2946 civitatis
1537 2887 1592 2945 boe
1605 2888 1655 2944 lur-

117 2985 199 3032 nesto
211 2972 286 3033 duce
306 2972 475 3048 (Flaviano)
492 2994 548 3035 cos
563 2977 780 3055 circumageroe
791 3000 804 3046 ,·
814 2976 869 3036 sed
881 2996 934 3037 nos
951 2987 981 3036 et
997 2981 1106 3037 inritos
1119 2979 1280 3060 infirmitas
1296 2980 1376 3038 domi
1390 2999 1507 3038 manere
1526 2980 1655 3058 cogebat.

119 3066 231 3125 Tamen
241 3069 297 3125 etsi
310 3087 371 3125 non
386 3068 585 3148 interfuimus,
600 3069 637 3126 de
647 3068 803 3148 volerptate
812 3072 1080 3149 participarimus:
1097 3075 1153 3130 etsi
1164 3070 1353 3131 de'concione
1366 3073 1498 3152 fructum
1512 3090 1573 3129 non
1584 3074 1658 3151 cepi-

116 3177 192 3236 mus,
207 3161 360 3217 vcbiscum
374 3171 474 3218 tamen
493 3159 629 3219 letitiam
647 3181 832 3221 communem
852 3163 1018 3221 babuimus.
1031 3162 1115 3222 Talis
1135 3175 1179 3223 est
1195 3167 1276 3223 enirn
1295 3167 1429 3223 caritatis
1443 3166 1508 3237 luis,
1523 3175 1573 3221 ete.
1584 3161 1659 3221 Hanc

115 3249 212 3330 ipsam,
231 3250 260 3309 ni
273 3249 364 3328 fallor,
380 3249 500 3332 corporis
514 3251 703 3333 aegritudinem
718 3254 747 3312 in
762 3253 814 3313 bae
826 3253 908 3313 aum
921 3253 1048 3313 concione
1065 3269 1257 3315 commemorat
1270 3256 1489 3337 chrysostomus.
1511 3255 1661 3333 Utramque

114 3340 199 3417 enim,
211 3341 280 3401 bane
293 3341 396 3401 scilicet
409 3341 582 3403 deParabola
596 3343 726 3405 debitoris
735 3343 829 3406 decem
843 3345 964 3405 millium
977 3346 1151 3424 talentorum,
1160 3362 1188 3408 et
1200 3348 1277 3408 illam
1287 3349 1323 3409 ad
1334 3348 1467 3422 Rusticus,
1479 3361 1542 3428 post
1551 3347 1660 3428 egritu-

115 3431 207 3492 dinem
221 3433 326 3493 habuit.
340 3435 411 3494 Utra
420 3455 486 3495 vero
496 3435 572 3516 prior
584 3435 679 3496 habita
687 3436 779 3512 suerit,
793 3438 852 3521 ipse
863 3437 1001 3498 declarare
1009 3438 1120 3500 ridetur
1132 3439 1210 3500 initio
1218 3441 1384 3520 hujusce,de
1395 3460 1449 3518 qua
1462 3460 1534 3498 nunc
1545 3440 1635 3519 agitur
1648 3463 1656 3497 :

115 3525 193 3586 illam
207 3526 310 3609 quippe
323 3527 362 3587 sic
375 3526 499 3588 orditur:
513 3529 606 3607 Quasi
618 3551 655 3587 ex
665 3528 830 3611 longinqua
835 3534 1071 3612 peregrinatione
1084 3534 1126 3590 ad
1137 3553 1193 3592 vos
1207 3554 1338 3593 reversus
1346 3552 1447 3604 essem,
1460 3534 1505 3589 ita
1517 3532 1662 3608 mejbcdie

115 3619 261 3700 affectum
273 3624 376 3680 sentio.
390 3620 457 3679 Hec
469 3641 533 3680 sane
542 3620 636 3698 verba,
652 3634 679 3679 et
689 3622 831 3700 complura
841 3642 902 3701 que
916 3636 1077 3700 sepiuntur,
1095 3623 1185 3704 primo
1198 3638 1260 3705 post
1278 3637 1462 3705 recuperatam
1478 3621 1660 3682 valetudinem

115 3710 257 3770 salutamis
269 3726 332 3773 sunt
346 3735 355 3790 3
370 3712 408 3773 ita
420 3727 451 3772 ut
464 3711 523 3773 baec
532 3712 624 3774 condo
635 3712 711 3772 baud
720 3712 981 3796 dubie'praecesserit
990 3737 1060 3792 eam,
1071 3739 1133 3797 que
1145 3717 1289 3778 Dominica
1300 3732 1361 3778 ante
1370 3715 1557 3778 decensionem
1568 3715 1660 3777 babita

115 3799 167 3858 init
180 3822 251 3860 anuo
262 3803 333 3880 58⁷,
348 3824 384 3862 an
397 3825 453 3864 ono
463 3819 564 3881 autem,
577 3827 611 3866 au
622 3805 749 3887 pluribus
761 3805 869 3881 diebus,
882 3805 1028 3870 incertum.

154 3891 342 3972 interpretatio
356 3893 454 3956 Latina
466 3909 507 3956 est
521 3897 594 3956 Petri
607 3897 709 3958 Nannii
723 3898 905 3980 Alcmariani,
918 3920 1001 3980 quiam
1012 3900 1137 3982 plurimis
1147 3902 1175 3962 in
1189 3903 1257 3965 locis
1269 3902 1470 3986 castigavimus.
