3764 5992
108 396 179 469 266
370 441 373 447 =
427 419 456 467 s.
484 417 624 468 tuturus
649 414 831 464 cunrsosr.
860 412 1017 463 ancurnr.
1044 410 1315 485 cousranrruuq.

105 555 252 622 quarentes
272 563 354 622 quam
373 555 403 602 ut
421 541 487 624 ipsae
501 562 592 623 operae
613 537 766 599 mercedem
779 557 824 596 oa·
876 535 937 596 Οὐκ
956 533 1146 617 ίπαισγιίνεταί
1164 559 1211 596 σον
1225 535 1538 617 γενίσθαιννμφσγωγάς.

62 709 85 757 ν.
104 633 402 787 teratu
415 633 568 784 atu
582 629 825 800 turea?
876 619 1540 800 protelarentur

394 771 400 783 .
719 766 725 779 ·
812 753 824 766 ·
964 762 973 792 5
1520 764 1528 778 ι

105 822 163 878 rite
170 748 292 898 regnupm
302 747 453 888 celerari,
463 829 490 874 et
501 746 675 875 hoeehmnie
684 814 826 896 adjicien·
877 810 952 890 λίγε,
968 814 1025 880 πῶς
1039 811 1151 892 δίναμαι
1173 815 1218 875 τδν
1237 813 1306 875 Θεὸν
1318 815 1407 887 ’ίδεῑνς
1429 811 1468 890 μὴ
1483 812 1531 892 γὰρ

105 923 155 971 tur
177 913 271 970 vobis.
294 912 336 970 Nc
356 909 443 986 dicas,
458 907 594 988 quomodo
616 910 704 967 Deum
732 904 827 966 videre
878 926 923 981 μοι
938 902 1027 984 φωνὴν
1040 901 1113 984 ἔχει,
1127 904 1173 964 καί
1184 905 1356 986 διαλιχῆναι
1368 905 1540 986 φανερῶς,ίνε

103 1001 288 1083 ροσνιιιιιθφιιί
297 1022 407 1082 possum
417 1001 585 1060 haherecum
598 1021 630 1059 eo
648 998 824 1078 colloquium,
877 993 959 1055 ελθιίιν
979 995 1120 1077 ἐρωτνίσως
1139 995 1269 1057 Ἀπίστοο
1291 1002 1377 1056 ταῦτα
1395 1000 1492 1078 ίωχης.
1521 1000 1540 1058 li

103 1105 130 1152 et
140 1093 306 1173 interrogare
316 1090 652 1152 eominusilnfidelishaec
664 1089 749 1151 verha
759 1102 824 1149 sunt
876 1083 953 1154 ὄξίως
965 1086 1012 1145 καί
1024 1087 1108 1168 χωρίς
1126 1092 1214 1169 φωνῆς
1226 1087 1330 1163 πάντα,
1345 1087 1396 1149 ὅσα
1415 1087 1448 1148 ἂν
1468 1089 1540 1169 θελῃ1

101 1183 207 1243 animae.
223 1187 313 1244 Potest
331 1184 402 1243 enim
418 1184 528 1242 Ιλειιιοι
541 1182 642 1261 absque
655 1201 725 1243 vooe
740 1178 822 1262 quid-
875 1199 919 1235 ται
939 1177 1143 1247 κατασκευάζειν
1163 1179 1275 1248 θΘεάς·
1298 1179 1361 1254 ddi
1380 1181 1429 1240 καί
1442 1179 1540 1242 inlecti

103 1275 169 1354 quid
182 1275 243 1337 vult
255 1297 271 1336 e
286 1275 401 1356 vestigio
416 1275 560 1335 conficere:
570 1273 643 1353 quod
654 1272 701 1334 hie
715 1293 823 1354 quoque
874 1291 957 1347 γονεν.
969 1269 1040 1331 ortt
1054 1271 1105 1355 γάρ
1115 1272 1204 1353 φωνὴν
1215 1273 1339 1350 ἥκουσιν,
1354 1271 1414 1334 utet
1426 1273 1486 1354 ὄψιν
1498 1298 1540 1333 τιν

102 1367 203 1426 iactum
214 1380 263 1427 est.
271 1368 341 1426 Nam
349 1381 376 1426 et
385 1366 434 1426 iste
442 1387 491 1426 nee
502 1386 595 1427 vocem
608 1364 694 1424 ullam
704 1363 823 1439 audivit,
876 1361 935 1419 ἀλλ’
959 1360 1004 1421 ἐπὶ
1017 1367 1090 1443 πηγῇ
1105 1361 1188 1432 tau<
1197 1363 1295 1438 ηὔξατο
1301 1406 1312 1443 ,
1336 1363 1382 1425 καί
1395 1364 1498 1445 ταχέως
1509 1363 1540 1425 ίπ

101 1476 151 1519 nec
163 1457 295 1519 visionem
306 1458 388 1536 vidit,
401 1457 448 1518 sed
460 1457 497 1518 ad
512 1458 613 1517 t‘ontem
629 1470 703 1516 stans
712 1476 744 1516 ac
758 1477 822 1537 pre-
876 1450 999 1530 Ἐγίνετο
1024 1453 1076 1536 γὰρ
1100 1455 1162 1537 πρὶν
1185 1454 1204 1528 ἢ
1227 1455 1381 1518 σιιντιλίσσι
1407 1459 1535 1518 λαλοῦντα

1 1559 90 1616 ratus.
102 1562 186 1625 catus,
194 1550 332 1610 confestim
340 1549 397 1610 voti
411 1550 671 1630 composiaetusest.
688 1547 821 1623 Accidit,
837 1552 855 1598 B
875 1544 952 1624 φησί,
966 1542 1098 1606 Ῥεόίκκα
1112 1546 1278 1630 elemptim
1290 1553 1308 1621 ἡ
1325 1555 1453 1630 τεχθεῑσα
1467 1551 1540 1609 hele

102 1642 201 1721 inquit,
217 1654 249 1701 ut
257 1646 431 1722 priusquam
435 1641 534 1722 finem
549 1641 688 1721 loquendi
688 1641 819 1722 faceret,
874 1639 924 1717 υἱῷ
944 1638 1073 1718 Μελχᾶς,
1093 1637 1190 1718 ἔχουσα
1201 1638 1250 1714 ele
1265 1640 1358 1720 ὑδρίαν
1378 1641 1424 1701 ἐπὶ
1442 1645 1496 1701 τῶν
1514 1641 1540 1720 a,

102 1735 232 1792 Rebecca
240 1735 372 1814 prodiret
381 1747 499 1815 gestans
519 1733 659 1814 aqualem
671 1736 703 1791 in
717 1733 821 1792 hume-
874 1725 1042 1810 δίπαρθένσς
1064 1721 1097 1802 ἦν
1117 1729 1187 1804 καλὴ
1200 1736 1235 1812 τῇ
1250 1732 1309 1812 ὄψει
1327 1732 1447 1815 σφόδρα,
1461 1732 1540 1814 παρθί

101 1827 151 1900 ris,
157 1824 227 1903 filia
240 1825 555 1885 BathuelireMelelea
563 1827 721 1905 progeniti,
735 1827 821 1905 virgo
874 1818 942 1898 ἀνὴρ
964 1823 1012 1880 οὐκ
1027 1821 1198 1902 ἕγνωαῦτίν·
1228 1821 1323 1902 Τίμω
1343 1824 1429 1903 litat<
1441 1822 1540 1902 ehtde

100 1915 343 1996 eraldesormosa,
353 1919 439 1996 uirgo
450 1918 555 1976 etuiro
570 1919 730 1997 incognita.
746 1915 823 1988 Quid
874 1916 920 1972 τοῦ
933 1910 1069 1990 σώματοςς
1083 1911 1144 1974 Ἵνα
1161 1914 1248 1995 μάθφς
1260 1914 1309 1988 τὴν
1322 1914 1472 1997 θπερίσλὴν
1480 1920 1527 1988 τῆς
1538 1943 1540 1967 ι

100 2006 169 2065 mihi
178 2027 272 2068 narras
285 2005 518 2089 pulchritudinem
531 2007 652 2088 corporis
661 2007 676 2066 i
685 2009 724 2068 Ut
733 2005 822 2068 discas
874 2001 968 2079 σίνης,
988 2004 1031 2063 ίνα
1052 2004 1138 2086 μάθῃς
1155 2005 1186 2066 τδ
1197 2006 1333 2078 κάλλοςτδ
1343 2010 1371 2066 lv
1382 2011 1416 2088 τῇ
1427 2009 1511 2088 ψυχῇ.
1526 2011 1540 2069 ί

100 2098 233 2180 insignem
254 2100 313 2181 ejus
325 2099 495 2180 pudicitiam,
514 2114 544 2160 ut
558 2099 646 2160 discas
658 2098 743 2159 animi
757 2100 822 2182 pul·
874 2095 936 2156 στδν
955 2094 1002 2175 μὲν
1022 2095 1075 2180 γάρ
1089 2098 1120 2157 τδ
1137 2109 1294 2179 σωφρονεῖν·
1313 2101 1406 2180 πολλῷ
1421 2098 1451 2162 dl
1470 2106 1540 2180 θαομ

99 2190 292 2251 claritudinem.
308 2190 485 2273 suspicienda
508 2212 625 2270 namque
644 2211 686 2251 res
709 2204 749 2251 est
763 2191 821 2272 ipsa
876 2211 929 2269 ρον,
948 2189 1012 2248 ὅταν
1030 2192 1088 2266 μετ’
1108 2191 1252 2273 εὐμορφίας
1274 2198 1351 2252 τοῦτο
1364 2193 1482 2272 γίνηται.
1503 2195 1540 2253 hu

99 2282 242 2365 pudicitia,
255 2282 301 2344 sed
315 2285 402 2364 magis
412 2285 494 2344 etiam
510 2285 533 2345 si
548 2285 691 2365 conjuncta
708 2283 744 2344 sit
759 2305 821 2343 eum
873 2280 919 2340 καί
932 2279 1050 2362 περὶτοῦ
1064 2281 1165 2362 Ἰωσὴφ
1180 2283 1284 2360 μέλλων
1298 2288 1364 2362 ἡμᾶν
1381 2287 1540 2364 διηγείσθαιι

16 2389 86 2449 ³9-6·
99 2375 206 2458 egregia
223 2375 320 2458 specie.
336 2375 407 2436 Hine
422 2388 463 2436 est
479 2375 555 2455 quod
578 2375 613 2435 de
628 2374 729 2458 loseph
744 2375 821 2435 uobis
873 2370 972 2431 ίκιίνοο
993 2373 1180 2455 σωφροσύνης,
1207 2373 1335 2457 πράτιρον
1362 2374 1412 2448 τὴν
1436 2379 1540 2456 εθμορφί

99 2481 257 2528 narraturus
272 2468 383 2549 ejusque
393 2467 580 2549 temperantia,
593 2467 722 2548 praefatus
737 2479 778 2527 est
787 2465 822 2526 de
872 2463 996 2542 σώματος
1014 2465 1142 2538 τέθεικεν,
1162 2466 1259 2527 εἰπάν·
1280 2468 1370 2535 Καλδς
1389 2459 1422 2540 ἦν
1441 2470 1481 2547 τῷ
1496 2468 1540 2527 eur

99 2559 173 2619 tilius
187 2559 287 2620 eximia
299 2558 505 2641 pulchritudine
518 2557 647 2640 eorporis,
663 2557 821 2619 ᾶίοειιιίοι-
872 2557 968 2636 ὡραῖος
990 2559 1024 2636 τῇ
1048 2555 1107 2637 ὄψει
1126 2557 1244 2640 σφόδρα·
1260 2558 1306 2629 καί
1325 2558 1385 2618 πότι
1405 2559 1455 2632 τὴν
1479 2581 1540 2640 supp

98 2651 304 2727 mosumfuisse,
313 2664 476 2732 aspectuque
483 2664 591 2731 gratum
604 2663 632 2710 et
645 2649 672 2709 in
684 2650 743 2732 ipso
754 2650 822 2711 llore
837 2657 855 2704 θ
873 2647 953 2706 αὐτοῦ
976 2647 1123 2726 διηγήσατο
1145 2648 1263 2722 διικνθς,
1286 2649 1328 2710 δτι
1346 2651 1379 2712 τὸ
1398 2650 1496 2718 κᾶλλος
1517 2652 1540 2709 σί

97 2741 324 2822 pulchritudinis,
345 2754 427 2819 atque
446 2741 485 2800 ita
499 2740 610 2801 demum
630 2742 774 2823 subjunxit
786 2741 822 2802 de
873 2736 1013 2820 ἀσίλγειαν
1031 2742 1061 2800 οὐ
1078 2740 1239 2823 προήγαγεν.
1261 2740 1333 2802 Οιίτε
1348 2742 1401 2823 γάρ
1412 2743 1445 2803 τὸ
1462 2741 1540 2803 κάλλα

94 2832 205 2912 juvenis
216 2833 401 2914 temperantia,
416 2831 516 2892 docens
534 2832 608 2912 quod
621 2834 715 2893 formae
725 2832 821 2894 demre
871 2829 943 2899 νείας
962 2831 1055 2906 σίτων,
1080 2831 1140 2892 odra
1165 2837 1183 2905 ἡ
1204 2834 1324 2916 ἀμορφία
1342 2833 1513 2915 σωφροσύνης
1530 2857 1540 2893 ι

98 2924 199 2985 nonsit
216 2945 281 2985 tuus
295 2923 329 2984 ad
342 2924 491 2984 lasciviam.
511 2923 731 3006 Haudquaquam
748 2926 819 2986 enim
872 2922 976 2983 Παλλαλ
989 2923 1044 3004 γάρ
1055 2923 1136 2989 κατὰ,
1147 2923 1196 2997 τὴν
1209 2924 1282 3007 ιίιραν
1300 2931 1346 2986 τοῦ
1357 2925 1482 3005 σώματος
1493 2925 1540 3005 λάμ

98 3015 274 3098 pulchritudo
292 3016 462 3076 scortationis
473 3037 553 3076 causa
566 3038 671 3098 semper
684 3031 734 3088 est,
752 3018 821 3079 sicut
873 3014 997 3093 μειζόνως
1009 3016 1079 3077 κατὰ
1096 3014 1146 3090 τὴν
1159 3017 1329 3098 σωφροσύνην
1343 3017 1485 3100 ἔλαμψαν·
1497 3019 1540 3079 au

98 3129 148 3168 nee
156 3107 313 3168 deformitas
324 3108 504 3170 continentia.
514 3109 609 3169 Multa
619 3109 690 3169 enim
702 3111 821 3173 illustres
872 3109 914 3167 λιν
936 3108 1045 3190 αἰσχραί
1066 3109 1112 3170 καί
1133 3111 1260 3180 δυσειδεῑς
1272 3102 1365 3186 οὖσαι,
1389 3112 1540 3194 αίσχράτερι

97 3198 197 3279 insigni
211 3199 299 3279 specie
309 3199 428 3281 corporis
437 3199 597 3260 illustriores
612 3201 689 3261 t‘actae
699 3217 762 3262 sunt
773 3226 822 3286 per
872 3199 920 3274 riv
934 3200 1023 3282 ψυχὴν
1046 3201 1185 3282 ἐγίνοντο,
1202 3203 1309 3284 μυρίαις
1326 3208 1491 3286 ρυπωθιίσαι
1503 3227 1540 3277 πα

98 3289 342 3372 μυθίσίιίααιιοίίισ
355 3291 424 3352 faeie
437 3304 528 3374 turpes
541 3292 689 3375 turpiorem
702 3295 821 3356 animaru
872 3295 913 3353 Οὔ
936 3292 989 3375 γὰρ
1009 3298 1027 3366 ἡ
1050 3293 1127 3374 φύσις
1149 3302 1196 3373 soi
1219 3294 1357 3375 σώματος,
1382 3297 1443 3356 ἀλλ’
1462 3301 1540 3376 ἡπρι

98 3384 199 3466 stupris
235 3383 444 3445 sordidaverunt
476 3385 633 3446 innumeris.
668 3387 822 3468 Utrobique
871 3389 920 3457 θῆς
932 3388 1020 3468 hei<
1033 3385 1310 3448 καίτοίτοθκᾶκιίνω
1323 3387 1405 3448 αἰτία.

98 3497 177 3536 causa
196 3490 236 3537 est
259 3475 429 3559 propesitum
441 3476 535 3555 animi,
546 3498 600 3538 non
614 3490 711 3538 natura
725 3499 819 3562 corpo·

101 3590 150 3630 rus.
1475 3625 1479 3631 .

12 3699 39 3727 nr
53 3683 89 3727 uu
138 3663 168 3721 7.
187 3663 244 3722 Nec
268 3674 366 3722 temere
388 3682 448 3720 eam
472 3643 515 3722 his
535 3662 656 3745 appellat
678 3662 819 3746 virginem.
912 3666 975 3746 Οὐχ
1000 3667 1091 3734 ἁπλῶς
1114 3663 1142 3724 δὲ
1163 3663 1283 3747 δείτιρον
1307 3665 1389 3739 αὐτὴν
1409 3666 1537 3748 πσρθίνοι

10 3747 88 3850 tupr-
100 3751 169 3811 Cum
182 3753 317 3834 enimjam
330 3753 456 3831 dixisset,
470 3756 559 3835 Virgo
569 3767 644 3827 erat,
661 3755 819 3837 subjunxit:
875 3757 966 3818 Εἰπὼν
977 3757 1050 3840 γάρ,
1071 3757 1206 3838 Παρθίνος
1227 3750 1279 3832 ἦν,
1299 3758 1433 3840 θπιίγαγε·
1448 3759 1540 3843 Παρθί

37 3898 47 3919 ,
63 3822 90 3852 ’”
101 3844 189 3923 Virgo
204 3855 278 3916 erat,
295 3857 324 3903 et
337 3849 405 3904 viro
419 3848 578 3925 incognita.
597 3846 733 3918 Quoniam
747 3848 819 3908 enim
833 3865 853 3912 tt
872 3848 938 3930 ἀνὴρ
950 3853 998 3910 οὐκ
1010 3850 1078 3930 ἔγνω
1089 3849 1182 3922 αὐτήν.
1206 3849 1318 3922 Ἐπειδὴ
1329 3850 1383 3934 γὰρ
1395 3852 1494 3919 πολλαί
1507 3876 1540 3913 αι

99 3933 191 3993 multae
212 3934 331 4014 virgines
351 3957 448 4016 corpus
469 3936 657 4017 incorruptum
669 3952 817 4018 servantes,
870 3943 902 4004 τδ
920 3948 1000 4022 σῶμα
1025 3941 1180 4024 ἀδιάφθορον
1198 3946 1341 4024 τηροῦσαι,
1363 3940 1413 4015 τὴν
1432 3943 1523 4024 impie

98 4024 217 4085 animam
231 4025 331 4086 hahent
344 4026 451 4108 plenam
470 4027 686 4109 intemperantia,
697 4031 819 4111 sucisque
871 4033 1014 4105 ἀκολασίας
1028 4038 1173 4120 πληροῦσι,
1188 4034 1439 4113 καλλωπιζόμενοι,
1455 4034 1540 4117 μυρία

97 4118 205 4179 turham
215 4132 364 4179 amatorum
376 4119 523 4197 attrahunt,
534 4136 560 4180 et
571 4121 717 4183 inescantes
726 4126 818 4186 oculos
870 4127 981 4210 ταγόθιν
1006 4127 1190 4206 ἐπισπώμενοι
1213 4126 1339 4208 ἐραστὰς,
1360 4128 1407 4187 καί
1424 4127 1486 4196 roh<
1503 4130 1540 4188 εὔ

93 4212 227 4292 juvenum
239 4211 267 4270 in
278 4210 391 4271 insidias
400 4233 445 4271 eos
461 4211 583 4290 trahunt,
595 4227 676 4292 atque
687 4215 724 4276 ad
737 4217 818 4278 hara-
869 4217 1019 4301 δφθαλμοδς
1034 4221 1233 4299 άναπιεροῦσιν,
1248 4219 1355 4302 ίνίθρας
1366 4225 1481 4282 τιθεῖσαι
1501 4219 1540 4282 καί

96 4302 158 4361 thra
172 4301 479 4383 pelliciunt,†ostendeus
494 4305 667 4384 hiosesquod
687 4306 745 4368 haec
764 4330 816 4370 non
870 4319 937 4394 θρα,
960 4310 1062 4379 δεικνὺς
1077 4314 1222 4385 δΜωθσῆς
1240 4310 1282 4373 du
1295 4315 1343 4373 οὒκ
1362 4312 1432 4386 uhrah
1443 4313 1540 4376 τοιαάιι

96 4392 169 4470 talis,
183 4392 229 4452 sod
244 4394 403 4454 tam'auimo
416 4415 497 4474 quam
513 4417 624 4478 corpore
635 4397 714 4478 virgo
724 4399 816 4477 fuerit,
868 4404 1029 4486 ίκατίρωθιν
1046 4395 1079 4476 ἦν
1097 4402 1245 4486 παρθένος,
1268 4405 1322 4465 ert
1335 4429 1365 4465 τι
1384 4405 1525 4486 σώματος,

95 4483 178 4557 dixit,
196 4487 285 4567 Virgo
299 4498 373 4558 erut,
390 4498 418 4545 et
440 4490 506 4546 viro
524 4491 684 4570 incognita.
695 4490 816 4553 Tameui
867 4499 969 4578 ψυχῆς,
994 4495 1076 4578 φησί,
1095 4495 1230 4576 Παρθίνος
1248 4487 1299 4572 ἦν,
1322 4495 1390 4579 ἀνὴρ
1406 4497 1455 4558 cdx
1468 4496 1536 4579 ἔγνω

97 4576 196 4637 multas
210 4576 327 4636 hahebat
340 4577 501 4652 occasiones,
516 4600 566 4660 per
580 4602 647 4660 quas
660 4603 676 4642 a
688 4582 755 4643 viris
767 4606 815 4645 ee-
868 4589 963 4649 Καίτοι
984 4611 1016 4670 γε
1033 4586 1135 4657 πολλάς
1158 4578 1229 4669 alpes
1254 4588 1376 4670 άφσρμδς
1397 4593 1445 4650 τοῦ
1463 4613 1540 4672 γνωρ

95 4682 267 4748 gnosceretur
278 4693 284 4726 :
295 4669 413 4751 primum
425 4671 547 4751 eorporis
564 4674 812 4754 pulchritudinem,
868 4680 994 4763 ἀνδράσι·
1015 4684 1120 4760 πρῶτον
1134 4679 1192 4759 μίν,
1204 4680 1236 4741 τδ
1251 4680 1347 4751 κάλλος
1360 4686 1408 4742 τοῦ
1421 4678 1540 4762 σώματος

95 4758 194 4820 deinde
205 4760 317 4821 modum
331 4761 484 4835 ministerii,
495 4784 548 4841 quo
564 4766 688 4846 perfungi
699 4782 739 4829 est
748 4770 812 4829 soli-
828 4785 847 4833 t:
866 4796 941 4854 τερον
954 4773 997 4847 δὲ,
1017 4776 1093 4844 ὁτῆς
1109 4771 1243 4841 διακονίας
1256 4771 1362 4854 τρίπος.
1381 4774 1419 4834 El
1432 4771 1483 4852 ple
1492 4773 1540 4856 γδρ

96 4851 169 4911 tasi
181 4852 289 4912 enimin
304 4853 424 4912 thalamo
438 4853 584 4914 desedisset
597 4861 812 4938 perpetuo,sieut
865 4865 944 4946 λάμιρ
964 4865 1090 4939 διηνεκῶς
1109 4864 1243 4939 ἐκάθητο,
1262 4863 1383 4946 καθάπερ
1401 4867 1430 4925 ul
1443 4871 1490 4927 νῦν
1503 4891 1540 4928 πα

95 4942 177 5001 nostri
192 4944 514 5025 temporisvirgines,uec
526 4947 616 5006 t'orum
630 4947 754 5026 adiisset,
763 4973 813 5014 nee
864 4955 911 5016 καί
935 4956 1069 5035 μηδίποτι
1091 4958 1128 5025 εἰς
1144 4956 1248 5036 θγαρδν
1272 4955 1404 5034 utone,
1425 4957 1540 5036 μηδίίξ

93 5034 191 5094 exisset
206 5049 346 5116 paternam
356 5036 480 5113 domum,
490 5037 565 5096 nulla
577 5052 646 5098 esset
656 5040 726 5119 laus,
735 5042 759 5102 si
769 5043 812 5104 di·
865 5048 950 5108 σίκίαν
963 5047 1013 5121 τὴν
1030 5045 1168 5130 πατρῴαν,
1185 5047 1260 5109 οὖδίν
1272 5052 1396 5110 τοσάίιον
1412 5040 1446 5122 ἦν
1460 5051 1540 5133 είςίγ

94 5137 197 5184 erretur
219 5125 278 5184 viro
292 5125 436 5206 incognita.
454 5122 524 5186 Cium
537 5143 627 5188 autem
642 5130 734 5193 rideas
753 5157 812 5195 eam
864 5140 986 5219 λέγεσθαι
994 5138 1055 5220 πιρλ
1067 5140 1162 5215 αθτῆς,
1178 5138 1221 5201 dre
1231 5139 1357 5224 άνὴροθκ
1367 5141 1437 5223 ίγνω
1446 5142 1540 5217 αὐτήν.

93 5217 181 5276 surum
195 5230 295 5297 petere,
311 5217 484 5296 quotidieque
495 5220 555 5299 cogi
578 5235 705 5300 aquatum
721 5225 760 5287 ire
771 5249 812 5287 se·
866 5231 893 5291 δδ
909 5231 966 5311 ίδης
979 5231 1060 5304 αὐτὴν
1073 5235 1110 5299 είς
1120 5231 1218 5314 άγσφθν
1230 5230 1358 5309 ἐξιοῦσαν,
1370 5236 1432 5294 καθ’
1443 5233 1540 5297 tuden
