3810 6000
604 491 649 546 Dll
673 498 812 547 ClllllSTO
837 494 987 544 PASTORE
1013 494 1056 543 ΕΤ
1079 495 1161 543 OVE.

106 627 147 687 ‘0
161 624 237 693 αὐτὸς
245 624 311 705 πρὸς
318 621 459 704 Ἕόραίους
473 622 628 703 βουλόμενος
640 623 760 684 ἐκθέσθαι
768 625 820 682 τῶν
832 648 882 701 μυ-

108 706 227 806 στηρίων
240 704 289 771 τὰς
311 702 452 785 διαφορὰς,
472 703 499 762 τί
522 700 681 806 ἐόούλετρὴ
705 705 837 784 τράπεζα,
855 703 882 762 τί

108 782 748 946 {iiiiiitii‘fiil‘ii’d‘,{iiiiii}
761 782 882 945 ἶιῗῗιῖίῖ

109 946 173 1006 στὸν
192 946 226 1005 td
246 943 333 1003 πάντα
347 942 483 1046 ἀναφέρει,
499 943 544 1001 καί
566 943 680 1004 δείκνυσι
699 943 799 1015 σκηνὴν
815 935 881 1004 εἶναι

107 1028 144 1126 δι’*
164 1023 282 1125 dios-adv
301 1022 388 1083 πάντα
411 1028 484 1125 βιονγ·
498 1023 566 1083 ἀλλὰ
586 1022 635 1094 τὴν
653 1023 767 1121 reperis-ug
782 1024 882 1123 σκηγὴν

107 1128 193 1165 τυπον
207 1128 254 1177 της
266 1101 380 1193 ἀρχαίας
394 1107 546 1175 Διαθηκης,
563 1102 595 1161 τῦ
609 1101 636 1163 δέ
651 1102 714 1181 ἅγια
732 1127 783 1162 των
800 1107 882 1183 ἁγιων

1578 473 1649 571 987

937 621 1000 680 xius
1018 620 1123 700 loquar,
1146 619 1337 703 predictorum
1361 620 1532 703 interpretem
1560 622 1652 704 accipe

937 701 1063 779 Paulum,
1078 701 1127 782 qui
1143 700 1215 760 nihil
1234 714 1310 759 extra
1332 701 1471 761 Christum
1494 713 1521 760 te
1535 702 1652 781 cogitare

935 780 1069 861 permittit
1074 805 1083 858 ς
1099 780 1145 841 sed
1160 779 1251 841 omnia
1263 780 1298 839 de
1312 779 1420 840 Christo
1431 781 1560 862 explicat.
1575 781 1652 857 Quid

935 860 1025 921 eninr?
1040 862 1110 920 Cum
1124 861 1246 920 Hebraeis
1261 860 1342 920 vellet
1357 882 1489 941 exponere
1506 861 1651 942 mysterio·
1662 876 1730 921 near.
1741 875 1764 924 8.
1778 884 1799 921 et

936 962 997 1000 rum
1018 940 1186 1019 discrimina,
1201 940 1268 1018 quid
1289 940 1342 1000 sibi
1367 941 1448 1000 vellet
1466 962 1568 1017 mensa,
1583 941 1686 1020 quidb-

935 1019 1030 1094 altare,
1038 1020 1105 1100 qnid
1113 1020 1287 1102 velnnr,quid
1297 1019 1512 1101 ternplum,quid
1519 1009 1652 1099 sacerdos,

937 1102 1091 1161 summatim
1103 1101 1131 1159 in
1144 1102 1281 1160 Christum
1296 1103 1385 1161 omnia
1398 1101 1487 1174 refert,
1498 1114 1524 1159 et
1537 1101 1653 1161 ostendit
1728 1160 1729 1165 ,

106 1184 192 1244 τύπον
203 1190 251 1256 τῆς
268 1182 329 1252 νέας
345 1183 489 1255 Διαθήκης.
503 1183 625 1323 Πρόσιχε
649 1184 777 1263 ἀκριιῗῶς,
791 1208 882 1266 παρα·
900 1198 919 1244 n
937 1180 1138 1244 tabernaculum
1153 1203 1210 1240 esse
1226 1194 1310 1240 totam
1320 1179 1389 1239 hanc
1400 1180 1499 1252 vitam3
1515 1180 1563 1239 sed
1595 1180 1653 1241 riu's
1739 1221 1742 1225 ·

108 1265 195 1324 καλῶ.
208 1254 262 1323 Ἦν
280 1261 328 1338 μὲν
346 1263 398 1343 γὰρ
413 1266 428 1322 θ
441 1263 501 1330 ναθς
517 1287 554 1330 ες
573 1264 606 1322 δι’
622 1263 697 1334 ὅλου,
712 1267 748 1332 εἷς
771 1261 881 1325 &batt

109 1343 157 1403 καὶ
171 1344 240 1403 ἄλλα
254 1341 412 1424 ἐμεμέριστο
422 1341 477 1410 ·ἐῖς
487 1341 517 1400 τὸ
532 1344 619 1424 ἅγιον,
635 1342 681 1403 καί
696 1341 707 1376 ¹
715 1347 752 1410 εἰς
765 1343 796 1403 τὸ
809 1344 882 1423 ἅγιον

109 1428 165 1482 τῶν
180 1422 272 1503 ἁγίων.
285 1421 376 1489 Τόπος
389 1427 403 1482 ὁ
415 1422 475 1490 ναὸς
488 1429 534 1483 τοῦ
549 1430 675 1506 κυριακοῦ
688 1421 826 1501 σώματος·
837 1423 883 1483 καθ

109 1504 192 1562 οίκουε
204 1508 250 1570 τοῦ
264 1502 362 1582 Κνρίαυ
376 1502 513 1582 λέγοντος·
528 1501 635 1563 Λύσατε
643 1503 687 1562 τὸν
703 1504 764 1563 ναὸν
783 1512 882 1576 τοῦτον,

109 1584 157 1644 καί
173 1586 200 1643 ἐν
211 1583 295 1664 τρισὶν
306 1581 418 1663 ἡμέραις
432 1587 514 1662 ἐγερῶ
527 1583 614 1644 αὐτόν.
628 1582 735 1663 Ὥσπερ
749 1574 793 1642 ούν
809 1585 834 1642 ἐν
846 1587 884 1666 τῷ

110 1666 168 1744 ναῷ
191 1662 281 1742 ἐκείνῳ
300 1660 335 1720 rit
355 1660 404 1740 plu
421 1671 503 1721 πᾶσιν
524 1666 640 1744 ἑωρᾶτο,
657 1662 692 1721 τὰ
711 1662 737 1722 δέ
757 1663 828 1746 μόνῳ
845 1666 884 1744 τῷ

111 1745 245 1825 ἀρχιερεῖ·
258 1740 325 1800 ούτω
340 1742 385 1799 καί
406 1745 433 1801 ἐν
454 1747 487 1822 τῇ
508 1749 553 1801 τοῦ
572 1745 698 1823 Σωτῆρος
713 1744 883 1823 οέκονομίᾳή

109 1820 218 1895 θεότης,
239 1822 284 1881 καί
308 1826 326 1893 ἡ
348 1821 465 1902 ἐνέργεια
485 1827 532 1895 τῆς
546 1821 681 1895 θεότητος,
694 1814 760 1885 odeat
781 1825 829 1901 μέν
857 1827 883 1884 ἐν

110 1926 129 1967 κ
147 1907 216 1982 υρῇ,
229 1899 390 1982 ἐργαζομένη
405 1901 432 1961 δὲ
444 1904 471 1960 ἐν
485 1905 523 1982 τῷ
537 1906 650 2003 ρανερῖρ.
660 1902 753 1983 Ἔχεις
762 1910 808 1963 τοῦ
822 1910 884 1964 ναοῦ

110 1925 162 2054 vlu
173 1982 276 2041 εἰκόνα·
292 1981 405 2052 ζήτησόν
426 2005 472 2060 μοι
484 1983 515 2042 τὸ
528 2004 725 2061 καταπετασμα
744 1984 775 2043 τὸ
793 1984 884 2062 μέσον,

109 2062 144 2130 τὸ
154 2059 309 2140 διείργοντα
324 2060 387 2143 θίγια
406 2062 458 2121 ἀπὸ
471 2068 516 2121 τοῦ
528 2060 602 2142 ἁγίου
614 2067 665 2121 τῶν
684 2063 775 2143 ἁγίων,
796 2066 884 2124 ὁποῖον

110 2141 144 2201 τὸ
161 2140 372 2216 καταπέτασμα·
384 2142 464 2200 πόλιν
484 2141 516 2202 τὸ
539 2142 735 2220 καταπέτασμα
749 2141 827 2202 εἰκὼν
840 2151 886 2211 τοῦ

109 2218 242 2298 σώματος.
252 2218 360 2299 Ὥσπερ
370 2221 422 2316 γὰρ
433 2221 464 2280 τὸ
474 2219 669 2298 καταπέτασμα
680 2222 837 2300 ἐμεσολοίῦει
848 2228 886 2305 τῷ

110 2300 202 2380 τόπῳ,
217 2299 262 2359 καί
276 2301 372 2378 διεῖργε
392 2324 440 2374 την
460 2299 552 2368 ἔξωθεν
568 2301 626 2381 ὄψιν
645 2307 692 2373 τῆς
712 2301 808 2363 ἔσωθεν
832 2328 886 2380 μυ-

938 1259 1008 1319 illud
1021 1260 1223 1320 tabernaculum
1239 1261 1355 1340 liguram
1368 1281 1424 1318 esse
1439 1259 1548 1321 Veteris
1586 1274 1652 1320 esta·
1664 1277 1743 1322 Εαοα.
1755 1275 1795 1320 3⁰.

937 1340 1033 1416 menti;
1044 1354 1133 1399 sancta
1143 1361 1208 1400 vcro
1217 1354 1369 1399 sanctorum
1383 1341 1499 1419 figuram
1513 1361 1569 1399 esse
1581 1340 1654 1400 Novi
1664 1357 1737 1399 ιαιι.
1747 1355 1784 1399 ιιι.

937 1420 1111 1489 Testamenti,
1123 1421 1251 1479 Animum
1266 1419 1377 1496 adhibe,
1387 1441 1489 1499 quaeso,
1501 1419 1653 1499 diligenter.

938 1500 1086 1581 Templum
1099 1499 1208 1578 quidem
1225 1499 1294 1558 illud
1307 1521 1391 1559 unum
1405 1499 1514 1558 omnino
1530 1513 1597 1577 erat,
1607 1499 1655 1559 sod

937 1578 965 1637 iu
980 1581 1031 1638 alia
1042 1593 1068 1638 et
1082 1580 1134 1638 alia
1150 1579 1286 1657 divisum,
1297 1573 1327 1638 in
1340 1593 1474 1651 sanctum,
1489 1580 1517 1637 in
1532 1592 1654 1639 sanetum

937 1673 1100 1718 sanctorum.
1115 1659 1215 1738 Figura
1229 1673 1286 1719 erat
1299 1660 1430 1740 templum
1451 1658 1580 1718 dominici
1595 1680 1655 1720 cor-

937 1739 1029 1819 poris:
1043 1738 1108 1797 audi
1133 1760 1197 1799 vcro
1218 1740 1366 1800 Dominum
1386 1739 1534 1798 dicentem:
1546 1739 1656 1799 Solvite
1665 1755 1804 1811 σοαηαιῃ.

939 1819 1074 1900 templum
1084 1821 1149 1891 ltoc,
1163 1823 1195 1877 ia
1207 1822 1298 1878 tribus
1308 1822 1409 1878 diebus
1421 1821 1556 1878 excitabo
1566 1819 1653 1879 illud.

938 1899 1016 1959 Sicut
1029 1919 1092 1979 ergo
1107 1899 1133 1956 in
1146 1898 1194 1958 illo
1205 1899 1307 1979 templo
1320 1899 1445 1977 quaedam
1462 1898 1498 1956 ab
1518 1899 1658 1977 omnibus,

938 1978 1064 2056 quaedam
1073 1979 1108 2037 ab
1122 2000 1176 2037 uno
1191 2000 1297 2037 summo
1310 1978 1446 2037 sacerdote
1460 1978 1655 2055 cernebantur:
1670 2003 1673 2008 ·

939 2057 1026 2117 sicet
1052 2059 1079 2116 iu
1107 2059 1256 2125 servatoris
1280 2058 1429 2125 aeconomia
1457 2057 1605 2135 divinitas,
1630 2070 1657 2117 et

940 2137 1060 2217 operatio
1080 2136 1247 2213 divinitatis,
1262 2158 1320 2214 quae
1341 2137 1445 2197 occulta
1462 2136 1571 2215 quidem
1586 2149 1654 2216 erat,

939 2216 987 2275 sed
997 2217 1088 2298 palam
1102 2217 1270 2298 operabatur.
1283 2217 1372 2276 Habes
1386 2215 1477 2308 templi
1492 2217 1636 2294 imaginem
1647 2224 1659 2275 τ’

936 2296 995 2376 jam
1004 2318 1092 2375 quare
1102 2295 1222 2355 medinm
1232 2296 1322 2356 velum
1332 2297 1406 2376 qnod
1417 2295 1556 2356 dividebat
1566 2309 1657 2358 saneta

110 2379 277 2459 σταγωγίας·
292 2376 360 2438 ούτω
375 2379 404 2437 τὸ
423 2382 501 2458 σῶμα
521 2385 566 2440 τοῦ
581 2379 678 2460 Κυρίου
691 2382 886 2463 καταπέτασμα
903 2393 922 2439 E
940 2398 954 2434 a
977 2390 1068 2435 sancto
1089 2389 1250 2452 sanctorum,
1264 2377 1344 2454 quale
1367 2376 1457 2435 velum
1470 2390 1528 2435 erat
1543 2396 1657 2436 :rursus

111 2450 147 2531 ili
159 2464 207 2531 τῆς
221 2459 356 2530 θεότητος,
373 2459 410 2536 μὴ
425 2466 576 2540 συγχωροῦν
590 2470 646 2527 ταῖς
660 2461 736 2539 ὄψεσι
751 2471 808 2529 ταῖς
822 2468 886 2536 θνη-

112 2547 173 2606 ταῖς
194 2541 347 2606 ἐνατενίζειν
366 2544 399 2616 τῇ
415 2540 476 2617 ὄψει
495 2546 541 2599 τοῦ
562 2541 701 2599 ἀθανοίτου.
715 2544 775 2600 Ούκ
797 2542 887 2633 ἐμὸςθ

110 2617 205 2697 λόγος,
217 2619 276 2678 ἀλλ’
290 2617 368 2677 ἄκουε
379 2626 424 2678 τοῦ
438 2618 548 2678 Παύλου
560 2619 681 2697 λέγοντος
690 2643 697 2657 ·
707 2620 834 2701 Ἔγοντες
845 2622 886 2697 δὲ,

113 2698 238 2778 ἀδελφοί,
258 2697 316 2758 otta
332 2697 481 2778 πρόσφατον
501 2698 546 2757 καὶ
566 2702 662 2773 ζῶσαν,
683 2702 715 2773 ἣν
729 2690 888 2763 ἐνεκαίνισεν

112 2783 180 2856 ἡμίν
196 2777 240 2838 διὰ
253 2784 299 2837 τοῦ
310 2778 566 2858 καταπετάσματος,
580 2779 716 2854 τουτέστι,
729 2784 777 2852 τῆς
789 2783 887 2864 σαρκός

113 2859 213 2927 αὐτοῦ,
229 2856 450 2941 προσερχώμεθα.
466 2858 587 2940 Πρύαεχε
613 2859 738 2940 ιἰκριόῶς.
752 2860 804 2920 llal
825 2863 886 2924 ναὸν

113 2928 174 2996 εἶτε
185 2935 234 3009 τλν
246 2936 346 3018 σάρκα,
359 2935 406 2997 καί
415 2937 447 2998 ab
457 2885 654 3016 καταπέτασμα
664 2939 744 3000 τύπον
760 2946 807 3014 τῆς
817 2966 886 3024 σαρ-

112 3015 169 3084 κός.
184 3017 271 3076 Πάλιν
285 3021 299 3075 ὁ
313 3015 396 3098 ἱερεύς
416 3018 498 3098 εἰσῄει
518 3018 562 3077 διὰ
583 3024 629 3078 τοῦ
650 3020 888 3100 καταπετάσματος

113 3095 186 3165 ἅπαξ
198 3103 244 3156 τοῦ
260 3100 393 3156 ἐνιαυτοῦ·
408 3097 467 3158 οὐδέ
487 3105 564 3159 τοῦτο
578 3099 748 3181 παρέλιπενὸ
761 3102 885 3173 Παῦλος,

114 3175 186 3236 ἀλλὰ
206 3176 338 3252 λαμὸοίνει
354 3177 420 3237 αὐτὸ
442 3181 479 3244 εἰς
499 3177 581 3239 τύπον
604 3184 650 3238 τοῦ
672 3180 752 3253 Σωτῆ
770 3205 815 3253 ος,
840 3181 887 3241 καί

114 3279 210 3336 φησιν·
221 3258 279 3315 ota
292 3259 327 3323 εἷς
334 3256 513 3395 γειροποίητα
527 3258 590 3336 ἅγια
601 3259 718 3330 εἰσῆλθεν
733 3204 886 3341 ὁλριστὸς,

115 3334 247 3395 ἀντίτυπα
259 3340 311 3395 τῶν
328 3360 344 3395 α
363 3341 468 3410 ηθινῶν,
482 3339 540 3397 ἄλλ’
553 3341 590 3406 είς
611 3339 689 3399 αὐτὸν
705 3341 749 3401 τὸν
769 3344 886 3420 ούρανθν,
896 3379 932 3420 8,,

115 3419 161 3473 νῦν
171 3417 363 3496 ἐμφανισθῆναι
373 3420 412 3498 τῷ
425 3417 560 3500 προσώπῳ
572 3424 618 3477 τοῦ
629 3420 700 3480 Θεοῦ
718 3419 783 3502 ὑπὲρ
800 3426 886 3499 ἡμῶν.
905 3437 925 3480 Α

114 3493 200 3575 Ὀρῦς
218 3495 263 3554 τόν
289 3495 429 3576 ἅχιερέα,
444 3496 494 3577 θρα
515 3498 560 3557 τόν
580 3498 671 3558 τύπον.
690 3500 778 3559 Ποίλιν
799 3500 889 3562 ἐθύετο

116 3553 263 3655 πρόύατον,
278 3520 324 3633 καλ
343 3567 375 3649 ἤν
391 3575 469 3636 εἰκὼν
482 3582 529 3636 τοῦ
540 3579 680 3664 Σωτῆρος·
695 3576 742 3647 Ὦς
755 3579 888 3660 πρύῦατον

115 3654 163 3754 ,ἐπί
174 3651 279 3735 σφαγὴν
295 3653 502 3754 ’igin-:Elim
516 3657 628 3756 purgor,
640 3662 689 3717 ταῦ
738 3704 746 3732 ,
765 3658 890 3761 τθγοίλλα

114 3735 338 3880 imiimiiii
350 3735 528 3874 {lilla
542 3738 890 3889 τῗζιθέίιεῖωθςῗίῦῗᾷ

114 3836 170 3952 ίῦνν
195 3836 291 3974 diduri
313 3893 358 3953 καὶ
379 3873 497 4034 Ιἔρραινεν
514 3862 648 3957 Ιἀπέναντι
667 3882 714 3958 τοῦ
735 3845 889 3979 ίλαστηρίου

117 3971 237 4039 έπτόκις.
252 3972 306 4034 Ket
319 3964 352 4047 ἥν
373 3998 409 4034 κα
438 3975 502 4034 αὐτὸ
521 3977 551 4036 τὸ
570 3976 724 4056 ἱλαστήριον
743 3977 823 4046 τόπος
845 3985 891 4039 τοῦ

119 4053 258 4136 Σωτῆρος,
280 4053 326 4121 καί
339 4051 369 4112 ab
383 4046 451 4132 αἷμα
475 4055 505 4115 τὸ
526 4056 678 4137 ραινόμενον
697 4057 777 4124 τύπος
795 4061 890 4133 αὐτοῦ,

118 4130 162 4191 ἵνα
177 4132 223 4191 καὶ
237 4137 251 4193 θ
261 4133 492 4230 προσκυνούμενος
504 4135 551 4194 καὶ
571 4137 601 4196 τὸ
623 4136 705 4219 δῶρον
726 4137 756 4197 rb
771 4161 888 4278 προσρε-

143 4213 229 4290 ’μενον
242 4237 281 4293 τῳ
293 4235 439 4290 προσκυνου
468 4206 615 4283 ’νωεῖςκαί
628 4219 643 4274 θ
657 4210 762 4291 αὐτὸςῆ
809 4218 892 4293 ούτων

136 4290 148 4352 ἐ
162 4294 216 4350 τῶν
234 4291 317 4366 ζώων,
331 4284 367 4351 ὧν
381 4293 412 4352 rb
432 4237 504 4371 silita¹
515 4295 692 4377 προσεφέρετο
706 4284 754 4363 εἰς’
763 4298 797 4356 τὰ
814 4297 892 4377 θγια,

941 2457 1032 2516 velum
1049 2470 1106 2515 erat
1122 2457 1211 2535 imago
1227 2456 1356 2537 corporis.
1378 2457 1454 2516 Sicut
1474 2457 1547 2514 enim
1565 2456 1656 2515 uelum

941 2536 1031 2595 locum
1050 2537 1128 2595 illum
1140 2559 1155 2594 a
1167 2535 1256 2596 medio
1272 2535 1422 2612 dividebat,
1435 2549 1462 2594 et
1475 2534 1658 2626 distinguebat

942 2630 1083 2675 externum
1096 2631 1266 2696 conspectum
1279 2616 1314 2674 ab
1327 2615 1437 2674 internis
1453 2614 1590 2696 mysteriis
1602 2639 1609 2672 ι
1619 2614 1658 2674 sio

941 2717 1038 2776 corpus
1050 2695 1160 2754 Domini
1169 2696 1262 2754 velum
1273 2708 1330 2755 crat
1343 2695 1505 2771 divinitatis,
1520 2693 1593 2773 quod
1605 2712 1658 2754 nou

942 2775 1101 2835 concedebat
1111 2777 1237 2834 mortales
1249 2776 1340 2834 oculos
1351 2775 1531 2834 immortalem
1545 2774 1660 2864 respice·

941 2876 978 2914 rc.
993 2857 1053 2914 Nou
1066 2877 1141 2915 mens
1151 2870 1190 2914 est
1203 2876 1298 2930 sermo,
1309 2853 1354 2914 sed
1365 2852 1430 2915 audi
1440 2854 1554 2915 Paulum
1565 2852 1659 2914 dicen·

941 2949 995 2994 tem
1013 2958 1020 2991 ι
1038 2938 1199 3008 Habentes,
1219 2938 1345 3015 fratres,
1378 2938 1462 2993 viam
1494 2953 1599 2992 novam
1631 2946 1743 2996 στῆσον.
1760 2961 1796 2996 ιο.

941 3020 1099 3086 viventem,
1109 3037 1199 3096 ριισιιι
1215 3019 1367 3074 reuocauit
1382 3019 1464 3073 nobis
1478 3034 1532 3094 per
1545 3014 1657 3086 valum,
1673 3029 1710 3077 ¹9·
1725 3026 1763 3059 ²⁰·

944 3097 1054 3171 idest,
1074 3116 1193 3154 carnem
1218 3115 1312 3166 suam,
1339 3095 1523 3154 accedamus.
1546 3092 1661 3153 Attende

940 3173 1095 3255 diligenter.
1107 3175 1143 3234 Et
1153 3189 1204 3233 tem
1226 3174 1283 3234 lum
1292 3173 1399 3234 vocavit
1408 3172 1661 3245 carnem,ctvelum

943 3253 1061 3336 liguram
1084 3255 1180 3314 carnis.
1197 3197 1303 3314 llursus
1316 3253 1439 3314 sacerdos
1461 3249 1663 3332 ingrediebatur

963 3357 992 3393 er
1002 3335 1093 3400 uelum
1103 3333 1184 3393 semel
1196 3335 1224 3392 in
1235 3354 1346 3394 anno:n
1402 3334 1477 3392 choc
1491 3331 1665 3413 pretermisit

943 3357 1054 3489 lanlns,
1069 3414 1115 3472 sed
1130 3412 1200 3472 illud
1214 3413 1312 3493 accipit
1325 3413 1353 3472 in
1386 3430 1483 3492 geram
1498 3412 1659 3488 servatoris,

944 3494 1055 3572 aitque:
1071 3495 1139 3551 Non
1163 3497 1195 3550 in
1217 3494 1393 3572 manufacta
1407 3504 1512 3550 sancta
1529 3494 1664 3551 introivit
1673 3500 1810 3572 θειαρας,

946 3575 1090 3645 Christus,
1107 3572 1286 3652 exemplaria
1298 3591 1446 3642 verorum,
1458 3572 1511 3629 scd
1523 3573 1555 3627 r'n
1567 3575 1662 3649 ipsam

945 3653 1059 3724 caelum,
1072 3665 1104 3711 ut
1128 3665 1268 3744 appareat
1289 3671 1366 3709 nune
1387 3654 1419 3708 ιἰι
1436 3663 1592 3730 conspectu
1603 3651 1662 3709 Dei

943 3753 997 3811 pro
1022 3735 1115 3791 nobis.
1133 3731 1221 3793 Vides
1243 3730 1418 3805 sacerdotem,
1441 3729 1505 3789 vide
1531 3728 1659 3809 liguram.

946 3815 1064 3872 Rursum
1077 3810 1268 3871 immolabatur
1280 3809 1350 3882 ovis,
1364 3824 1390 3869 et
1402 3823 1458 3886 erat
1469 3809 1557 3890 figura
1566 3811 1663 3871 sarva-

945 3892 1012 3951 toeis
1026 3916 1033 3948 z
1045 3892 1126 3952 Sicut
1146 3895 1208 3950 ovis
1231 3893 1273 3950 ad
1287 3894 1458 3950 occisionem
1479 3891 1584 3949 ductus
1605 3903 1658 3950 est.
1675 3896 1810 3960 trai.53.7.

945 3970 1141 4030 lmmolabatur
1152 3971 1267 4045 vitulus,
1281 3984 1383 4045 taurus,
1399 3969 1504 4048 aliaque
1519 3970 1620 4049 omnia,
1636 3982 1663 4030 et

944 4050 980 4115 dte
992 4052 1122 4132 sanguine
1134 4050 1334 4110 immolatomm
1347 4049 1471 4110 sacerdos
1487 4049 1574 4129 digito
1586 4049 1661 4110 acci·

946 4131 1048 4213 piebat,
1065 4145 1091 4190 et
1100 4131 1301 4210 ingrediebatur
1311 4131 1339 4189 in
1351 4143 1440 4189 sancta
1454 4144 1620 4208 sauctorum,
1634 4142 1661 4189 et

946 4211 1105 4293 aspergebat
1131 4212 1229 4292 septies
1244 4210 1271 4270 in
1299 4223 1440 4290 conspeetu
1466 4209 1659 4289 propitiatorii.

947 4292 1094 4382 lpsumque
1100 4290 1318 4372 propitiatorium
1327 4303 1383 4348 crat
1397 4288 1486 4367 imago
1499 4288 1660 4364 servatoris,

118 4371 154 4431 τθ
170 4369 283 4449 σώματα
303 4371 458 4443 κατεκαίετο
471 4374 520 4443 ἔξω
539 4379 588 4446 τῆς
606 4377 795 4459 παρεμὸολῆς,
808 4378 855 4437 χαὶ
874 4383 892 4452 ἦ
911 4396 929 4442 B
947 4385 1065 4449 itemque
1078 4370 1253 4451 sanguisque
1266 4368 1467 4450 aspergebatur,
1483 4381 1550 4427 utet
1572 4368 1595 4427 is
1614 4367 1662 4447 qni

118 4450 204 4533 τέφρα
217 4452 332 4522 αύτῶνὴ
352 4452 406 4522 ίαζε
417 4452 476 4520 τούς
491 4453 657 4534 ἀνθρώπους,
672 4457 718 4516 καί
732 4457 791 4526 τοὺς
804 4481 894 4518 κεκοι-

120 4529 251 4604 νωμένους
264 4477 357 4610 belutia
368 4532 403 4593 τθ
413 4535 465 4592 τῶν
481 4534 664 4614 νικρωθέντων
679 4536 752 4605 ζέων
767 4537 892 4618 λείψανα.

120 4609 210 4670 Βλέπε
217 4609 311 4671 τοίνυν.
322 4612 417 4672 Ζῶντα
425 4612 472 4690 μέν
483 4615 534 4694 οὔχ
547 4614 663 4693 ἡγίαζεν,
676 4616 894 4698 ἀποτερρωθίντα

120 4689 167 4764 δέ,
186 4689 232 4758 καὶ
253 4693 289 4758 εἰς
312 4692 403 4753 θυσίαν
424 4695 634 4775 ἀπαρτισθέντα,
650 4697 780 4774 ἁγιασμόν
805 4697 895 4778 ἔφερον

121 4779 176 4837 τοῖς
199 4771 412 4848 κεκοινωμένοις,
433 4774 479 4832 καὶ
498 4766 531 4846 ἦν
553 4774 588 4835 τὰ
607 4776 675 4835 atet
695 4779 750 4844 ζῶα
769 4777 816 4836 καί
845 4775 896 4845 ἔξω

122 4848 253 4928 καιόμενα
247 4895 269 4954 γ,
284 4853 330 4911 καί
349 4852 402 4912 έσω
415 4852 624 4936 προσφερόμενα.
638 4855 805 4929 Ἐντεῦθενθ
825 4854 896 4917 ιἰπό·

123 4930 232 4998 στολος·
259 4931 300 4990 Ων
320 4930 387 5028 γθρρ,
403 4933 495 5013 φησίν,
511 4933 678 5016 ἐἰσφέρεται
692 4934 764 5005 ζώων
783 4936 814 5005 τθ
830 4926 897 5016 αἷμα

124 5012 162 5077 είς
177 5007 212 5067 et
238 5008 301 5088 ἅγια
324 5035 376 5070 των
396 5010 487 5092 ἁγίων,
510 5012 609 5086 τούτων
629 5012 797 5095 τὰσώματα
818 5026 898 5078 κατἐ-

125 5088 216 5149 καίετο
225 5087 275 5157 llus
287 5094 334 5161 τῆς
344 5091 525 5172 παρεμῦολῆς.
533 5084 653 5155 Εἶπετθν
663 5094 756 5169 τύπον,
765 5101 899 5176 καθερμη,

126 5167 196 5228 νεύει
209 5168 258 5251 τὴν
279 5169 478 5248 divideremur(
500 5195 578 5252 φησι·
600 5173 649 5234 att
667 5174 712 5236 καί
726 5175 844 5251 Ἰησοῦς,
856 5175 901 5236 ίνα

164 5325 174 5359 t
192 5320 253 5386 ch.
265 5328 296 5382 τίς
307 5329 338 5375 τὰ
349 5328 402 5389 ἅγια
412 5335 458 5377 τῶν
467 5330 545 5392 ἁγίων.

948 4451 1121 4528 adorabatur,
1129 4449 1261 4510 edonem
1272 4448 1424 4508 oblatumei
1435 4448 1482 4527 qui
1492 4447 1664 4525 adorabatur,
1693 4456 1698 4466 ’

949 4530 1067 4612 idipsum
1079 4543 1154 4609 esset.
1166 4528 1331 4589 animalium
1340 4549 1416 4604 vero,
1426 4533 1541 4606 quoruiu
1555 4527 1665 4608 sanguis

948 4611 1111 4681 oflerebatur
1132 4609 1159 4669 iu
1181 4623 1287 4687 sancta,
1304 4629 1416 4690 corpora
1439 4607 1666 4675 comburebantur

950 4705 1025 4749 extra
1041 4703 1136 4760 castra,
1148 4702 1174 4748 ct
1186 4689 1253 4749 einis
1268 4709 1360 4748 corum
1379 4687 1563 4746 sanctificabat
1575 4686 1667 4747 bomi-

952 4792 1008 4836 nes,
1022 4783 1047 4828 et
1058 4768 1210 4847 inquinatos
1222 4767 1424 4829 sanctificabant
1432 4780 1600 4826 mortuorum
1609 4765 1687 4829 ani-³

952 4849 1065 4909 malium
1086 4848 1216 4928 reliquia.
1230 4848 1350 4908 Adverte
1363 4847 1457 4927 igitur.
1471 4846 1603 4909 Viventia
1614 4867 1668 4907 non

953 4929 1169 5005 sanctificabant,
1183 4928 1210 4988 in
1232 4928 1347 4988 cinerem
1368 4948 1433 4986 vero
1462 4925 1580 5004 redacta,
1596 4941 1623 4987 et
1640 4927 1669 4993 in

954 5007 1118 5075 sacrificium
1129 5021 1323 5084 consummata,
1332 5005 1480 5086 inquinatis
1503 5007 1671 5067 sanctitatem

958 5087 1105 5154 afferebant
1112 5112 1120 5162 ς
1136 5100 1264 5168 erantque
1278 5085 1372 5147 eadem
1384 5085 1442 5168 ipsa
1454 5085 1582 5147 animalia
1595 5100 1672 5147 extra

956 5169 1105 5246 combusta,
1121 5183 1148 5229 et
1162 5169 1232 5231 iutra
1251 5168 1280 5227 in
1300 5167 1464 5229 sacrificium
1491 5166 1582 5228 oblata
1593 5191 1600 5225 ι
1610 5166 1673 5227 indo

948 5345 958 5369 ·
975 5329 1037 5396 ¹¹⁸3·
1050 5332 1210 5401 προσκέετα-
1487 5391 1526 5450 63
