3764 5992
272 436 309 486 m
334 438 447 504 innon,
475 437 651 487 sanurarn
677 440 877 491 rurscnnau
903 445 946 493 nr
971 443 1138 509 tonitru.
1167 451 1203 500 n.
1436 426 1509 507 225

140 556 345 641 ίανκαλψσγήν
358 562 424 642 πρδς
437 561 569 632 κινδύνοις
578 585 729 643 παρστετα-
783 565 916 647 luerunt,
931 567 1045 630 sederat
1062 554 1111 647 eis,
1126 573 1175 653 qui
1195 574 1323 635 omnibus
1344 575 1432 656 major
1454 590 1505 653 est,

143 652 252 724 πολλῆς
264 656 314 725 τῆς
323 653 475 734 περιουσίας
487 644 569 735 εἶχεν.
590 653 643 715 Διὰ
652 662 729 715 τοῦτο
784 657 892 718 animus
904 659 941 719 ad
954 661 1076 742 pericula
1083 664 1233 725 admodum
1242 679 1375 749 promtus.
1385 667 1456 728 llinc
1464 682 1504 729 est

140 741 221 821 γε’·τειι
244 743 365 823 ίγόνσντο
388 745 434 804 καλ
454 749 581 828 σωτῆρες.
613 747 654 805 Οὐ
677 745 729 827 γὰρ
784 748 1504 837 quoddemultisbenemernerunt,multosqucserra·

140 837 251 903 τσῦνπες
260 834 309 894 καὶ
318 836 455 916 ψοφοδεεῖς
464 839 501 903 ῶς
512 835 622 915 οίττενίρ
634 840 730 906 συζῶν·
784 854 856 899 mnt.
872 843 966 921 Neque
975 845 1048 905 enim
1060 845 1190 908 Ecclesiis
1200 861 1256 908 tem
1274 847 1400 929 prodesse
1411 851 1503 911 valent

140 926 249 1007 dmm
259 924 310 995 τὰς
319 926 482 1000 Ἐκκλησίας
493 930 604 1009 ὠφελεῖν
613 929 728 989 δύναιντ’
784 930 883 992 divites
897 932 938 993 illi
951 935 1054 1011 betoni,
1068 951 1098 997 ut
1111 960 1242 1020 pauperes
1253 940 1431 1020 magnanimi.
1448 942 1504 1002 Ne-

140 1014 168 1085 ἐς
179 1016 333 1100 παράδοξον
347 1008 414 1078 εἶναι
426 1019 556 1098 νομιζίτω
569 1021 601 1081 τὸ
614 1021 727 1102 λεγόμε-
746 1051 765 1098 13
784 1044 830 1082 mo
841 1023 946 1085 dictum
959 1026 1013 1088 boc
1022 1029 1136 1090 miretur
1147 1053 1155 1088 τ
1167 1051 1265 1091 verum
1278 1033 1351 1092 enim
1363 1045 1417 1110 est,-
1424 1032 1501 1113 qnod

140 1106 195 1189 γάρ
205 1111 284 1187 dest,
300 1110 348 1170 καὶ
363 1113 409 1170 ἀπ’
426 1113 511 1171 αὐτῶν
528 1112 662 1173 δείκνυται
674 1119 728 1175 τῶν
784 1114 919 1196 dicimus,
933 1117 1017 1199 idque
1033 1121 1115 1181 rebus
1130 1122 1198 1204 ipsis
1215 1124 1426 1205 comprobatur:
1437 1145 1502 1185 nam

147 1198 189 1261 ‘0
213 1199 265 1279 μίν
280 1200 335 1284 γάρ
352 1201 476 1271 πλούσιος
488 1203 587 1272 πολλὰς
607 1205 664 1286 ίχεε
682 1213 729 1268 τοῦ
784 1209 953 1271 multarunt
970 1211 1067 1273 divitis
1079 1215 1206 1275 molestiae
1219 1230 1246 1275 et
1263 1216 1394 1297 pericula.
1407 1215 1502 1277 Timet

140 1296 192 1353 διιι
214 1292 266 1362 τίς
287 1293 385 1363 λαόάς.
410 1293 534 1355 Δίδοικεν
549 1295 617 1377 δπίρ
634 1297 728 1373 οἰκίας,
783 1322 834 1382 pro
843 1301 936 1381 domo,
950 1325 1001 1386 pro
1014 1305 1136 1379 famulis,
1152 1328 1202 1387 pro
1210 1307 1294 1387 agris,
1310 1329 1361 1390 pro
1378 1308 1499 1389 opibus,

140 1408 157 1459 ·,
185 1383 258 1465 δπίρ
274 1387 375 1466 ἀγρῶν,
393 1385 460 1466 δπίρ
475 1387 633 1468 χρημάτων,
650 1389 728 1467 μήτις
783 1412 817 1452 ne
838 1393 899 1472 quis
923 1393 1030 1473 aliquid
1051 1417 1087 1456 ex
1101 1397 1136 1456 iis
1150 1398 1264 1457 auferat.
1283 1398 1320 1458 Et
1333 1398 1381 1478 qni
1400 1398 1503 1460 multo-

140 1474 205 1537 ’πων
227 1478 371 1558 άρίληται.
402 1478 456 1538 Καὶ
477 1477 508 1536 τὸ
530 1480 636 1539 πολλῶν
661 1471 728 1541 εἶναι
783 1499 847 1539 rum
876 1493 917 1540 ast
947 1479 1093 1559 dominus,
1124 1484 1197 1545 idem
1224 1485 1373 1546 multorum
1407 1508 1502 1550 servm

140 1558 262 1629 ὖνεῖναι
278 1570 371 1630 δῶλον
386 1577 467 1630 ποιεῖ.
484 1568 520 1631 ‘0
534 1570 728 1649 ρίντοεπίνςς,
783 1590 840 1631 esse
863 1572 979 1652 cogitur.
1010 1574 1117 1656 Pauper
1142 1590 1233 1636 autem
1263 1575 1308 1637 bis
1337 1576 1502 1659 expeditus,

140 1658 170 1719 lv
195 1660 249 1721 καί
269 1661 360 1728 πάσας
383 1659 480 1730 ταύτας
499 1661 662 1741 ἀποδόμενος
680 1663 728 1732 τάς
783 1675 810 1721 et
834 1664 908 1723 curis
924 1664 1051 1725 omnibus
1064 1686 1165 1745 cerens,
1188 1667 1232 1728 leo
1252 1681 1312 1742 est,
1327 1668 1418 1749 ignem
1444 1671 1503 1752 spi·

141 1751 211 1813 άστλ
228 1759 285 1833 asp
306 1752 404 1826 πνίων,
423 1752 469 1812 καί
489 1753 578 1834 ψυχὴν
596 1754 727 1836 όχεεγεν-
783 1770 837 1834 rat,
852 1777 980 1837 generoso
1003 1771 1030 1818 et
1048 1758 1114 1818 torti
1133 1773 1173 1819 est
1195 1760 1294 1837 animo,
1321 1759 1357 1820 de
1375 1762 1503 1823 omnibns

140 1844 252 1905 πάντων
277 1844 478 1924 ἐξανιστάμενος
504 1846 601 1929 ρρδίως
623 1847 729 1910 ἅπαντα
783 1866 840 1906 sese
861 1844 984 1926 expedit,
998 1845 1078 1906 facile
1092 1839 1184 1907 omnia
1202 1848 1271 1928 agit,
1293 1868 1355 1926 qua
1373 1848 1503 1930 pmdesso

140 1936 272 2017 ννάμενα
287 1937 336 2006 τίς
357 1936 519 2011 Ἐκκλησίας
536 1940 659 2020 ῶρελεῐν,
678 1940 727 2001 κᾶν
783 1951 896 2019 possunt
917 1937 1063 2016 Ecclesiis,
1077 1939 1136 2000 sive
1157 1960 1226 2021 opus
1244 1939 1281 2000 sit
1298 1953 1329 1999 nt
1352 1955 1503 2021 arguantur

147 2027 208 2089 κᾶν
230 2033 405 2108 ίτιετεμῆσαι,
427 2028 476 2090 κᾶν
500 2030 597 2112 μυρίας
616 2031 660 2091 διδ
683 2035 728 2092 τδν
782 2029 878 2109 aliqui,
892 2029 994 2092 sivent
1010 2029 1200 2112 increpentur,
1213 2031 1272 2092 sive
1292 2047 1417 2093 sexcenta
1438 2054 1503 2115 pro·

140 2120 267 2193 άξασθσι
290 2121 449 2203 ίπαχθείας·
474 2122 520 2183 καί
536 2122 628 2197 ίπειδὴ
656 2123 727 2194 όπαξ
782 2134 843 2202 pter
866 2121 1008 2182 Christum
1029 2142 1110 2204 opera
1134 2122 1274 2183 subeunda
1295 2124 1368 2184 sint:
1382 2146 1414 2184 ac
1427 2146 1500 2205 quo·

141 2216 224 2299 ρεῖδε
243 2219 294 2288 τῆς
306 2213 458 2296 παρούσης,
470 2213 560 2275 πάντα
572 2215 668 2297 ρρδίως
680 2215 728 2276 καί
744 2239 764 2288 c
783 2215 856 2275 niam
878 2215 960 2275 semel
974 2216 1061 2276 vitam
1077 2215 1202 2298 desperit
1219 2231 1501 2300 prasentem‚1oagna

140 2315 208 2367 τοεεῖ
223 2311 274 2380 τῆς
285 2306 414 2374 εὐκολίας.
427 2305 464 2367 Τί
476 2306 530 2388 γάρ
543 2308 590 2367 καὶ
601 2308 727 2381 δίδοικεν,
782 2307 912 2368 facilitate
937 2307 1048 2368 coniicit
1066 2308 1166 2369 omnia.
1182 2309 1258 2382 Quid
1279 2312 1352 2369 enim
1376 2310 1499 2387 timeret,

140 2422 189 2467 τις
206 2400 293 2459 αὐτοῦ
303 2396 338 2457 τά
349 2398 478 2478 χρήματα
490 2398 640 2479 ἀφέληται,
656 2399 726 2461 Ἀλλ’
781 2398 837 2479 dic,
859 2400 990 2460 obsecro?
1011 2400 1086 2459 Num
1113 2421 1147 2459 ne
1167 2421 1231 2482 opes
1251 2402 1309 2481 ejus
1323 2403 1500 2463 auferantur?

146 2494 258 2551 εἰπεῖν.
278 2488 358 2550 Ἀλλά
370 2488 408 2568 pal
418 2493 466 2561 τῆς
475 2490 601 2570 πατρίδος
611 2491 710 2569 ἐκπέσῃ
716 2517 726 2567 ;
782 2493 841 2553 Ηοο
862 2513 941 2552 nemo
962 2491 1052 2552 dicere
1070 2493 1179 2573 poterit.
1193 2494 1267 2552 Num
1288 2514 1322 2553 ne
1342 2494 1460 2576 pellatur
1483 2517 1500 2556 e

140 2586 230 2656 μετ’
245 2583 358 2665 οὐρανόν
371 2582 446 2650 πόλις
460 2583 533 2664 αὐτῷ
546 2588 627 2644 ἔστιν.
646 2583 726 2646 Ἀλλά
781 2581 956 2665 patria?Sed
969 2582 1113 2644 universus
1126 2583 1202 2644 orbis
1225 2598 1358 2644 terrarum
1377 2585 1404 2644 ei
1424 2586 1498 2649 oiri-

140 2682 169 2751 55
184 2674 273 2736 αὐτόν
288 2699 329 2745 τις
341 2675 473 2758 περικόψρ
493 2674 540 2736 καί
553 2680 602 2748 τῆς
614 2677 724 2759 δοροιρο-
781 2688 822 2735 tas
840 2688 891 2735 est.
906 2676 982 2734 Num
1003 2694 1037 2735 ne
1060 2675 1122 2753 quis
1138 2674 1321 2736 imminuatei
1340 2674 1451 2737 delicias
1470 2692 1499 2739 et

140 2770 168 2831 ιλ
184 2768 295 2836 wirot<
313 2768 398 2828 όπασι
411 2768 514 2849 χαίρειν
527 2767 622 2839 εἰπὼν,
640 2772 668 2829 lu
682 2774 725 2831 οὔ·
780 2766 1032 2831 sateuiuumtsod
1064 2768 1108 2829 bis
1141 2768 1268 2829 omnibus
1296 2769 1388 2830 valere
1413 2770 1499 2851 jussis

140 2861 281 2937 παι,ειιιί
292 2860 358 2943 πρδς
368 2859 417 2934 τὴν
427 2858 577 2939 μίλλωσαν
589 2859 724 2940 ἐπείγεται
780 2859 808 2919 in
821 2859 888 2920 caelo
911 2861 1026 2936 habitat,
1039 2874 1067 2922 et
1101 2859 1137 2922 ad
1168 2861 1289 2921 futuram
1310 2861 1419 2922 festinat
1450 2861 1497 2923 ri·

140 2954 209 3031 ίτὴν
231 2956 371 3015 ίπιδῶναι
390 2955 436 3034 δίῃ
456 2953 505 3028 τὴν
518 2952 617 3036 ψυχὴν,
630 2955 677 3014 καί
694 2953 725 3013 τδ
779 2963 845 3012 tarn.
857 2954 918 3014 Non
929 2952 1212 3035 deprecabiturcitem,
1223 2954 1247 3013 si
1261 2952 1352 3013 anima
1370 2953 1429 3035 ipsa
1441 2967 1498 3015 tra·

140 3056 218 3120 κεῖν,
243 3048 276 3107 οὗ
305 3047 510 3127 παραιτήσεται
547 3046 684 3107 Ἐντεῦθεν
710 3053 725 3108 ό
778 3043 1141 3122 dcndasiteteifundendus
1150 3046 1498 3127 sanguis.Hincest,qnod

144 3140 302 3224 τυράννοιν,
324 3142 371 3199 καί
391 3141 533 3220 βασιλίισν,
553 3140 599 3200 καλ
621 3140 724 3220 δήμων,
779 3136 840 3196 talis
850 3137 932 3198 etiarn
943 3151 970 3198 et
982 3138 1119 3220 tyrannis,
1133 3139 1290 3218 stragibus,
1304 3152 1331 3199 et
1341 3138 1498 3220 populis,et

140 3232 205 3295 ἰπὶ
228 3230 406 3314 δονατώτερός
427 3255 457 3292 τε
472 3232 519 3293 κοιλ
534 3231 723 3316 εὐπορώτερος.
777 3228 905 3289 omnibus
917 3231 1051 3311 potentior
1062 3244 1102 3291 est
1123 3251 1156 3290 ac
1178 3230 1271 3293 ditior.
1287 3230 1324 3291 Et
1339 3244 1371 3290 nt
1383 3230 1476 3291 discas
1484 3275 1495 3308 ,

140 3348 174 3406 ρςς
194 3324 240 3385 ότι
257 3325 288 3384 οὒ
311 3325 438 3386 κολακεία
452 3325 483 3386 εδ
495 3324 646 3407 λεγόμενον,
661 3326 721 3385 ἀλλ’
739 3348 760 3397 ς)
778 3319 850 3400 quod
872 3341 934 3381 vere
948 3321 1016 3400 baec,
1030 3335 1056 3382 et
1068 3342 1121 3382 non
1138 3321 1281 3382 adulanter
1295 3323 1350 3382 sint
1368 3320 1451 3396 dicta,
1468 3335 1496 3383 et

140 3416 209 3493 ηδίν
219 3419 391 3496 κεκτημένοι,
403 3411 475 3480 οὗτοι
486 3420 604 3499 μάλιστα
614 3418 722 3479 πάντων
776 3412 849 3492 quod
862 3413 909 3492 qui
921 3413 992 3473 nibil
1014 3413 1167 3494 possident,
1182 3413 1211 3473 hi
1224 3414 1348 3475 omnium
1360 3413 1495 3474 liberrimi

140 3520 172 3572 νίν
199 3511 316 3571 &luatur
344 3511 386 3586 ἂν,
407 3510 486 3572 πόσοι
509 3512 631 3572 πλούσιοι
651 3509 722 3572 κατὰ
776 3507 832 3566 sint
851 3506 888 3566 ad
901 3507 1160 3587 loquendnmzquot
1173 3505 1272 3567 divites
1290 3521 1366 3566 erant
1375 3521 1496 3588 tempore

140 3594 200 3675 iam
212 3601 354 3686 Ἥρώδσε,
371 3603 448 3664 πόσοι
460 3602 602 3677 δυνάσταις
615 3602 656 3670 τίς
666 3627 722 3663 πα·
776 3599 903 3678 Herodis,
912 3613 980 3678 quot
992 3600 1132 3680 potentes?
1145 3613 1172 3658 et
1180 3598 1279 3678 qnisin
1293 3598 1414 3659 medium
1426 3620 1493 3680 pm·

140 3693 215 3770 tem,
233 3694 274 3763 τίς
298 3696 445 3775 ἐπετίμησε
461 3700 500 3777 τῷ
520 3696 639 3777 τυράννῳ
648 3721 657 3768 ;
681 3694 721 3763 τίς
775 3693 870 3773 rupit?
881 3692 942 3771 quis
958 3705 1106 3772 tyrannum
1118 3690 1289 3772 increpavit?
1300 3693 1495 3770 quincontem·

140 3786 250 3866 νμίνοις
263 3796 318 3856 τοῖς
330 3793 376 3847 τοῦ
387 3791 458 3849 Θεοῦ
470 3787 575 3867 νόμοις,
592 3791 655 3849 Τῶν
671 3787 719 3866 μὲν
775 3799 816 3844 tas
829 3785 901 3863 leges
914 3782 966 3843 Dei
978 3783 1053 3842 ultus
1063 3783 1124 3843 est?
1137 3783 1262 3843 Diritnm
1271 3781 1382 3862 quidem
1388 3785 1492 3859 nullus,

140 3878 171 3947 ’ς’
182 3879 238 3940 όδδ
248 3880 329 3954 πίνης
338 3881 384 3941 καί
398 3881 505 3962 τπωχδς
516 3926 524 3955 ,
537 3885 552 3940 ό
566 3878 604 3959 μὴ
617 3879 720 3953 κλίνην,
776 3876 824 3937 sed
837 3896 939 3958 pauper
947 3874 994 3936 ille
1006 3889 1032 3935 et
1039 3875 1126 3958 inops,
1135 3876 1184 3957 qui
1197 3876 1493 3958 neqnelectum,neqne

140 3973 181 4047 ινξ
204 3971 275 4050 μήτε
295 3972 392 4053 στίγην
416 3974 497 4054 ἔχων,
522 3976 537 4031 ό
557 3976 605 4044 τῆς
618 3973 719 4053 ἐρήμου
775 3988 906 4045 anensem,
920 3987 1006 4046 neque
1024 3980 1125 4028 tectum
1144 3968 1260 4029 habebat
1273 3968 1345 4045 tillus,
1364 3969 1493 4049 inquam,

140 4062 225 4145 brar,
251 4057 326 4133 οὗτος
350 4065 427 4145 μόνος
452 4064 499 4126 καί
523 4070 628 4147 πρῶτος
652 4065 720 4143 μετὰ
774 4058 1493 4145 solitudinisinquilinusJoannes,illesolusetprimus

140 4156 225 4229 τάπης
244 4157 289 4217 πδν
307 4157 431 4239 τύραννον
450 4158 568 4239 ἤλεγχε,
592 4156 639 4218 καί
659 4157 720 4226 robe
775 4153 849 4214 omni
863 4152 988 4213 libertate
1001 4168 1149 4235 tyrannum
1167 4155 1267 4235 argtrit,
1278 4169 1305 4215 ct
1323 4156 1490 4218 adulterinas

140 4247 273 4309 ειάλσπτε
284 4247 403 4327 γάμους,
420 4248 466 4309 κοιλ
479 4250 619 4330 παρόντων
634 4250 720 4311 ἇποίν-
775 4247 885 4327 nuptias
896 4245 1010 4319 detexit,
1025 4259 1051 4306 et
1067 4247 1246 4326 presentibus
1259 4246 1386 4306 omnibus
1399 4269 1431 4307 ac
1442 4270 1491 4307 au·

140 4338 222 4414 imu,
228 4341 278 4414 τὴν
284 4343 514 4410 καταδικάζουσαν
526 4344 604 4404 αὐτὸν
615 4342 720 4425 ἐξέφερε
773 4338 911 4399 clientibus
921 4338 1094 4420 pronuntiata
1109 4338 1312 4399 sententiarum
1326 4338 1490 4400 condemna-

140 4431 194 4516 ιρδ
210 4431 303 4493 roiano
325 4432 353 4494 δί
378 4435 459 4493 πάλιν
478 4440 493 4495 ό
512 4435 595 4517 μάγος
614 4433 718 4508 Ἠλίας,
774 4430 872 4491 νίῑ.Ει
885 4445 948 4490 ante
967 4430 1041 4489 bunc
1055 4450 1169 4510 magnus
1189 4451 1296 4509 quoquo
1316 4430 1425 4510 Helias,
1444 4433 1491 4512 qui

140 4550 143 4587 :
164 4525 250 4605 μηδὲν
271 4525 432 4605 κεκτημένος
453 4528 542 4603 πλέον,
565 4528 609 4589 τδν
632 4528 717 4601 ἀσεόῆ
736 4554 756 4602 g
774 4522 845 4584 nibil
868 4537 967 4605 prater
990 4522 1106 4582 meloten
1131 4523 1303 4605 possidebat,
1327 4522 1442 4606 impium
1465 4539 1492 4586 et

140 4638 166 4675 νε
190 4614 294 4697 Ἀχσδιό
314 4621 413 4679 ἐκεῖνον
435 4619 514 4698 μόνος
535 4619 630 4701 ἤλεγξε
651 4620 719 4699 μετὰ
773 4616 1007 4698 prevaricatorem
1036 4613 1118 4674 illum
1144 4615 1239 4674 Achab
1275 4618 1348 4676 solus
1373 4615 1492 4677 viriliter

141 4706 194 4777 ίσς.
214 4709 299 4770 Οὗδίν
319 4710 372 4790 γὰρ
392 4710 474 4780 οὕτως
487 4715 718 4795 ίλεοδεροστομεῑν
774 4707 916 4789 corripuit.
931 4707 1008 4766 Nihil
1021 4706 1095 4768 enim
1107 4706 1237 4785 loquendi
1246 4707 1407 4784 libertatem,
1421 4723 1447 4768 et
1461 4709 1490 4770 in

140 4844 152 4877 ,
181 4800 229 4861 καί
254 4806 359 4884 θαρρεῖν
384 4807 411 4864 ἐν
440 4804 526 4865 ἅπασι
555 4804 640 4865 πείθει
663 4813 717 4873 τοῖς
774 4820 866 4860 rerum
878 4798 1035 4858 discrimino
1043 4797 1175 4858 liduciam
1188 4799 1226 4859 ita
1234 4800 1347 4880 praebet,
1362 4800 1433 4859 nibil
1441 4800 1494 4861 bo·

140 4892 270 4962 ιαλσίτως
280 4895 419 4978 ίργάζεταε
431 4896 478 4956 καὶ
489 4896 627 4978 ἰσχυροὺς,
641 4900 677 4963 ῶς
688 4898 720 4957 τδ
774 4893 860 4953 mines
873 4891 941 4952 adeo
949 4891 1068 4951 munitos
1076 4904 1103 4950 et
1112 4891 1194 4951 sortes
1202 4890 1296 4969 efficit,
1304 4906 1335 4952 ut
1345 4892 1416 4952 nibil
1426 4914 1490 4975 por-

140 4989 214 5061 ιδαε,
238 4985 307 5064 μηδδ
320 4986 464 5068 περιόολήν
480 5012 541 5049 τινα
555 4989 722 5069 πραγμάτων
774 4986 872 5060 sidere,
887 4998 913 5044 ct
925 4983 1008 5044 nullis
1020 4982 1194 5043 secularibus
1212 4982 1389 5046 circumvolvi
1404 4990 1489 5066 n'ego·

140 5076 162 5139 ιί
173 5102 215 5149 τις
229 5079 353 5164 βαίλοιτο
367 5080 468 5156 πολλὴν
482 5087 627 5157 κατῆσθαι
641 5081 721 5142 δίνα-
777 5078 830 5140 tiis.
850 5080 939 5158 taqua
964 5076 1052 5155 adeo,
1082 5075 1105 5136 si
1131 5073 1192 5155 quia
1217 5076 1346 5139 virtutem
1376 5078 1491 5141 multam

147 5260 231 5313 nerg-
244 5247 307 5297 site
315 5253 372 5311 μίαν
383 5250 437 5301 εἶναι
450 5254 537 5321 νομίζει
548 5254 589 5305 τὴν
600 5247 667 5310 ἀνω]
