<?xml version="1.0" encoding="UTF-8"?>
<!DOCTYPE html PUBLIC "-//W3C//DTD XHTML 1.0 Transitional//EN"
    "http://www.w3.org/TR/xhtml1/DTD/xhtml1-transitional.dtd">
<html xmlns="http://www.w3.org/1999/xhtml" xml:lang="en" lang="en">
 <head>
  <title>
</title>
<meta http-equiv="Content-Type" content="text/html;charset=utf-8" />
  <meta name='ocr-system' content='tesseract 3.04.00' />
  <meta name='ocr-capabilities' content='ocr_page ocr_carea ocr_par ocr_line ocrx_word'/>
</head>
<body>
  <div class='ocr_page' id='page_1' title='image "./sanctipatrisnos03chrygoog/sanctipatrisnos03chrygoog_0024.png"; bbox 0 0 3764 5992; ppageno 0'>
   <div class='ocr_carea' id='block_1_1' title="bbox 477 453 1424 544">
    <p class='ocr_par' dir='ltr' id='par_1_1' title="bbox 477 453 1424 544">
     <span class='ocr_line' id='line_1_1' title="bbox 477 453 1424 544; baseline 0.014 -12"><span class='ocrx_word' id='word_1_1' title='bbox 477 453 604 534; x_wconf 85' lang='grc' dir='ltr'><strong>ΤΟΥ</strong></span> <span class='ocrx_word' id='word_1_2' title='bbox 638 455 713 534; x_wconf 86' lang='grc' dir='ltr'><strong>ΕΝ</strong></span> <span class='ocrx_word' id='word_1_3' title='bbox 748 455 952 536; x_wconf 88' lang='grc' dir='ltr'>ΑΓΙΟΙΣ</span> <span class='ocrx_word' id='word_1_4' title='bbox 984 455 1221 538; x_wconf 87' lang='grc' dir='ltr'>ΠΑΤΡΟΣ</span> <span class='ocrx_word' id='word_1_5' title='bbox 1253 462 1424 544; x_wconf 88' lang='grc' dir='ltr'>ΗΜΩΝ</span> 
     </span>
    </p>
   </div>
   <div class='ocr_carea' id='block_1_2' title="bbox 547 743 1339 996">
    <p class='ocr_par' dir='ltr' id='par_1_2' title="bbox 547 743 1339 996">
     <span class='ocr_line' id='line_1_2' title="bbox 547 743 1339 996; baseline 0.005 -3"><span class='ocrx_word' id='word_1_6' title='bbox 547 743 1339 996; x_wconf 81' lang='grc' dir='ltr'>,ΙΩΑΝΝΟΥ</span> 
     </span>
    </p>
   </div>
   <div class='ocr_carea' id='block_1_3' title="bbox 282 1203 1618 1371">
    <p class='ocr_par' dir='ltr' id='par_1_3' title="bbox 282 1203 1618 1371">
     <span class='ocr_line' id='line_1_3' title="bbox 282 1203 1618 1371; baseline 0.008 -11"><span class='ocrx_word' id='word_1_7' title='bbox 282 1203 528 1361; x_wconf 84' lang='grc' dir='ltr'><strong>ΤΟΥ</strong></span> <span class='ocrx_word' id='word_1_8' title='bbox 664 1203 1618 1371; x_wconf 87' lang='grc' dir='ltr'>ΧΡΥΣΟΣΤΟΜΟΥ</span> 
     </span>
    </p>
   </div>
   <div class='ocr_carea' id='block_1_4' title="bbox 663 1565 1226 1631">
    <p class='ocr_par' dir='ltr' id='par_1_4' title="bbox 663 1565 1226 1631">
     <span class='ocr_line' id='line_1_4' title="bbox 663 1565 1226 1631; baseline 0.012 -6"><span class='ocrx_word' id='word_1_9' title='bbox 663 1567 714 1625; x_wconf 80' lang='grc' dir='ltr'><strong>ΤΑ</strong></span> <span class='ocrx_word' id='word_1_10' title='bbox 734 1565 1047 1629; x_wconf 74' lang='grc' dir='ltr'>ΕΥΡΙΣΚΟΜΕΝΑ</span> <span class='ocrx_word' id='word_1_11' title='bbox 1067 1567 1226 1631; x_wconf 66' lang='lat' dir='ltr'><strong>natta</strong></span> 
     </span>
    </p>
   </div>
   <div class='ocr_carea' id='block_1_5' title="bbox 822 1786 1060 1816">
    <p class='ocr_par' dir='ltr' id='par_1_5' title="bbox 822 1786 1060 1816">
     <span class='ocr_line' id='line_1_5' title="bbox 822 1786 1050 1802; baseline 0.009 -4"><span class='ocrx_word' id='word_1_12' title='bbox 822 1786 1050 1802; x_wconf 48' lang='lat' dir='ltr'><strong>m</strong></span> 
     </span>
     <span class='ocr_line' id='line_1_6' title="bbox 830 1804 1060 1816; baseline 0.004 -1"><span class='ocrx_word' id='word_1_13' title='bbox 830 1804 1060 1816; x_wconf 57' lang='lat' dir='ltr'><strong>——a</strong></span> 
     </span>
    </p>
   </div>
   <div class='ocr_carea' id='block_1_6' title="bbox 629 1979 1268 2060">
    <p class='ocr_par' dir='ltr' id='par_1_6' title="bbox 629 1979 1268 2060">
     <span class='ocr_line' id='line_1_7' title="bbox 629 1979 1268 2060; baseline 0.009 -6"><span class='ocrx_word' id='word_1_14' title='bbox 629 1979 825 2056; x_wconf 76' lang='lat' dir='ltr'><strong>stuctt</strong></span> <span class='ocrx_word' id='word_1_15' title='bbox 856 1980 1041 2056; x_wconf 82' lang='lat' dir='ltr'>PATRIS</span> <span class='ocrx_word' id='word_1_16' title='bbox 1073 1981 1268 2060; x_wconf 79' lang='lat' dir='ltr'><strong>Nos&#39;tttt</strong></span> 
     </span>
    </p>
   </div>
   <div class='ocr_carea' id='block_1_7' title="bbox 377 2214 1490 2349">
    <p class='ocr_par' dir='ltr' id='par_1_7' title="bbox 377 2214 1490 2349">
     <span class='ocr_line' id='line_1_8' title="bbox 377 2214 1490 2349; baseline 0.01 -13"><span class='ocrx_word' id='word_1_17' title='bbox 377 2214 765 2343; x_wconf 83' lang='lat' dir='ltr'><strong>JOANNlS</strong></span> <span class='ocrx_word' id='word_1_18' title='bbox 851 2214 1490 2349; x_wconf 86' lang='lat' dir='ltr'>CHRYSOSTOMI</span> 
     </span>
    </p>
   </div>
   <div class='ocr_carea' id='block_1_8' title="bbox 712 2517 1157 2611">
    <p class='ocr_par' dir='ltr' id='par_1_8' title="bbox 712 2517 1157 2611">
     <span class='ocr_line' id='line_1_9' title="bbox 712 2517 1157 2611; baseline 0.009 -7"><span class='ocrx_word' id='word_1_19' title='bbox 712 2517 912 2609; x_wconf 79' lang='lat' dir='ltr'><strong>OPERA</strong></span> <span class='ocrx_word' id='word_1_20' title='bbox 937 2521 1157 2611; x_wconf 83' lang='lat' dir='ltr'><strong>OMNIA.</strong></span> 
     </span>
    </p>
   </div>
   <div class='ocr_carea' id='block_1_9' title="bbox 202 2765 1703 2807">
    <p class='ocr_par' dir='ltr' id='par_1_9' title="bbox 202 2765 1703 2807">
     <span class='ocr_line' id='line_1_10' title="bbox 202 2765 1703 2807; baseline 0.011 -15"><span class='ocrx_word' id='word_1_21' title='bbox 202 2765 1703 2807; x_wconf 59' lang='grc' dir='ltr'><em>Μ</em></span> 
     </span>
    </p>
   </div>
   <div class='ocr_carea' id='block_1_10' title="bbox 570 2950 1293 3031">
    <p class='ocr_par' dir='ltr' id='par_1_10' title="bbox 570 2950 1293 3031">
     <span class='ocr_line' id='line_1_11' title="bbox 570 2950 1293 3031; baseline 0.011 -8"><span class='ocrx_word' id='word_1_22' title='bbox 570 2951 635 3024; x_wconf 83' lang='grc' dir='ltr'><strong>ΑΒ</strong></span> <span class='ocrx_word' id='word_1_23' title='bbox 659 2950 900 3027; x_wconf 83' lang='lat' dir='ltr'><strong>HOMlLlAM</strong></span> <span class='ocrx_word' id='word_1_24' title='bbox 925 2952 975 3027; x_wconf 90' lang='lat' dir='ltr'><strong>lN</strong></span> <span class='ocrx_word' id='word_1_25' title='bbox 1000 2952 1293 3031; x_wconf 82' lang='lat' dir='ltr'><strong>PARABOLAM</strong></span> 
     </span>
    </p>
   </div>
   <div class='ocr_carea' id='block_1_11' title="bbox 462 3139 1413 3240">
    <p class='ocr_par' dir='ltr' id='par_1_11' title="bbox 462 3139 1413 3240">
     <span class='ocr_line' id='line_1_12' title="bbox 462 3139 1413 3240; baseline 0.003 -3"><span class='ocrx_word' id='word_1_26' title='bbox 462 3139 697 3239; x_wconf 81' lang='lat' dir='ltr'><strong>nuntronis</strong></span> <span class='ocrx_word' id='word_1_27' title='bbox 722 3174 872 3236; x_wconf 82' lang='lat' dir='ltr'><strong>nncsu</strong></span> <span class='ocrx_word' id='word_1_28' title='bbox 897 3174 1089 3237; x_wconf 75' lang='lat' dir='ltr'><strong>ninnium</strong></span> <span class='ocrx_word' id='word_1_29' title='bbox 1114 3174 1413 3240; x_wconf 76' lang='lat' dir='ltr'><strong>rinsunonuu</strong></span> 
     </span>
    </p>
   </div>
   <div class='ocr_carea' id='block_1_12' title="bbox 681 3392 1202 3544">
    <p class='ocr_par' dir='ltr' id='par_1_12' title="bbox 681 3392 1202 3544">
     <span class='ocr_line' id='line_1_13' title="bbox 681 3392 1202 3544; baseline -0.006 -25"><span class='ocrx_word' id='word_1_30' title='bbox 681 3392 1202 3544; x_wconf 87' lang='lat' dir='ltr'><strong>ADMONlTlO.</strong></span> 
     </span>
    </p>
   </div>
   <div class='ocr_carea' id='block_1_13' title="bbox 160 3672 1747 5323">
    <p class='ocr_par' dir='ltr' id='par_1_13' title="bbox 162 3672 1747 4862">
     <span class='ocr_line' id='line_1_14' title="bbox 208 3672 1700 3756; baseline 0.001 -21"><span class='ocrx_word' id='word_1_31' title='bbox 208 3676 261 3735; x_wconf 85' lang='lat' dir='ltr'><strong>Non</strong></span> <span class='ocrx_word' id='word_1_32' title='bbox 274 3676 420 3735; x_wconf 77' lang='lat' dir='ltr'><strong>obscuram</strong></span> <span class='ocrx_word' id='word_1_33' title='bbox 432 3675 564 3756; x_wconf 85' lang='lat' dir='ltr'><strong>temporis</strong></span> <span class='ocrx_word' id='word_1_34' title='bbox 576 3688 668 3735; x_wconf 90' lang='lat' dir='ltr'><strong>notam</strong></span> <span class='ocrx_word' id='word_1_35' title='bbox 686 3675 764 3734; x_wconf 79' lang='lat' dir='ltr'><strong>affert</strong></span> <span class='ocrx_word' id='word_1_36' title='bbox 779 3672 990 3754; x_wconf 82' lang='lat' dir='ltr'><strong>Gbrysostomus</strong></span> <span class='ocrx_word' id='word_1_37' title='bbox 1002 3693 1077 3734; x_wconf 80' lang='lat' dir='ltr'><strong>ntum.</strong></span> <span class='ocrx_word' id='word_1_38' title='bbox 1094 3677 1106 3730; x_wconf 87' lang='lat' dir='ltr'><strong>l</strong></span> <span class='ocrx_word' id='word_1_39' title='bbox 1127 3673 1209 3752; x_wconf 87' lang='lat' dir='ltr'><strong>hujus</strong></span> <span class='ocrx_word' id='word_1_40' title='bbox 1220 3672 1364 3747; x_wconf 82' lang='lat' dir='ltr'>concionis,</span> <span class='ocrx_word' id='word_1_41' title='bbox 1380 3693 1442 3732; x_wconf 85' lang='lat' dir='ltr'><strong>oum</strong></span> <span class='ocrx_word' id='word_1_42' title='bbox 1454 3672 1511 3732; x_wconf 88' lang='lat' dir='ltr'><strong>ait:</strong></span> <span class='ocrx_word' id='word_1_43' title='bbox 1526 3675 1588 3735; x_wconf 83' lang='lat' dir='ltr'><strong>Nos</strong></span> <span class='ocrx_word' id='word_1_44' title='bbox 1601 3688 1700 3736; x_wconf 77' lang='lat' dir='ltr'><strong>aaran</strong></span> 
     </span>
     <span class='ocr_line' id='line_1_15' title="bbox 173 3765 1700 3848; baseline 0.001 -22"><span class='ocrx_word' id='word_1_45' title='bbox 173 3787 242 3826; x_wconf 82' lang='lat' dir='ltr'><strong>mom</strong></span> <span class='ocrx_word' id='word_1_46' title='bbox 253 3770 399 3828; x_wconf 76' lang='lat' dir='ltr'><strong>chordam</strong></span> <span class='ocrx_word' id='word_1_47' title='bbox 410 3767 595 3848; x_wconf 77' lang='lat' dir='ltr'><em>pulsavimus</em></span> <span class='ocrx_word' id='word_1_48' title='bbox 606 3789 660 3848; x_wconf 88' lang='lat' dir='ltr'><strong>per</strong></span> <span class='ocrx_word' id='word_1_49' title='bbox 673 3779 765 3828; x_wconf 85' lang='lat' dir='ltr'><strong>totam</strong></span> <span class='ocrx_word' id='word_1_50' title='bbox 779 3767 1053 3847; x_wconf 80' lang='lat' dir='ltr'><strong>Quadragesimam,</strong></span> <span class='ocrx_word' id='word_1_51' title='bbox 1069 3765 1139 3823; x_wconf 82' lang='lat' dir='ltr'><strong>dum</strong></span> <span class='ocrx_word' id='word_1_52' title='bbox 1153 3765 1246 3845; x_wconf 82' lang='lat' dir='ltr'><strong>legem</strong></span> <span class='ocrx_word' id='word_1_53' title='bbox 1259 3767 1344 3825; x_wconf 82' lang='lat' dir='ltr'><strong>uobis</strong></span> <span class='ocrx_word' id='word_1_54' title='bbox 1356 3767 1392 3824; x_wconf 87' lang='lat' dir='ltr'><strong>de</strong></span> <span class='ocrx_word' id='word_1_55' title='bbox 1403 3769 1582 3846; x_wconf 79' lang='lat' dir='ltr'><strong>juramentis</strong></span> <span class='ocrx_word' id='word_1_56' title='bbox 1595 3770 1700 3828; x_wconf 79' lang='lat' dir='ltr'><strong>recita·</strong></span> 
     </span>
     <span class='ocr_line' id='line_1_16' title="bbox 172 3857 1700 3942; baseline 0.004 -29"><span class='ocrx_word' id='word_1_57' title='bbox 172 3865 262 3932; x_wconf 77' lang='lat' dir='ltr'><strong>rimus,</strong></span> <span class='ocrx_word' id='word_1_58' title='bbox 276 3875 305 3921; x_wconf 89' lang='lat' dir='ltr'><strong>et</strong></span> <span class='ocrx_word' id='word_1_59' title='bbox 325 3863 386 3921; x_wconf 86' lang='lat' dir='ltr'><strong>Dei</strong></span> <span class='ocrx_word' id='word_1_60' title='bbox 398 3864 499 3941; x_wconf 81' lang='lat' dir='ltr'><strong>gratia</strong></span> <span class='ocrx_word' id='word_1_61' title='bbox 514 3861 658 3942; x_wconf 76' lang='lat' dir='ltr'><strong>effectum</strong></span> <span class='ocrx_word' id='word_1_62' title='bbox 671 3873 729 3937; x_wconf 84' lang='lat' dir='ltr'><strong>est,</strong></span> <span class='ocrx_word' id='word_1_63' title='bbox 745 3871 778 3919; x_wconf 87' lang='lat' dir='ltr'><strong>ut</strong></span> <span class='ocrx_word' id='word_1_64' title='bbox 789 3860 934 3939; x_wconf 78' lang='lat' dir='ltr'><strong><em>pleraque</em></strong></span> <span class='ocrx_word' id='word_1_65' title='bbox 946 3877 967 3916; x_wconf 83' lang='lat' dir='ltr'><strong>u</strong></span> <span class='ocrx_word' id='word_1_66' title='bbox 981 3859 1066 3916; x_wconf 84' lang='lat' dir='ltr'><strong>nobis</strong></span> <span class='ocrx_word' id='word_1_67' title='bbox 1084 3876 1137 3916; x_wconf 86' lang='lat' dir='ltr'><strong>ora</strong></span> <span class='ocrx_word' id='word_1_68' title='bbox 1154 3859 1187 3915; x_wconf 85' lang='lat' dir='ltr'><strong>in</strong></span> <span class='ocrx_word' id='word_1_69' title='bbox 1203 3857 1261 3916; x_wconf 78' lang='lat' dir='ltr'><strong>luae</strong></span> <span class='ocrx_word' id='word_1_70' title='bbox 1276 3857 1348 3938; x_wconf 82' lang='lat' dir='ltr'><strong>legis</strong></span> <span class='ocrx_word' id='word_1_71' title='bbox 1362 3857 1490 3918; x_wconf 80' lang='lat' dir='ltr'><em>melodia</em></span> <span class='ocrx_word' id='word_1_72' title='bbox 1507 3862 1551 3918; x_wconf 86' lang='lat' dir='ltr'><strong>ita</strong></span> <span class='ocrx_word' id='word_1_73' title='bbox 1563 3862 1700 3920; x_wconf 82' lang='lat' dir='ltr'><strong>instituto</strong></span> 
     </span>
     <span class='ocr_line' id='line_1_17' title="bbox 167 3951 1700 4032; baseline 0.002 -25"><span class='ocrx_word' id='word_1_74' title='bbox 167 3955 223 4023; x_wconf 81' lang='lat' dir='ltr'><strong>siat,</strong></span> <span class='ocrx_word' id='word_1_75' title='bbox 237 3967 279 4022; x_wconf 85' lang='lat' dir='ltr'><strong>ut,</strong></span> <span class='ocrx_word' id='word_1_76' title='bbox 296 3953 424 4032; x_wconf 84' lang='lat' dir='ltr'><strong>depulsa</strong></span> <span class='ocrx_word' id='word_1_77' title='bbox 436 3973 532 4031; x_wconf 82' lang='lat' dir='ltr'><strong>prava</strong></span> <span class='ocrx_word' id='word_1_78' title='bbox 545 3952 764 4024; x_wconf 82' lang='lat' dir='ltr'><strong>consuetudine,</strong></span> <span class='ocrx_word' id='word_1_79' title='bbox 777 3971 832 4031; x_wconf 90' lang='lat' dir='ltr'><strong>pro</strong></span> <span class='ocrx_word' id='word_1_80' title='bbox 841 3970 876 4010; x_wconf 91' lang='lat' dir='ltr'><strong>eo</strong></span> <span class='ocrx_word' id='word_1_81' title='bbox 889 3951 969 4031; x_wconf 85' lang='lat' dir='ltr'><strong>quod</strong></span> <span class='ocrx_word' id='word_1_82' title='bbox 981 3962 1072 4010; x_wconf 82' lang='lat' dir='ltr'><strong>antea</strong></span> <span class='ocrx_word' id='word_1_83' title='bbox 1081 3951 1178 4010; x_wconf 85' lang='lat' dir='ltr'><strong>Deum</strong></span> <span class='ocrx_word' id='word_1_84' title='bbox 1188 3953 1345 4030; x_wconf 76' lang='lat' dir='ltr'><strong>jurabant,</strong></span> <span class='ocrx_word' id='word_1_85' title='bbox 1356 3953 1421 4031; x_wconf 83' lang='lat' dir='ltr'><strong>jam</strong></span> <span class='ocrx_word' id='word_1_86' title='bbox 1435 3951 1513 4009; x_wconf 77' lang='lat' dir='ltr'><strong>nibil</strong></span> <span class='ocrx_word' id='word_1_87' title='bbox 1526 3954 1583 4011; x_wconf 87' lang='lat' dir='ltr'><strong>nisi</strong></span> <span class='ocrx_word' id='word_1_88' title='bbox 1592 3953 1658 4024; x_wconf 83' lang='lat' dir='ltr'><strong>Est,</strong></span> <span class='ocrx_word' id='word_1_89' title='bbox 1671 3966 1700 4011; x_wconf 87' lang='lat' dir='ltr'><strong>et</strong></span> 
     </span>
     <span class='ocr_line' id='line_1_18' title="bbox 165 4042 1747 4125; baseline 0.001 -25"><span class='ocrx_word' id='word_1_90' title='bbox 165 4045 222 4102; x_wconf 76' lang='lat' dir='ltr'><strong>dou</strong></span> <span class='ocrx_word' id='word_1_91' title='bbox 231 4059 283 4117; x_wconf 82' lang='lat' dir='ltr'><strong>ert,</strong></span> <span class='ocrx_word' id='word_1_92' title='bbox 291 4059 320 4104; x_wconf 90' lang='lat' dir='ltr'><strong>et</strong></span> <span class='ocrx_word' id='word_1_93' title='bbox 326 4047 422 4104; x_wconf 85' lang='lat' dir='ltr'><strong>Crede</strong></span> <span class='ocrx_word' id='word_1_94' title='bbox 432 4047 514 4120; x_wconf 83' lang='lat' dir='ltr'><strong>milti,</strong></span> <span class='ocrx_word' id='word_1_95' title='bbox 526 4048 559 4103; x_wconf 84' lang='lat' dir='ltr'><strong>in</strong></span> <span class='ocrx_word' id='word_1_96' title='bbox 568 4045 670 4124; x_wconf 73' lang='lat' dir='ltr'><strong>liugom</strong></span> <span class='ocrx_word' id='word_1_97' title='bbox 683 4063 738 4103; x_wconf 86' lang='lat' dir='ltr'><strong>sua</strong></span> <span class='ocrx_word' id='word_1_98' title='bbox 747 4045 969 4125; x_wconf 72' lang='lat' dir='ltr'><strong><em>circumferant,</em></strong></span> <span class='ocrx_word' id='word_1_99' title='bbox 983 4043 1072 4124; x_wconf 84' lang='lat' dir='ltr'><strong>idque</strong></span> <span class='ocrx_word' id='word_1_100' title='bbox 1081 4046 1203 4101; x_wconf 84' lang='lat' dir='ltr'><strong>inomni</strong></span> <span class='ocrx_word' id='word_1_101' title='bbox 1212 4043 1369 4124; x_wconf 84' lang='lat' dir='ltr'><strong>colloquio,</strong></span> <span class='ocrx_word' id='word_1_102' title='bbox 1377 4042 1499 4103; x_wconf 71' lang='lat' dir='ltr'><strong>eto.Ha=o</strong></span> <span class='ocrx_word' id='word_1_103' title='bbox 1508 4064 1590 4124; x_wconf 88' lang='lat' dir='ltr'><strong>porro</strong></span> <span class='ocrx_word' id='word_1_104' title='bbox 1600 4045 1699 4117; x_wconf 80' lang='lat' dir='ltr'><strong>molor,</strong></span> <span class='ocrx_word' id='word_1_105' title='bbox 1743 4056 1747 4063; x_wconf 86' lang='grc'><em>·</em></span> 
     </span>
     <span class='ocr_line' id='line_1_19' title="bbox 165 4134 1699 4218; baseline -0.001 -23"><span class='ocrx_word' id='word_1_106' title='bbox 165 4137 240 4210; x_wconf 81' lang='lat' dir='ltr'><strong>sodes,</strong></span> <span class='ocrx_word' id='word_1_107' title='bbox 255 4159 319 4196; x_wconf 87' lang='lat' dir='ltr'><strong>cum</strong></span> <span class='ocrx_word' id='word_1_108' title='bbox 331 4137 450 4218; x_wconf 77' lang='lat' dir='ltr'><strong>epilogis</strong></span> <span class='ocrx_word' id='word_1_109' title='bbox 460 4157 528 4218; x_wconf 89' lang='lat' dir='ltr'><strong>pene</strong></span> <span class='ocrx_word' id='word_1_110' title='bbox 537 4136 664 4196; x_wconf 85' lang='lat' dir='ltr'><strong>omnibus</strong></span> <span class='ocrx_word' id='word_1_111' title='bbox 678 4134 861 4195; x_wconf 85' lang='lat' dir='ltr'><strong>llomiliarum</strong></span> <span class='ocrx_word' id='word_1_112' title='bbox 872 4134 900 4194; x_wconf 90' lang='lat' dir='ltr'><strong>in</strong></span> <span class='ocrx_word' id='word_1_113' title='bbox 914 4137 1031 4211; x_wconf 76' lang='lat' dir='ltr'><strong>Statuas,</strong></span> <span class='ocrx_word' id='word_1_114' title='bbox 1042 4156 1110 4216; x_wconf 87' lang='lat' dir='ltr'><strong>quas</strong></span> <span class='ocrx_word' id='word_1_115' title='bbox 1120 4135 1199 4195; x_wconf 90' lang='lat' dir='ltr'><strong>initio</strong></span> <span class='ocrx_word' id='word_1_116' title='bbox 1216 4134 1327 4194; x_wconf 81' lang='lat' dir='ltr'><strong>secundi</strong></span> <span class='ocrx_word' id='word_1_117' title='bbox 1339 4135 1421 4195; x_wconf 91' lang='lat' dir='ltr'><strong>Tomi</strong></span> <span class='ocrx_word' id='word_1_118' title='bbox 1434 4135 1594 4212; x_wconf 71' lang='lat' dir='ltr'><strong>locavimus,</strong></span> <span class='ocrx_word' id='word_1_119' title='bbox 1608 4136 1699 4215; x_wconf 82' lang='lat' dir='ltr'>ibique</span> 
     </span>
     <span class='ocr_line' id='line_1_20' title="bbox 163 4225 1699 4310; baseline -0.001 -21"><span class='ocrx_word' id='word_1_120' title='bbox 163 4249 208 4289; x_wconf 84' lang='lat' dir='ltr'><strong>nou</strong></span> <span class='ocrx_word' id='word_1_121' title='bbox 219 4229 300 4289; x_wconf 89' lang='lat' dir='ltr'><strong>modo</strong></span> <span class='ocrx_word' id='word_1_122' title='bbox 314 4229 506 4289; x_wconf 69' lang='lat' dir='ltr'><strong>adhortantem</strong></span> <span class='ocrx_word' id='word_1_123' title='bbox 519 4227 556 4288; x_wconf 88' lang='lat' dir='ltr'><strong>ad</strong></span> <span class='ocrx_word' id='word_1_124' title='bbox 565 4229 719 4309; x_wconf 85' lang='lat' dir='ltr'><strong>juramenta</strong></span> <span class='ocrx_word' id='word_1_125' title='bbox 732 4225 844 4286; x_wconf 79' lang='lat' dir='ltr'><strong>vitanda</strong></span> <span class='ocrx_word' id='word_1_126' title='bbox 852 4227 1076 4310; x_wconf 66' lang='lat' dir='ltr'><strong>chrysostomum</strong></span> <span class='ocrx_word' id='word_1_127' title='bbox 1089 4225 1281 4310; x_wconf 86' lang='lat' dir='ltr'><strong>deprehendes,</strong></span> <span class='ocrx_word' id='word_1_128' title='bbox 1291 4226 1337 4288; x_wconf 87' lang='lat' dir='ltr'><strong>sed</strong></span> <span class='ocrx_word' id='word_1_129' title='bbox 1347 4227 1532 4289; x_wconf 83' lang='lat' dir='ltr'><strong>etiamversus</strong></span> <span class='ocrx_word' id='word_1_130' title='bbox 1542 4227 1699 4308; x_wconf 78' lang='lat' dir='ltr'><strong>Quadrage·</strong></span> 
     </span>
     <span class='ocr_line' id='line_1_21' title="bbox 163 4317 1697 4401; baseline 0.001 -23"><span class='ocrx_word' id='word_1_131' title='bbox 163 4320 226 4379; x_wconf 79' lang='lat' dir='ltr'><strong>sima</strong></span> <span class='ocrx_word' id='word_1_132' title='bbox 238 4322 323 4380; x_wconf 87' lang='lat' dir='ltr'><strong>linem</strong></span> <span class='ocrx_word' id='word_1_133' title='bbox 336 4321 440 4401; x_wconf 80' lang='lat' dir='ltr'><strong>gratias</strong></span> <span class='ocrx_word' id='word_1_134' title='bbox 451 4322 511 4380; x_wconf 88' lang='lat' dir='ltr'><strong>Deo</strong></span> <span class='ocrx_word' id='word_1_135' title='bbox 524 4324 664 4400; x_wconf 76' lang='lat' dir='ltr'><strong>agentem,</strong></span> <span class='ocrx_word' id='word_1_136' title='bbox 679 4317 753 4399; x_wconf 87' lang='lat' dir='ltr'><strong>quod</strong></span> <span class='ocrx_word' id='word_1_137' title='bbox 767 4339 821 4380; x_wconf 95' lang='lat' dir='ltr'><strong>non</strong></span> <span class='ocrx_word' id='word_1_138' title='bbox 833 4319 933 4379; x_wconf 82' lang='lat' dir='ltr'><strong>frustra</strong></span> <span class='ocrx_word' id='word_1_139' title='bbox 946 4340 995 4380; x_wconf 92' lang='lat' dir='ltr'><strong>nec</strong></span> <span class='ocrx_word' id='word_1_140' title='bbox 1009 4319 1067 4379; x_wconf 88' lang='lat' dir='ltr'><strong>sine</strong></span> <span class='ocrx_word' id='word_1_141' title='bbox 1079 4321 1170 4379; x_wconf 79' lang='lat' dir='ltr'><strong>fructu</strong></span> <span class='ocrx_word' id='word_1_142' title='bbox 1182 4319 1247 4379; x_wconf 93' lang='lat' dir='ltr'><strong>huic</strong></span> <span class='ocrx_word' id='word_1_143' title='bbox 1260 4318 1381 4379; x_wconf 88' lang='lat' dir='ltr'><strong>curando</strong></span> <span class='ocrx_word' id='word_1_144' title='bbox 1396 4318 1463 4381; x_wconf 86' lang='lat' dir='ltr'><strong>vitio</strong></span> <span class='ocrx_word' id='word_1_145' title='bbox 1477 4340 1587 4380; x_wconf 91' lang='lat' dir='ltr'><strong>manum</strong></span> <span class='ocrx_word' id='word_1_146' title='bbox 1600 4319 1697 4380; x_wconf 88' lang='lat' dir='ltr'><strong>admo·</strong></span> 
     </span>
     <span class='ocr_line' id='line_1_22' title="bbox 163 4409 1697 4492; baseline 0.001 -24"><span class='ocrx_word' id='word_1_147' title='bbox 163 4412 230 4470; x_wconf 79' lang='lat' dir='ltr'><strong>serit</strong></span> <span class='ocrx_word' id='word_1_148' title='bbox 242 4413 308 4471; x_wconf 77' lang='lat' dir='ltr'><strong>llaee</strong></span> <span class='ocrx_word' id='word_1_149' title='bbox 320 4412 357 4471; x_wconf 89' lang='lat' dir='ltr'><strong>de</strong></span> <span class='ocrx_word' id='word_1_150' title='bbox 368 4411 483 4471; x_wconf 82' lang='lat' dir='ltr'><strong>vitando</strong></span> <span class='ocrx_word' id='word_1_151' title='bbox 493 4412 647 4492; x_wconf 84' lang='lat' dir='ltr'><strong>juramento</strong></span> <span class='ocrx_word' id='word_1_152' title='bbox 662 4409 764 4471; x_wconf 88' lang='lat' dir='ltr'><strong>monita</strong></span> <span class='ocrx_word' id='word_1_153' title='bbox 778 4410 913 4492; x_wconf 86' lang='lat' dir='ltr'><strong>pertinent</strong></span> <span class='ocrx_word' id='word_1_154' title='bbox 926 4409 1211 4490; x_wconf 80' lang='lat' dir='ltr'><strong>adQuadragesimam</strong></span> <span class='ocrx_word' id='word_1_155' title='bbox 1223 4411 1287 4471; x_wconf 91' lang='lat' dir='ltr'><strong>anni</strong></span> <span class='ocrx_word' id='word_1_156' title='bbox 1298 4410 1369 4483; x_wconf 75' lang='lat'>587,</span> <span class='ocrx_word' id='word_1_157' title='bbox 1385 4424 1416 4470; x_wconf 92' lang='lat' dir='ltr'><strong>ut</strong></span> <span class='ocrx_word' id='word_1_158' title='bbox 1430 4410 1553 4471; x_wconf 80' lang='lat' dir='ltr'><strong>diximus</strong></span> <span class='ocrx_word' id='word_1_159' title='bbox 1562 4411 1697 4471; x_wconf 78' lang='lat' dir='ltr'><strong>Admoni-</strong></span> 
     </span>
     <span class='ocr_line' id='line_1_23' title="bbox 162 4502 1695 4583; baseline 0 -20"><span class='ocrx_word' id='word_1_160' title='bbox 162 4504 260 4564; x_wconf 81' lang='lat' dir='ltr'><strong>tionem</strong></span> <span class='ocrx_word' id='word_1_161' title='bbox 272 4504 410 4564; x_wconf 88' lang='lat' dir='ltr'><strong>llomilias</strong></span> <span class='ocrx_word' id='word_1_162' title='bbox 417 4505 452 4564; x_wconf 89' lang='lat' dir='ltr'><strong>de</strong></span> <span class='ocrx_word' id='word_1_163' title='bbox 460 4503 564 4564; x_wconf 89' lang='lat' dir='ltr'><strong>Statuis</strong></span> <span class='ocrx_word' id='word_1_164' title='bbox 574 4527 580 4560; x_wconf 91' lang='lat'><strong>:</strong></span> <span class='ocrx_word' id='word_1_165' title='bbox 592 4504 656 4563; x_wconf 91' lang='lat' dir='ltr'><strong>bino</strong></span> <span class='ocrx_word' id='word_1_166' title='bbox 666 4523 731 4564; x_wconf 86' lang='lat' dir='ltr'><strong>vero</strong></span> <span class='ocrx_word' id='word_1_167' title='bbox 742 4502 863 4583; x_wconf 84' lang='lat' dir='ltr'><strong>sequitur</strong></span> <span class='ocrx_word' id='word_1_168' title='bbox 872 4503 943 4563; x_wconf 88' lang='lat' dir='ltr'><strong>bano</strong></span> <span class='ocrx_word' id='word_1_169' title='bbox 953 4503 1109 4564; x_wconf 87' lang='lat' dir='ltr'><strong>nonnionem</strong></span> <span class='ocrx_word' id='word_1_170' title='bbox 1117 4503 1146 4562; x_wconf 94' lang='lat' dir='ltr'><strong>in</strong></span> <span class='ocrx_word' id='word_1_171' title='bbox 1157 4502 1319 4564; x_wconf 86' lang='lat' dir='ltr'><strong>Parabolam</strong></span> <span class='ocrx_word' id='word_1_172' title='bbox 1331 4502 1462 4564; x_wconf 86' lang='lat' dir='ltr'><strong>debitoris</strong></span> <span class='ocrx_word' id='word_1_173' title='bbox 1475 4502 1567 4564; x_wconf 86' lang='lat' dir='ltr'><strong>decem</strong></span> <span class='ocrx_word' id='word_1_174' title='bbox 1576 4503 1695 4563; x_wconf 90' lang='lat' dir='ltr'><strong>millium</strong></span> 
     </span>
     <span class='ocr_line' id='line_1_24' title="bbox 162 4593 1695 4678; baseline 0.001 -24"><span class='ocrx_word' id='word_1_175' title='bbox 162 4596 315 4656; x_wconf 76' lang='lat' dir='ltr'><strong>talentorum</strong></span> <span class='ocrx_word' id='word_1_176' title='bbox 330 4596 428 4656; x_wconf 63' lang='lat' dir='ltr'><strong>omem</strong></span> <span class='ocrx_word' id='word_1_177' title='bbox 447 4617 518 4656; x_wconf 88' lang='lat' dir='ltr'><strong>anno</strong></span> <span class='ocrx_word' id='word_1_178' title='bbox 528 4595 587 4656; x_wconf 72' lang='lat'><strong>387</strong></span> <span class='ocrx_word' id='word_1_179' title='bbox 605 4608 666 4676; x_wconf 89' lang='lat' dir='ltr'><strong>post</strong></span> <span class='ocrx_word' id='word_1_180' title='bbox 676 4594 918 4677; x_wconf 82' lang='lat' dir='ltr'><strong>Quadragesimam</strong></span> <span class='ocrx_word' id='word_1_181' title='bbox 938 4595 1062 4655; x_wconf 85' lang='lat' dir='ltr'><strong>habitam</strong></span> <span class='ocrx_word' id='word_1_182' title='bbox 1076 4595 1167 4656; x_wconf 74' lang='lat' dir='ltr'><strong>[nime.</strong></span> <span class='ocrx_word' id='word_1_183' title='bbox 1181 4595 1320 4656; x_wconf 88' lang='lat' dir='ltr'><strong>Nimirum</strong></span> <span class='ocrx_word' id='word_1_184' title='bbox 1339 4609 1482 4678; x_wconf 85' lang='lat' dir='ltr'><strong>postquam</strong></span> <span class='ocrx_word' id='word_1_185' title='bbox 1495 4597 1647 4676; x_wconf 86' lang='lat' dir='ltr'><strong>juramenta</strong></span> <span class='ocrx_word' id='word_1_186' title='bbox 1660 4593 1695 4656; x_wconf 89' lang='lat' dir='ltr'><strong>do</strong></span> 
     </span>
     <span class='ocr_line' id='line_1_25' title="bbox 162 4685 1697 4770; baseline 0.001 -24"><span class='ocrx_word' id='word_1_187' title='bbox 162 4687 242 4748; x_wconf 84' lang='lat' dir='ltr'><strong>nodio</strong></span> <span class='ocrx_word' id='word_1_188' title='bbox 256 4688 413 4764; x_wconf 76' lang='lat' dir='ltr'><strong>sustulerat,</strong></span> <span class='ocrx_word' id='word_1_189' title='bbox 433 4688 512 4748; x_wconf 88' lang='lat' dir='ltr'><strong>aliud</strong></span> <span class='ocrx_word' id='word_1_190' title='bbox 525 4688 675 4748; x_wconf 84' lang='lat' dir='ltr'><strong>curandum</strong></span> <span class='ocrx_word' id='word_1_191' title='bbox 691 4687 805 4760; x_wconf 89' lang='lat' dir='ltr'><strong>malum,</strong></span> <span class='ocrx_word' id='word_1_192' title='bbox 818 4700 850 4747; x_wconf 89' lang='lat' dir='ltr'><strong>nt</strong></span> <span class='ocrx_word' id='word_1_193' title='bbox 869 4687 989 4768; x_wconf 87' lang='lat' dir='ltr'><strong>optimus</strong></span> <span class='ocrx_word' id='word_1_194' title='bbox 1008 4686 1138 4763; x_wconf 87' lang='lat' dir='ltr'><strong>medicus,</strong></span> <span class='ocrx_word' id='word_1_195' title='bbox 1150 4687 1263 4770; x_wconf 86' lang='lat' dir='ltr'><strong>suscipit</strong></span> <span class='ocrx_word' id='word_1_196' title='bbox 1280 4711 1287 4745; x_wconf 76' lang='grc' dir='ltr'><strong><em>ε</em></strong></span> <span class='ocrx_word' id='word_1_197' title='bbox 1303 4687 1405 4748; x_wconf 85' lang='lat' dir='ltr'><strong>seilicet</strong></span> <span class='ocrx_word' id='word_1_198' title='bbox 1418 4685 1513 4747; x_wconf 89' lang='lat' dir='ltr'><strong>odium</strong></span> <span class='ocrx_word' id='word_1_199' title='bbox 1531 4690 1658 4766; x_wconf 83' lang='lat' dir='ltr'><strong>proximi</strong></span> <span class='ocrx_word' id='word_1_200' title='bbox 1670 4701 1697 4748; x_wconf 89' lang='lat' dir='ltr'><strong>et</strong></span> 
     </span>
     <span class='ocr_line' id='line_1_26' title="bbox 164 4779 920 4862; baseline 0.001 -23"><span class='ocrx_word' id='word_1_201' title='bbox 164 4782 342 4855; x_wconf 67' lang='grc' dir='ltr'><strong>μνησικακίαν,</strong></span> <span class='ocrx_word' id='word_1_202' title='bbox 354 4781 414 4840; x_wconf 81' lang='lat' dir='ltr'><strong>sire</strong></span> <span class='ocrx_word' id='word_1_203' title='bbox 422 4781 585 4862; x_wconf 88' lang='lat' dir='ltr'><strong>injuriarum</strong></span> <span class='ocrx_word' id='word_1_204' title='bbox 594 4780 746 4840; x_wconf 82' lang='lat' dir='ltr'><strong>oblatarum</strong></span> <span class='ocrx_word' id='word_1_205' title='bbox 755 4779 920 4840; x_wconf 87' lang='lat' dir='ltr'><strong>memoriam.</strong></span> 
     </span>
    </p>

    <p class='ocr_par' dir='ltr' id='par_1_14' title="bbox 160 4867 1697 5323">
     <span class='ocr_line' id='line_1_27' title="bbox 195 4867 1695 4955; baseline 0.001 -24"><span class='ocrx_word' id='word_1_206' title='bbox 195 4873 267 4933; x_wconf 86' lang='lat' dir='ltr'><strong>llanc</strong></span> <span class='ocrx_word' id='word_1_207' title='bbox 279 4896 361 4955; x_wconf 88' lang='lat' dir='ltr'><strong>porro</strong></span> <span class='ocrx_word' id='word_1_208' title='bbox 374 4873 519 4934; x_wconf 88' lang='lat' dir='ltr'><strong>homiliam</strong></span> <span class='ocrx_word' id='word_1_209' title='bbox 531 4873 628 4933; x_wconf 88' lang='lat' dir='ltr'><strong>babuit</strong></span> <span class='ocrx_word' id='word_1_210' title='bbox 641 4887 781 4954; x_wconf 89' lang='lat' dir='ltr'><strong>postquam</strong></span> <span class='ocrx_word' id='word_1_211' title='bbox 793 4894 828 4932; x_wconf 80' lang='lat' dir='ltr'><strong>ex</strong></span> <span class='ocrx_word' id='word_1_212' title='bbox 841 4874 938 4932; x_wconf 92' lang='lat' dir='ltr'><strong>morbo</strong></span> <span class='ocrx_word' id='word_1_213' title='bbox 954 4867 1145 4950; x_wconf 51' lang='lat' dir='ltr'><strong>convalueram</strong></span> <span class='ocrx_word' id='word_1_214' title='bbox 1160 4871 1232 4932; x_wconf 88' lang='lat' dir='ltr'><strong>unde</strong></span> <span class='ocrx_word' id='word_1_215' title='bbox 1248 4872 1328 4932; x_wconf 85' lang='lat' dir='ltr'><strong>etiam</strong></span> <span class='ocrx_word' id='word_1_216' title='bbox 1339 4871 1485 4932; x_wconf 68' lang='lat' dir='ltr'><strong>mucimus</strong></span> <span class='ocrx_word' id='word_1_217' title='bbox 1499 4873 1589 4954; x_wconf 91' lang='lat' dir='ltr'><strong>ipsum</strong></span> <span class='ocrx_word' id='word_1_218' title='bbox 1600 4870 1695 4932; x_wconf 87' lang='lat' dir='ltr'><strong>eodem</strong></span> 
     </span>
     <span class='ocr_line' id='line_1_28' title="bbox 162 4963 1695 5046; baseline 0.001 -24"><span class='ocrx_word' id='word_1_219' title='bbox 162 4985 224 5024; x_wconf 80' lang='lat' dir='ltr'><strong>anno</strong></span> <span class='ocrx_word' id='word_1_220' title='bbox 236 4967 271 5024; x_wconf 89' lang='lat' dir='ltr'><strong>ab</strong></span> <span class='ocrx_word' id='word_1_221' title='bbox 288 4981 395 5026; x_wconf 86' lang='lat' dir='ltr'><strong>assueto</strong></span> <span class='ocrx_word' id='word_1_222' title='bbox 409 4964 589 5026; x_wconf 85' lang='lat' dir='ltr'><strong>concionandi</strong></span> <span class='ocrx_word' id='word_1_223' title='bbox 608 4965 699 5024; x_wconf 86' lang='lat' dir='ltr'><strong>officio</strong></span> <span class='ocrx_word' id='word_1_224' title='bbox 712 4985 743 5024; x_wconf 87' lang='lat' dir='ltr'><strong>ea</strong></span> <span class='ocrx_word' id='word_1_225' title='bbox 756 4963 791 5023; x_wconf 87' lang='lat' dir='ltr'><strong>de</strong></span> <span class='ocrx_word' id='word_1_226' title='bbox 804 4984 884 5024; x_wconf 88' lang='lat' dir='ltr'><strong>cansa</strong></span> <span class='ocrx_word' id='word_1_227' title='bbox 897 4963 1035 5043; x_wconf 87' lang='lat' dir='ltr'><strong>aliquanto</strong></span> <span class='ocrx_word' id='word_1_228' title='bbox 1048 4977 1168 5046; x_wconf 85' lang='lat' dir='ltr'><strong>tempore</strong></span> <span class='ocrx_word' id='word_1_229' title='bbox 1179 4964 1356 5024; x_wconf 87' lang='lat' dir='ltr'><strong>abstinuisse:</strong></span> <span class='ocrx_word' id='word_1_230' title='bbox 1368 4985 1422 5042; x_wconf 89' lang='lat' dir='ltr'><strong>qua</strong></span> <span class='ocrx_word' id='word_1_231' title='bbox 1435 4985 1500 5026; x_wconf 81' lang='lat' dir='ltr'><strong>vero</strong></span> <span class='ocrx_word' id='word_1_232' title='bbox 1512 4963 1575 5023; x_wconf 89' lang='lat' dir='ltr'><strong>nuni</strong></span> <span class='ocrx_word' id='word_1_233' title='bbox 1590 4976 1695 5046; x_wconf 86' lang='lat' dir='ltr'><strong>tempe-</strong></span> 
     </span>
     <span class='ocr_line' id='line_1_29' title="bbox 163 5055 1695 5141; baseline 0.001 -26"><span class='ocrx_word' id='word_1_234' title='bbox 163 5072 222 5117; x_wconf 78' lang='lat' dir='ltr'><strong>state</strong></span> <span class='ocrx_word' id='word_1_235' title='bbox 233 5060 262 5120; x_wconf 88' lang='lat' dir='ltr'><strong>id</strong></span> <span class='ocrx_word' id='word_1_236' title='bbox 276 5059 415 5134; x_wconf 84' lang='lat' dir='ltr'><strong>acciderit,</strong></span> <span class='ocrx_word' id='word_1_237' title='bbox 425 5062 486 5141; x_wconf 84' lang='lat' dir='ltr'><strong>jam</strong></span> <span class='ocrx_word' id='word_1_238' title='bbox 500 5071 542 5117; x_wconf 90' lang='lat' dir='ltr'><strong>est</strong></span> <span class='ocrx_word' id='word_1_239' title='bbox 555 5056 769 5137; x_wconf 87' lang='lat' dir='ltr'><strong>disquirendum.</strong></span> <span class='ocrx_word' id='word_1_240' title='bbox 785 5056 897 5136; x_wconf 74' lang='lat' dir='ltr'><strong>Aliquid</strong></span> <span class='ocrx_word' id='word_1_241' title='bbox 910 5076 972 5116; x_wconf 89' lang='lat' dir='ltr'><strong>sane</strong></span> <span class='ocrx_word' id='word_1_242' title='bbox 985 5056 1054 5116; x_wconf 91' lang='lat' dir='ltr'><strong>luois</strong></span> <span class='ocrx_word' id='word_1_243' title='bbox 1067 5056 1102 5116; x_wconf 90' lang='lat' dir='ltr'><strong>ad</strong></span> <span class='ocrx_word' id='word_1_244' title='bbox 1116 5057 1174 5137; x_wconf 84' lang='lat' dir='ltr'><strong>ojus</strong></span> <span class='ocrx_word' id='word_1_245' title='bbox 1188 5057 1226 5116; x_wconf 89' lang='lat' dir='ltr'><strong>rei</strong></span> <span class='ocrx_word' id='word_1_246' title='bbox 1241 5056 1364 5117; x_wconf 90' lang='lat' dir='ltr'><strong>notitiam</strong></span> <span class='ocrx_word' id='word_1_247' title='bbox 1379 5055 1572 5135; x_wconf 81' lang='lat' dir='ltr'><strong>assequendam</strong></span> <span class='ocrx_word' id='word_1_248' title='bbox 1586 5069 1695 5116; x_wconf 88' lang='lat' dir='ltr'><strong>mutua-</strong></span> 
     </span>
     <span class='ocr_line' id='line_1_30' title="bbox 162 5147 1697 5234; baseline 0.001 -29"><span class='ocrx_word' id='word_1_249' title='bbox 162 5168 218 5207; x_wconf 90' lang='lat' dir='ltr'><strong>mur</strong></span> <span class='ocrx_word' id='word_1_250' title='bbox 229 5173 261 5210; x_wconf 81' lang='lat' dir='ltr'><strong>ex</strong></span> <span class='ocrx_word' id='word_1_251' title='bbox 274 5153 401 5213; x_wconf 86' lang='lat' dir='ltr'><strong>Sermone</strong></span> <span class='ocrx_word' id='word_1_252' title='bbox 414 5152 510 5234; x_wconf 89' lang='lat' dir='ltr'><strong>primo</strong></span> <span class='ocrx_word' id='word_1_253' title='bbox 526 5149 554 5208; x_wconf 91' lang='lat' dir='ltr'><strong>in</strong></span> <span class='ocrx_word' id='word_1_254' title='bbox 574 5152 676 5209; x_wconf 79' lang='lat' dir='ltr'><strong>Annam</strong></span> <span class='ocrx_word' id='word_1_255' title='bbox 691 5150 775 5209; x_wconf 84' lang='lat' dir='ltr'><strong>Tom.</strong></span> <span class='ocrx_word' id='word_1_256' title='bbox 791 5150 842 5209; x_wconf 84' lang='lat' dir='ltr'><strong>lv.</strong></span> <span class='ocrx_word' id='word_1_257' title='bbox 859 5171 888 5230; x_wconf 82' lang='lat' dir='ltr'><strong>p.</strong></span> <span class='ocrx_word' id='word_1_258' title='bbox 898 5149 968 5224; x_wconf 78' lang='lat'><strong>679,</strong></span> <span class='ocrx_word' id='word_1_259' title='bbox 982 5148 1030 5208; x_wconf 89' lang='lat' dir='ltr'><strong>ubi</strong></span> <span class='ocrx_word' id='word_1_260' title='bbox 1040 5148 1122 5229; x_wconf 92' lang='lat' dir='ltr'><strong>paulo</strong></span> <span class='ocrx_word' id='word_1_261' title='bbox 1137 5162 1198 5230; x_wconf 92' lang='lat' dir='ltr'><strong>post</strong></span> <span class='ocrx_word' id='word_1_262' title='bbox 1210 5148 1319 5207; x_wconf 91' lang='lat' dir='ltr'><strong>initium</strong></span> <span class='ocrx_word' id='word_1_263' title='bbox 1332 5148 1391 5208; x_wconf 84' lang='lat' dir='ltr'><strong>haeo</strong></span> <span class='ocrx_word' id='word_1_264' title='bbox 1404 5148 1545 5223; x_wconf 85' lang='lat' dir='ltr'><strong>habentur,</strong></span> <span class='ocrx_word' id='word_1_265' title='bbox 1558 5170 1618 5227; x_wconf 76' lang='lat' dir='ltr'><strong>qua</strong></span> <span class='ocrx_word' id='word_1_266' title='bbox 1633 5147 1697 5227; x_wconf 83' lang='lat' dir='ltr'><strong>quia</strong></span> 
     </span>
     <span class='ocr_line' id='line_1_31' title="bbox 160 5239 1697 5323; baseline -0.003 -20"><span class='ocrx_word' id='word_1_267' title='bbox 160 5239 313 5323; x_wconf 74' lang='lat' dir='ltr'><strong>longiuscula</strong></span> <span class='ocrx_word' id='word_1_268' title='bbox 330 5260 402 5322; x_wconf 88' lang='lat' dir='ltr'><strong>sunt,</strong></span> <span class='ocrx_word' id='word_1_269' title='bbox 418 5241 533 5306; x_wconf 69' lang='lat' dir='ltr'><strong>Graecis</strong></span> <span class='ocrx_word' id='word_1_270' title='bbox 547 5240 690 5304; x_wconf 75' lang='lat' dir='ltr'><strong>referendis</strong></span> <span class='ocrx_word' id='word_1_271' title='bbox 705 5241 920 5323; x_wconf 84' lang='lat' dir='ltr'><strong>supersedemus.</strong></span> <span class='ocrx_word' id='word_1_272' title='bbox 941 5244 997 5302; x_wconf 82' lang='lat' dir='ltr'><strong>Vos</strong></span> <span class='ocrx_word' id='word_1_273' title='bbox 1012 5245 1101 5315; x_wconf 87' lang='lat' dir='ltr'><strong>enim,</strong></span> <span class='ocrx_word' id='word_1_274' title='bbox 1119 5241 1214 5320; x_wconf 88' lang='lat' dir='ltr'><strong>inquit,</strong></span> <span class='ocrx_word' id='word_1_275' title='bbox 1232 5262 1309 5302; x_wconf 84' lang='lat' dir='ltr'><strong>nuno</strong></span> <span class='ocrx_word' id='word_1_276' title='bbox 1326 5245 1394 5302; x_wconf 85' lang='lat' dir='ltr'><strong>estis</strong></span> <span class='ocrx_word' id='word_1_277' title='bbox 1410 5243 1504 5321; x_wconf 83' lang='lat' dir='ltr'><strong>obliti,</strong></span> <span class='ocrx_word' id='word_1_278' title='bbox 1521 5261 1573 5301; x_wconf 83' lang='lat' dir='ltr'><strong>nos</strong></span> <span class='ocrx_word' id='word_1_279' title='bbox 1591 5241 1697 5301; x_wconf 87' lang='lat' dir='ltr'><strong>multos</strong></span> 
     </span>
    </p>
   </div>
   <div class='ocr_carea' id='block_1_14' title="bbox 0 0 1886 5992">
    <p class='ocr_par' dir='ltr' id='par_1_15' title="bbox 0 0 1886 5992">
     <span class='ocr_line' id='line_1_32' title="bbox 0 0 1886 5992; baseline 0 4"><span class='ocrx_word' id='word_1_280' title='bbox 0 0 1886 5992; x_wconf 95' lang='lat' dir='ltr'><strong> </strong></span> 
     </span>
    </p>
   </div>
  </div>
 </body>
</html>
