3764 5992
4 335 173 452 'soe

95 638 322 659 'mn-

423 403 453 450 S.
480 402 620 451 sotrtrtts
646 401 826 451 CHRYSOST.
856 402 1013 450 tuentur.
1041 402 1309 450 consutuvtuon.

507 849 610 908 POST
629 849 827 909 REDITUM
845 849 877 907 A
898 850 1051 909 PRIORE
1072 849 1245 909 EXSILIO.

144 1089 218 1162 Quid
230 1089 343 1150 dicam?
357 1089 426 1170 quid
443 1090 539 1168 loquar
553 1091 567 1149 i’
582 1074 744 1151 Benedictus
765 1093 845 1151 Deus.

106 1179 185 1240 llatne
200 1180 338 1261 egrediens
355 1180 416 1241 dini
434 1202 595 1254 sermonem,
608 1183 682 1243 hunc
697 1183 792 1243 iteravi
807 1204 846 1241 ro

901 1091 969 1146 Ante
981 1087 1033 1146 hoc
1045 1087 1154 1165 quidem
1169 1087 1278 1146 ccclesia
1293 1086 1457 1167 replebatur,
1474 1085 1523 1145 sed
1537 1108 1609 1146 nune
1622 1102 1646 1144 et

899 1180 927 1238 in
941 1180 1037 1262 plateis
1050 1180 1166 1239 ecclesiae
1176 1181 1252 1240 factae
1262 1195 1332 1239 sunt.
1344 1184 1379 1240 Et
1388 1180 1538 1257 unanimes,
1549 1195 1575 1240 et
1586 1201 1645 1240 con·

104 1285 221 1352 vertens,
234 1286 261 1333 et
272 1274 330 1333 illic
343 1274 504 1334 constitutus
517 1273 591 1334 huno
600 1274 628 1334 in
640 1297 686 1336 ore
692 1275 846 1335 volvebam.
896 1271 984 1352 juncti
998 1272 1150 1352 psallentes,
1163 1272 1216 1331 Dei
1227 1272 1254 1330 in
1264 1293 1313 1332 vos
1325 1271 1479 1352 provocatis
1490 1286 1642 1352 aspectum:

105 1367 174 1426 Puto
181 1386 229 1425 vos
240 1365 401 1440 meminisse,
413 1387 474 1426 cum
486 1380 547 1425 ante
556 1367 607 1427 hoc
615 1367 724 1427 beatum
737 1368 790 1430 Job
800 1366 848 1427 ad-

22 1474 42 1507 1·
54 1475 91 1508 ²¹·
102 1457 242 1519 duxissem
257 1458 285 1518 in
298 1458 389 1519 medio
402 1460 535 1519 dicentem
550 1461 613 1520 :su
627 1481 733 1520 nomen
744 1463 847 1521 Domi·

103 1556 135 1610 ni
151 1553 342 1611 benedictum.
357 1552 432 1611 Hane
451 1552 529 1613 vobis
545 1552 688 1614 historiam
705 1553 846 1634 dereliqui,

102 1646 151 1706 has
165 1647 312 1727 gratiarum
327 1647 445 1707 actiones
459 1647 560 1707 iterabo
576 1669 721 1728 regressus.
737 1651 780 1710 Sit
795 1672 846 1709 no-

102 1761 168 1798 men
188 1742 311 1800 Domini
333 1742 517 1800 benedictum
536 1743 706 1802 insaecula.
726 1743 845 1803 Diversae

99 1853 191 1891 rerum
200 1853 297 1906 causae,
310 1831 359 1892 sed
371 1854 422 1890 una
431 1832 602 1913 glorificatio.
612 1833 649 1892 Et
660 1856 722 1894 cum
731 1835 846 1917 expelle·

97 1924 159 2003 bar,
177 1924 382 2003 benedicebam,
400 1939 426 1984 et
445 1946 568 1986 reversm
594 1927 690 1987 iterum
707 1927 845 1989 benedico.

99 2017 168 2079 Etsi
182 2019 266 2078 varia
280 2018 390 2098 quidem
403 2039 499 2096 cause,
509 2018 558 2078 sed
571 2041 624 2080 una
640 2020 776 2082 delinitio.
793 2023 846 2083 Su-

98 2131 148 2190 per
160 2109 276 2169 hiemem
290 2123 316 2170 et
332 2123 451 2170 estatem
468 2131 539 2170 uuus
557 2125 597 2171 est
619 2111 683 2172 linis
698 2135 705 2170 ε
720 2113 845 2191 cultura,

96 2200 221 2261 fertilitas
235 2202 401 2278 subsequens
415 2201 514 2283 campi.
526 2202 689 2263 benedictus
699 2204 785 2283 Deus,
799 2207 846 2284 qui

98 2291 225 2352 mocessit
239 2291 333 2370 enire3
346 2292 503 2353 benedictus
517 2295 604 2371 Deus,
617 2295 665 2374 qui
677 2294 765 2355 redire
777 2319 847 2378 prse-

96 2383 168 2467 cepit
175 2407 184 2460 3
194 2384 353 2444 benedictus
367 2387 451 2460 Deus,
467 2385 513 2466 qui
525 2385 648 2468 permisit
659 2387 788 2465 hiems-3
799 2389 845 2448 be·

96 2475 223 2536 nedictus
249 2479 334 2551 Deus,
356 2476 404 2556 qui
430 2477 555 2538 dissolvit
580 2477 707 2554 hiemem,
738 2494 764 2540 et
784 2482 847 2541 t‘eeit

96 2568 327 2648 tranquillitatem.
339 2569 404 2630 Hac
417 2569 479 2629 dico
493 2569 640 2631 admonens
654 2592 703 2631 vos
707 2615 716 2643 ,
731 2586 761 2632 ut
777 2594 846 2632 sem-

95 2683 148 2748 per
168 2661 344 2723 benedicatis.
365 2663 396 2723 Si
419 2663 555 2723 evenerint
580 2662 663 2741 mala,
688 2663 845 2744 benedicite,

97 2766 125 2812 et
138 2752 321 2814 dissolventur
336 2755 416 2813 mala.
433 2754 462 2814 Si
479 2774 607 2836 prospera
620 2755 754 2832 venerint,
766 2757 846 2817 bene-

94 2840 187 2918 dicite,
204 2857 231 2903 et
249 2844 460 2925 perseverabunt
478 2864 615 2925 prospera.
633 2844 775 2923 Siquidem
792 2848 846 2909 Job

95 2956 158 2996 cum
173 2937 201 2996 in
213 2938 351 3018 prosperis
364 2951 442 3016 esset,
453 2937 631 2998 benedicebat
644 2962 650 2995 ε
663 2953 690 2998 et
704 2960 766 2999 cum
777 2963 845 3022 pau·

93 3043 219 3108 peresset
229 3029 349 3104 effectus,
359 3029 637 3109 glorificabatNeqne
646 3043 711 3090 tunc
721 3031 844 3113 ingratus

93 3120 156 3199 fuit,
170 3142 255 3201 neque
271 3136 362 3202 postea
374 3121 583 3203 blasphemavit.
602 3123 717 3184 Diversa
731 3125 843 3204 quidem

93 3225 223 3295 tempora,
242 3213 289 3273 sed
308 3235 362 3272 una
380 3214 506 3274 voluntas
525 3238 533 3271 t
556 3214 731 3296 gubernantis
751 3232 842 3278 actum

93 3324 145 3373 uec
168 3305 350 3386 tranquillitas
371 3306 493 3384 resolvit,
515 3328 563 3367 nec
585 3321 727 3389 tempestus
745 3308 842 3370 hiemis

82 3392 235 3477 ‘deurergit
250 3396 414 3458 Benedictus
432 3400 515 3475 Deus,
529 3411 556 3458 et
574 3419 637 3458 cum
653 3421 668 3458 a
688 3401 767 3462 vobis
781 3423 842 3462 sum

93 3504 257 3571 segregatus,
271 3504 298 3550 et
312 3511 374 3551 cum
387 3491 488 3551 iterum
505 3491 593 3573 recepi
609 3513 667 3553 vos.
683 3495 714 3554 ln
728 3507 841 3575 utroque

93 3581 144 3641 Dei
153 3580 326 3663 providentia
335 3597 383 3644 est.
394 3586 540 3665 Separatus
550 3605 566 3643 a
578 3584 657 3645 vobis
666 3588 840 3669 corporescd

87 3671 181 3734 anima
193 3696 245 3734 non
257 3695 318 3735 sum
333 3675 439 3736 avobis
449 3676 566 3736 divisus.
578 3675 615 3736 Et
628 3699 663 3738 ex
672 3693 762 3740 vestm
774 3681 839 3740 alie-

91 3776 241 3827 etu'meum
250 3766 383 3828 metimini
393 3768 525 3830 animum.
533 3768 571 3829 Et
579 3768 648 3848 quid
657 3770 768 3831 dicam?
777 3774 837 3832 Non

89 3856 152 3921 sun
171 3871 311 3938 separatus
331 3880 346 3916 a
361 3859 448 3932 vobis,
465 3858 512 3920 sed
527 3861 614 3942 magis
632 3882 758 3925 accensus
776 3886 837 3926 sum

88 3942 225 4009 dniderio
238 3949 331 4025 vestri,
341 3949 415 4028 quod
428 3951 509 4010 etiam
521 3950 556 4011 de
568 3952 647 4012 vobis
661 3955 776 4018 conlido.
787 3959 836 4017 Ni·

88 4030 223 4129 hil'nobis
235 4058 351 4098 nocuere
364 4038 478 4113 insidia,
495 4041 566 4101 nihil
579 4042 650 4102 laesit
662 4044 776 4122 invidia,
790 4048 837 4108 sed

88 4126 361 4283 mgippugmentttm
372 4130 499 4212 prestitit
511 4133 625 4209 caritati,
636 4147 663 4193 et
674 4136 836 4218 multiplica-

87 4219 131 4285 vit
159 4222 168 4235 ⁴
199 4222 338 4304 ipulorum
348 4243 510 4283 numerum:
524 4235 585 4282 ante
594 4224 648 4285 hoe
657 4226 728 4286 enim
739 4227 835 4309 dilige·

86 4311 246 4390 b'arameis,
256 4335 402 4376 nuncvero
411 4314 611 4375 honorificabor
621 4317 757 4379 aJudaeis.
768 4322 835 4402 Spe·

85 4408 182 4470 rabant
199 4429 243 4467 me
258 4429 273 4468 a
292 4406 359 4468 meis
373 4409 438 4469 liliis
455 4429 588 4489 separare,
604 4409 652 4470 sed
666 4412 752 4493 magis
765 4415 833 4475 mihi

86 4513 226 4560 exmaneos
237 4499 430 4583 adjunxerunt.
437 4502 499 4561 Non
507 4499 563 4560 illis
573 4522 651 4582 agam
662 4504 776 4584 gratias:
786 4507 833 4567 sed

86 4592 138 4653 Dei
146 4591 338 4653 misericordie
352 4593 467 4675 gloriam
479 4593 604 4672 reseram,
615 4595 663 4675 qui
673 4610 784 4658 conatus
800 4601 833 4660 il·

85 4683 175 4745 loruair
185 4683 272 4744 malos
283 4683 310 4743 in
320 4685 416 4745 melius
426 4685 603 4746 commutavit
616 4710 623 4744 z
635 4707 697 4746 nam
707 4701 733 4747 et
742 4688 831 4749 Judai

84 4776 280 4838 cmcilinerunt
291 4777 441 4856 Christum,
454 4792 479 4838 et
492 4778 567 4839 illius
581 4793 667 4839 morte
679 4780 830 4843 humanum

84 4867 217 4929 salvatum
227 4883 266 4930 est
276 4890 359 4949 genus
368 4893 377 4946 3
388 4891 440 4930 nou
450 4869 506 4930 illis
515 4871 619 4951 gratie,
630 4870 677 4931 sed
686 4873 828 4935 crucifixo.

85 4960 259 5021 considerent
268 4961 407 5041 quidboni
418 4983 508 5044 pugna
517 4984 609 5023 eorum
618 4964 755 5046 prestitit,
765 4966 829 5027 insi·

82 5050 134 5112 die
146 5073 237 5113 sorum
247 5053 355 5134 qualem
368 5055 447 5115 nobis
458 5054 580 5116 laetitiam
594 5073 824 5138 praeparaverunt.

900 1386 977 1426 voces
994 1379 1089 1426 vestra
1107 1366 1166 1425 eaeli
1187 1379 1286 1425 secreta
1306 1379 1498 1446 penetrarunt,
1514 1378 1546 1424 nt
1560 1367 1646 1425 omnis

899 1471 963 1517 astas
975 1471 1077 1518 vestras
1090 1456 1254 1539 psalmodias
1266 1457 1408 1516 miraretur
1419 1470 1531 1516 attenta.
1545 1458 1645 1518 Cursus

898 1570 1027 1628 equorum
1042 1551 1136 1627 hodie,
1152 1564 1178 1609 et
1193 1550 1272 1631 pauci
1288 1549 1364 1623 illuc,
1379 1550 1434 1608 imo
1449 1549 1542 1609 cuncti
1557 1549 1585 1608 in
1599 1572 1643 1609 ec-

898 1641 975 1701 clesia
994 1668 1000 1702 :
1015 1644 1092 1721 quasi
1107 1656 1209 1702 torrens
1218 1641 1332 1722 quidam
1342 1662 1374 1700 ac
1387 1642 1490 1701 fluvius
1501 1640 1591 1702 vestra
1606 1645 1643 1701 sa-

897 1747 938 1793 cta
944 1735 1340 1799 estmultitudo.Vocesvestrae
1349 1733 1532 1793 elevanturad
1538 1735 1643 1808 caelum,

896 1848 1014 1887 amorem
1030 1827 1076 1906 qui
1090 1827 1124 1886 ad
1140 1841 1244 1908 patrem
1257 1840 1296 1886 est
1309 1824 1487 1885 ostendentes.
1501 1827 1644 1887 Orationes

898 1933 993 1980 vestrae
1012 1941 1102 1979 meum
1124 1933 1320 1980 coronaverunt
1336 1931 1427 1999 caput.
1449 1919 1546 1979 Oratio
1570 1921 1642 1979 omni

897 2014 991 2073 monili
1001 2014 1214 2095 preclariorviri
1222 2028 1249 2073 et
1257 2013 1430 2073 mulierisln
1437 2015 1559 2074 Christo
1565 2020 1641 2074 enim

897 2107 970 2166 Iesu
992 2128 1052 2165 non
1073 2108 1231 2181 masculus,
1257 2128 1350 2187 neque
1362 2108 1497 2187 semina.
1520 2106 1642 2180 Qualiter

896 2221 1018 2260 enarrem
1029 2200 1161 2282 potentias
1177 2201 1299 2274 Domini,
1311 2212 1358 2257 aut
1372 2199 1510 2259 mirabilia
1524 2202 1584 2281 ejus
1597 2223 1640 2259 re-

896 2293 1038 2352 censeam?
1049 2293 1156 2354 Videtis
1165 2293 1227 2371 quia
1238 2291 1310 2371 quod
1322 2290 1384 2351 dioo
1393 2312 1489 2351 verum
1498 2307 1556 2351 est:
1567 2292 1642 2366 Quo-

897 2386 971 2446 niam
984 2387 1008 2448 si
1017 2387 1079 2468 quis
1089 2386 1261 2446 tentationem
1269 2385 1384 2446 viriliter
1394 2384 1498 2461 tulerit,
1512 2406 1640 2465 magnum

896 2499 932 2537 ex
943 2478 1000 2560 ipsa
1014 2479 1162 2540 vindemiat
1175 2479 1302 2537 fructum.
1317 2476 1381 2536 ldeo
1394 2498 1447 2537 vos
1458 2476 1495 2536 ad
1508 2478 1641 2558 apostolos

897 2571 1035 2651 invitavit,
1055 2587 1084 2632 ut
1099 2572 1133 2631 ad
1149 2593 1205 2644 eos,
1224 2572 1270 2652 qui
1290 2568 1436 2648 aliquando
1453 2573 1640 2652 persequutio-

897 2684 958 2724 nem
967 2664 1039 2746 passi
1052 2665 1166 2740 lucrant,
1178 2664 1337 2724 veniremus.
1349 2661 1385 2720 Et
1394 2682 1443 2721 nos
1452 2663 1563 2741 quidem
1575 2663 1641 2722 insi-

896 2754 955 2815 dias
974 2756 1056 2836 passi,
1075 2755 1115 2815 illi
1132 2777 1198 2817 vero
1215 2753 1376 2836 impugnati.
1392 2753 1446 2813 Sed
1464 2753 1570 2814 inimici
1588 2755 1640 2812 illis

896 2848 965 2907 nihil
979 2863 1126 2909 nocuerunt
1140 2873 1147 2906 ε
1163 2849 1227 2927 quia
1240 2847 1283 2907 isti
1296 2847 1391 2906 orbem
1405 2859 1538 2905 terrarum
1551 2846 1641 2906 lucra-

894 2954 1000 3000 verunt.
1012 2941 1163 3014 Veniamus
1176 2939 1213 2999 ad
1225 2952 1314 2999 saneta
1329 2959 1452 3019 corpora,
1467 2960 1527 3017 quae
1539 2940 1640 2999 Christi

894 3031 1020 3113 stigmata
1032 3046 1220 3114 portaverunt.
1243 3032 1393 3092 Veniamus
1412 3028 1449 3089 ad
1463 3030 1640 3090 Timotheum

893 3145 997 3186 novum
1003 3126 1119 3186 Paulum
1120 3173 1129 3204 ,
1140 3140 1166 3186 et
1178 3123 1313 3185 Andream
1322 3122 1437 3182 alterum
1444 3124 1567 3183 Petrum.
1577 3125 1640 3182 Cre·

892 3216 1086 3301 dimusjuvari
1097 3241 1147 3279 nos
1160 3218 1269 3278 illorum
1282 3216 1396 3276 meritis.
1414 3216 1445 3276 si
1459 3216 1570 3275 virilem
1584 3217 1640 3278 aui·

893 3329 969 3368 mum
985 3309 1065 3389 geris,
1079 3331 1132 3370 non
1147 3311 1241 3368 timeas
1255 3308 1421 3367 tentationes.
1439 3307 1541 3366 Omnes
1556 3311 1639 3367 sanmi

892 3422 940 3482 per
948 3400 999 3461 ista
1006 3403 1177 3462 transierunt.
1186 3401 1275 3460 lllulta
1281 3399 1638 3480 tribulatioeorporum‚sed

893 3493 980 3575 majus
995 3493 1164 3573 refrigerium
1177 3493 1339 3575 animarum.
1355 3492 1466 3549 Praestet
1479 3512 1528 3550 vos
1542 3489 1638 3550 Domi·

890 3605 941 3645 nus
956 3607 1061 3667 semper
1079 3585 1183 3665 augeri,
1204 3598 1230 3644 et
1246 3583 1362 3643 celebres
1380 3596 1529 3672 conventus
1545 3604 1633 3663 agere.

891 3677 986 3737 Gloria
995 3679 1097 3759 quippe
1106 3676 1220 3759 pastoris
1234 3689 1273 3735 est
1286 3675 1380 3735 ovium
1391 3673 1548 3736 multitudo.
1560 3677 1634 3749 Quid

888 3769 986 3829 faciam
995 3771 1009 3830 ‚⁰
1019 3769 1086 3849 quid
1099 3770 1195 3848 loquar
1205 3769 1219 3827 Ρ
1228 3768 1367 3828 Incultum
1376 3767 1424 3826 ubi
1438 3768 1569 3828 seminem
1581 3791 1633 3829 non

887 3861 974 3922 habeo
986 3882 1092 3941 agrum.
1104 3860 1223 3921 Extensa
1237 3874 1276 3920 est
1287 3880 1407 3941 propago
1416 3859 1516 3920 vitium
1526 3906 1535 3936 ,
1547 3863 1634 3941 perle-

888 3969 961 4015 ctum
969 3955 1250 4035 esttemplum,etprae
1258 3951 1555 4033 multitudinepiscium
1561 3975 1633 4012 rum·

886 4039 991 4127 puntu'r
1003 4047 1068 4106 retia
1082 4067 1150 4105 mea.
1160 4045 1235 4117 Quid
1244 4043 1363 4104 faciam?
1377 4043 1531 4102 Laborandi
1543 4043 1631 4103 locum

888 4160 940 4199 non
955 4139 1053 4214 habeo,
1064 4138 1199 4219 gaudendi
1209 4138 1296 4197 habeo
1307 4150 1422 4216 tempus.
1434 4135 1501 4195 ldeo
1514 4136 1629 4215 loquor:

886 4251 940 4290 non
951 4230 1015 4310 quia
1025 4229 1152 4311 indigetis
1161 4229 1293 4303 doctrina,
1305 4227 1350 4288 sed
1361 4241 1392 4286 ut
1405 4228 1630 4290 meamvolunta-

886 4335 939 4382 tem
950 4322 1028 4383 vobis
1036 4321 1184 4383 ostendam.
1196 4322 1306 4401 Ubique
1315 4321 1396 4403 spica
1407 4334 1524 4380 comant.
1537 4323 1631 4380 Tanta

885 4435 958 4489 oves,
969 4428 997 4474 et
1006 4436 1140 4494 numatam
1149 4415 1232 4496 lupus
1241 4437 1250 4491 ;
1260 4428 1299 4473 tot
1309 4414 1398 4494 spicae,
1406 4426 1431 4471 et
1443 4433 1577 4491 nusquam
1586 4413 1629 4471 lo-

883 4507 953 4567 lium
961 4531 971 4584 3
987 4521 1067 4566 tantae
1078 4507 1172 4581 vineae,
1186 4522 1211 4567 et
1228 4526 1361 4585 nusquam
1370 4505 1477 4586 vulpes.
1489 4506 1546 4565 Ubi
1561 4527 1631 4565 niune

883 4599 1356 4681 lateotlupilquoabienrntvulpes,
1365 4619 1425 4677 quae
1432 4619 1476 4658 eos
1484 4619 1630 4679 persequu-

882 4707 916 4752 tae
925 4692 1041 4753 sunt?0
1052 4713 1108 4751 rem
1118 4691 1268 4751 inauditam
1278 4691 1286 4753 l
1297 4704 1389 4773 pastor
1399 4690 1522 4768 quiescit,
1529 4705 1556 4751 et
1565 4713 1630 4750 ovcs

882 4784 1009 4865 luporum
1022 4783 1125 4842 rabiem
1139 4783 1297 4862 abegerunt,
1312 4780 1425 4841 insidias
1439 4781 1568 4862 vulpium
1581 4800 1629 4864 op-

881 4877 1075 4957 presserunt.0
1085 4875 1311 4956 oviumsapientia
1320 4874 1327 4935 l
1337 4895 1353 4934 o
1364 4874 1487 4933 liliorum
1499 4875 1626 4938 affectus!

882 4965 1103 5048 odiscipulorum
1114 4962 1225 5026 caritas!
1235 4987 1251 5025 o
1261 4964 1438 5047 pulchritudo
1450 4963 1569 5046 sponsae!
1579 4966 1628 5024 ab·

882 5069 954 5119 sente
963 5057 1023 5119 viro
1034 5056 1123 5136 abegit
1132 5054 1281 5135 adulteros3
1292 5069 1404 5117 omensae
1412 5069 1477 5116 sunt
1486 5057 1546 5137 ejus
1554 5055 1628 5119 divi·
