3764 5992
603 484 692 549 onon
719 484 814 537 cerro
838 484 988 534 nnnmnn
1014 485 1080 534 νισι
1106 486 1128 533 Δ
1153 485 1280 536 serpso.
1564 548 1566 553 Ι
1635 460 1707 560 539

167 612 281 692 δουγιένη
306 611 400 684 ἥδεται
421 610 468 671 καί
491 619 592 693 τρυφᾷ,
616 609 664 698 καί
689 610 816 691 κάνθαροι
838 610 936 692 κόπρον
989 609 1107 689 foediter,
1121 624 1148 671 et
1164 631 1271 672 coennm
1283 609 1394 692 gravius
1407 610 1482 672 olene
1493 633 1500 669 τ
1512 629 1576 670 nem
1590 609 1659 670 dum
1676 609 1705 669 in

167 709 285 785 συνεχῶς
298 703 489 783 ἀνελίποντες·
505 701 619 776 οθοωδὴ
634 701 681 762 καλ
693 705 761 782 οίτῇ
776 700 937 784 φιλαργυρίᾳ
990 701 1145 763 boemorbo
1154 717 1308 781 versantur,
1316 723 1447 784 magnum
1455 700 1705 783 indeserolnptatis

166 796 273 865 ἁλόντες
285 799 338 855 τῶν
352 794 426 864 ζώων
441 794 541 854 τούτων
559 793 625 855 eicie
639 793 803 875 ἀθλιώτεροι.
818 793 872 853 Καὶ
886 793 938 874 γὰρ
990 793 1110 854 fructum
1123 809 1260 876 reportare
1274 808 1371 877 putent
1382 817 1389 853 ι
1400 792 1473 875 qnod
1489 814 1543 854 non
1555 792 1592 854 ad
1604 792 1644 854 rei
1657 814 1705 855 ne·

167 887 263 966 μείζων
277 895 294 962 ἡ
310 891 421 948 ἐνταῦθα
436 884 601 965 βδελυγμία,
613 885 689 946 καὶὸ
710 884 836 967 βόρόορος
853 887 938 945 δυοω·
991 891 1090 964 turam,
1105 885 1154 946 sed
1166 885 1200 946 ad
1214 880 1387 966 egrotantem
1400 886 1523 946 animum
1536 883 1706 945 edmundum

166 979 300 1058 δίστερος·
315 976 633 1060 ἕνδεατρίόοντεςγόιρτῷ
644 975 851 1050 πάθει,πολλὴν
865 974 939 1056 νομί·
990 980 1040 1056 σοι’,
1058 999 1140 1058 eaque
1152 1000 1189 1038 ex
1209 992 1286 1060 parte
1298 977 1354 1038 illis
1372 978 1475 1039 ratione
1488 976 1627 1039 όσειίιιιιίε
1643 992 1706 1038 eunt

165 1072 253 1139 ζουσιν
267 1069 363 1144 ἡδονὴν
375 1073 493 1129 ἐντεῦθεν
506 1072 687 1148 καρποῦσθαι·
698 1067 763 1149 όπερ
783 1070 813 1127 οὐ
826 1072 874 1139 τῆς
890 1067 939 1148 φό·
990 1067 1145 1131 deteriore.
1163 1068 1400 1144 Quemadmodum
1418 1069 1502 1149 igitur
1524 1067 1553 1128 in
1573 1089 1653 1129 ‘coeno
1673 1088 1706 1129 ec

165 1186 233 1229 σεως
251 1169 298 1221 τοῦ
313 1159 471 1242 πράγματός
489 1162 571 1234 ἐστιν,
593 1159 663 1220 tut
678 1163 726 1233 ιη”ς
742 1159 791 1232 πλν
813 1158 937 1233 τοιαάιην
990 1173 1113 1238 stercore,
1138 1183 1192 1222 non
1210 1183 1315 1223 coenum
1336 1175 1485 1222 aestercus
1504 1160 1532 1220 in
1551 1181 1632 1222 centa
1654 1175 1705 1235 est,

163 1253 274 1332 ἀλογίαν
301 1253 425 1327 νοσοίο-ης
446 1250 571 1320 διανοίας.
596 1253 683 1313 Τοῦτο
706 1250 735 1311 δὲ
757 1255 807 1324 τῆς
830 1251 938 1332 ἀλογίας
990 1253 1161 1316 sedrationis
1169 1253 1281 1335 penuria
1292 1252 1705 1334 immergentiumseeeenirnen·

163 1345 271 1407 ἐκείνων
287 1355 387 1427 χεῖρον.
399 1344 505 1426 Ὥσπερ
518 1336 562 1403 otiu
574 1344 618 1404 teri
627 1351 673 1405 τοῦ
691 1343 819 1426 βορόόρου
830 1343 938 1418 καὶτῆς
955 1354 973 1402 Β
991 1345 1061 1407 tium
1073 1370 1080 1404 ι
1090 1347 1130 1407 sic
1147 1346 1228 1408 etiam
1246 1347 1281 1406 de
1296 1345 1404 1408 homine
1416 1344 1583 1407 ratiocinare.

162 1438 279 1519 κόπρου,
295 1442 324 1500 οὐ
341 1443 388 1498 τοῦ
403 1437 532 1519 βορόόρου
548 1435 656 1507 καὶτῆς
674 1435 775 1517 κόπρου
795 1434 827 1494 πθ
844 1435 937 1510 αίτιον,

162 1530 235 1591 ἀλλὰ
248 1536 297 1603 τῆς
318 1530 427 1610 ἀλογίας
445 1532 498 1588 τῶν
516 1527 733 1607 ἐμπεπτωκότων
757 1525 848 1597 ζώων·
868 1525 938 1588 οθτω

163 1622 212 1684 καὶ
224 1622 269 1682 tet
280 1626 332 1682 τῶν
345 1619 491 1701 ἀνθρώπων
503 1619 618 1700 λογίζω.
784 1660 786 1665 -

204 1713 259 1776 Καί
271 1715 328 1780 πῶς
341 1713 372 1772 δν
387 1710 531 1789 ιασαίμεθα
541 1709 607 1779 ’τοὺς
617 1709 686 1771 otro
698 1710 895 1791 διακειμίνουςς
904 1713 939 1773 Εἰ
1031 1715 1061 1774 7.
1081 1702 1287 1794 Ecqua'ratione
1294 1712 1463 1775 medebimur
1472 1714 1582 1775 lrnncin
1592 1700 1706 1776 modum

163 1807 357 1887 βουληθείησαν
371 1811 436 1884 ἡμῖν
460 1803 562 1874 ἀνοῖξαι
579 1803 627 1871 τὰς
645 1803 743 1880 ἀκοάς,
755 1805 801 1865 καί
815 1805 939 1866 άπλῶσαι
992 1804 1296 1868 effectisiSivolnerint
1306 1805 1637 1888 nobispateseoereenree,
1647 1806 1708 1873 ani-

163 1903 213 1972 τὴν
223 1898 357 1972 διάυαιαν,
371 1898 418 1957 καί
434 1896 559 1966 δέξασθαι
573 1896 607 1956 τὰ
617 1895 758 1975 λιγόμννα.
771 1897 816 1958 Tr
828 1897 876 1976 μίν
886 1896 939 1978 γάρ
992 1918 1123 1978 mumque
1137 1897 1273 1980 pandere,
1292 1913 1318 1959 et
1341 1899 1468 1981 amplecti
1487 1920 1548 1979 qne
1570 1898 1708 1960 dicuntur.
1780 1923 1783 1926 ·

164 1990 249 2071 δλογα
263 1994 415 2070 μεταθεῖναι
427 1993 474 2062 τῆς
489 1988 642 2068 ἀκαθάρτου
656 1988 794 2070 διατριόῆς
806 1989 853 2048 καλ
869 1992 939 2048 ἀπα·
992 1988 1223 2050 Nemanimentes
1234 1990 1345 2070 quidem
1356 1989 1467 2051 rationis
1475 1990 1708 2073 expertesabim·
1832 2036 1836 2040 Α

162 2091 256 2164 γαγεῑν
269 2087 317 2143 nix
331 2081 384 2142 ίνι·
394 2082 524 2159 λογισμοῦ
532 2080 585 2163 γάρ
596 2084 667 2141 ἐστιν
679 2080 781 2161 ίρημα·
792 2082 823 2142 τδ
832 2080 861 2143 et
873 2086 940 2160 ἡμε·
992 2103 1060 2162 ροισι
1078 2084 1243 2144 volutatione
1259 2083 1435 2145 transferreet
1444 2077 1578 2145 abducere
1587 2104 1641 2143 non
1648 2104 1709 2164 por

164 2171 529 2258 ρώτατονποῦτογίνοςμαί
546 2176 667 2254 λογισμῷ
683 2173 729 2232 καί
742 2171 938 2255 λόγιρτετιμη-
991 2175 1229 2236 sumusrretionis
1252 2176 1326 2236 enim
1349 2189 1472 2257 expertes
1496 2189 1573 2253 sunt,
1594 2190 1623 2236 et
1644 2197 1709 2238 vero

163 2268 256 2347 μόνον,
269 2267 318 2340 τὴν
343 2267 510 2347 ἀνθρωπείαν
530 2266 602 2347 λέγω
625 2265 714 2347 φίοιν,
735 2268 759 2325 εί
785 2265 939 2346 βουληθείη,
991 2267 1239 2328 mansuetissimum
1251 2267 1304 2328 hoc
1318 2288 1412 2347 genus,
1429 2268 1605 2351 intelligentie
1618 2282 1646 2328 et
1664 2290 1709 2329 ra·

163 2360 258 2444 ῥᾴδιόν
272 2384 301 2420 τε
321 2357 367 2418 καλ
382 2357 483 2440 σφόδρα
497 2355 603 2417 εὔκολον
625 2355 733 2418 καὶτοῦ
752 2357 879 2440 βορόόρου
892 2356 939 2417 καλ
955 2363 974 2411 C
991 2357 1064 2419 tione
1077 2358 1291 2434 cohonestatum,
1312 2359 1470 2434 humanam,
1487 2360 1607 2440 inquam,
1625 2373 1709 2421 natu-

163 2456 213 2524 τῆς
228 2449 373 2522 δυσωδίας,
386 2450 494 2521 καὶτῆς
514 2448 614 2532 κόπρον
635 2448 682 2509 καὶ
703 2454 751 2522 τῆς
776 2446 938 2530 βδελυγμίας
991 2450 1711 2534 rem,sivelit,fecileertveldequeexpeditum,cteno

163 2543 317 2612 ἀπαλλάξαι
329 2540 439 2614 ἐκείνης.
452 2540 505 2601 Διὰ
528 2540 555 2600 τί
568 2541 621 2622 γόιρ
635 2545 649 2601 ό
661 2543 789 2613 πλοῦτος,
804 2541 939 2621 ἄνθρωπε,
991 2551 1018 2599 et
1031 2542 1226 2621 graveolentia,
1236 2557 1351 2604 stercore
1360 2558 1388 2604 et
1397 2543 1518 2606 feditate
1527 2544 1574 2605 ilin
1584 2544 1709 2608 liberere.

161 2634 388 2718 περισπούδαστος
400 2623 468 2692 εἶναί
481 2655 523 2693 σοι
538 2632 688 2706 δοκεῖςΔιά
699 2631 748 2706 riv
761 2633 810 2705 ἡδο
843 2632 939 2693 νπάν·
992 2631 1417 2710 Quare-enim‚olrom0,divitiae
1427 2634 1710 2717 tibimagnopereex·
1766 2664 1802 2708 Α,
1820 2679 1861 2708 ex·

162 2753 217 2796 τως
231 2727 279 2802 τὴν
293 2727 347 2787 ἀπὸ
362 2730 414 2786 τῶν
430 2728 580 2805 τραπεζῶν,
595 2726 639 2787 διά
652 2724 701 2797 τήν
715 2724 807 2804 τιμὴν,
824 2723 871 2785 καί
890 2724 938 2799 τὴν
992 2724 1112 2805 petenda
1129 2725 1276 2787 videntur?
1290 2727 1404 2808 Propter
1415 2726 1583 2808 voluptatem
1597 2728 1708 2789 omnino
1729 2791 1734 2802 ,
1763 2729 1863 2802 ιθίῑξιίῦ

162 2818 321 2901 δορυφορίαν
342 2816 391 2890 τὴν
417 2818 470 2878 άπὸ
483 2821 536 2877 τῶν
552 2816 596 2877 διὰ
616 2825 707 2879 τοῦτον
721 2817 938 2898 θεραπευόντων,
991 2835 1052 2896 quae
1064 2838 1080 2876 e
1093 2817 1192 2878 mensis
1202 2818 1347 2879 hauritur?
1361 2832 1472 2900 propter
1484 2818 1614 2881 bonorem
1623 2833 1653 2882 et
1662 2841 1708 2881 co-
1717 2798 1762 2898 ppt
1779 2792 1864 2898 upplun

165 2911 211 2971 διὰ
220 2910 251 2970 πδ
261 2909 388 2971 δυύαοθαι
397 2906 457 2976 τοθς
465 2910 612 2978 λυποῦντας
624 2909 790 2989 ἀμύνασθαι,
802 2909 849 2971 καὶ
858 2918 939 2970 πᾶσιν
991 2906 1119 2969 mitatum
1125 2902 1289 2990 communi
1297 2910 1458 2972 divitiarum
1470 2912 1798 2985 cenomanorum·

163 2995 234 3064 εἶναι
252 3001 379 3084 φοόερόνς
392 3001 462 3062 Οίιδί
476 3000 528 3083 γάρ
544 3001 575 3060 όν
596 3001 688 3084 ἑτόρας
708 3001 796 3071 αίτίας
809 3001 880 3083 ίχοις
904 3005 940 3064 ti·
991 3013 1101 3083 propter
1114 3015 1274 3084 potentatem
1285 2999 1490 3083 ulcircmdiqui
1502 3003 1710 3084 contenderint,

162 3104 237 3170 πεῖν,
254 3094 315 3156 ἀλλ’
333 3093 352 3167 ἢ
366 3092 473 3168 ἡδονὴν,
490 3093 536 3154 καὶ
552 3092 706 3168 κολακείαν,
721 3092 768 3154 καλ
781 3093 873 3176 φόάον,
893 3094 940 3154 καλ
992 3105 1019 3152 et
1029 3106 1059 3154 ut
1071 3094 1199 3156 omnibus
1211 3095 1249 3156 sis
1259 3095 1374 3156 terrori?
1384 3097 1477 3176 Neque
1486 3095 1558 3157 enim
1567 3097 1634 3159 eiirt
1642 3116 1709 3160 enu-

161 3187 307 3269 τιμωρίαν·
322 3186 380 3246 οὔτε
402 3185 455 3266 γάρ
475 3187 634 3266 σοφώτερον,
646 3184 707 3246 οὔτε
721 3184 940 3268 σωφρονέστερον,
992 3205 1036 3244 ses
1051 3185 1148 3246 efferre
1161 3187 1273 3268 poteris,
1289 3208 1371 3267 qnam
1383 3188 1561 3270 voluptutem,
1574 3189 1710 3252 adulatio·

165 3279 226 3339 οὗτε
240 3278 444 3360 ἐπιεικέστερον,
453 3275 515 3336 οὔτε
526 3276 701 3359 συνετόυτερον
715 3276 821 3346 πάντως
835 3280 849 3337 θ
861 3280 941 3338 πλοῦ·
992 3296 1065 3352 nem,
1082 3291 1211 3339 terrorem
1223 3293 1249 3339 et
1263 3280 1394 3341 ultionem
1409 3303 1416 3339 ι
1430 3302 1493 3341 nam
1503 3301 1589 3359 neque
1600 3281 1708 3363 repien-

163 3394 210 3439 τος
220 3378 304 3430 ποιεῖν
321 3369 421 3444 είωθεν,
433 3372 461 3429 οὐ
485 3368 613 3450 γρηστδν,
634 3372 663 3428 οὔ
685 3367 879 3451 φιλάνθρωπον,
894 3373 941 3429 σία
991 3369 1098 3443 tior-em,
1115 3392 1200 3451 neque
1214 3372 1460 3452 temperantiorem,
1472 3392 1557 3450 neque
1564 3372 1709 3449 mitiorem,

163 3467 246 3544 ὀργῆς
270 3462 424 3543 κρείττονα,
445 3464 475 3520 οὐ
497 3461 611 3541 γαστρδς
636 3459 752 3539 ἀμείνω,
767 3463 817 3541 οὐχ
839 3462 940 3533 ἡδονῶν
993 3481 1079 3540 neque
1106 3460 1309 3542 prudentiorem
1337 3462 1446 3522 omnino
1473 3462 1578 3523 divitia
1604 3464 1711 3524 efficere

165 3554 313 3635 ἀνώτερον·
338 3557 367 3614 οὐ
391 3552 539 3635 μετριάζειν
557 3551 693 3626 παιδεύει,
713 3553 742 3611 οὗ
766 3552 941 3613 ουνεοτοθθαι
958 3567 977 3614 n
994 3553 1092 3631 solent,
1108 3574 1161 3614 non
1173 3554 1332 3634 benignum,
1350 3574 1403 3613 non
1415 3553 1577 3633 humanum,
1592 3575 1646 3616 non
1662 3555 1709 3616 ire

166 3647 303 3718 διδάσκει,
317 3649 365 3706 οὐκ
376 3646 442 3704 ἄλλο
456 3668 483 3703 τι
502 3643 581 3726 μέρος
600 3649 649 3716 τῆς
663 3646 758 3724 ἀρετῆς
778 3646 814 3713 εἰς
826 3643 875 3716 τὴν
889 3647 940 3726 ψυ-
993 3658 1138 3727 ροιεοιειιι,
1158 3666 1211 3704 non
1228 3645 1317 3707 ventri
1337 3633 1524 3726 imperantem,
1549 3666 1602 3707 non
1626 3645 1710 3707 volu·

163 3739 219 3820 χὴν
234 3738 335 3819 εἰσάγει
350 3737 396 3796 καί
420 3732 605 3818 καταφυτεόει.
628 3737 694 3796 Οὐδ’
717 3735 748 3794 ἂν
770 3736 840 3817 ἔχοις
857 3740 940 3796 εἰπεῖν
991 3735 1303 3817 ptatibnssnperiorem3
1317 3757 1368 3795 non
1383 3736 1594 3798 moderationem
1601 3737 1708 3812 docent,

167 3830 212 3890 διὰ
224 3830 251 3889 τί
263 3828 363 3890 τούτων
379 3828 604 3909 περισπούδαστός
617 3827 674 3887 ἐστί
691 3850 733 3888 σοι
753 3827 800 3886 καί
822 3828 940 3897 ποθεινὸς
993 3847 1046 3887 non
1067 3827 1259 3904 bumilitatem,
1281 3849 1334 3888 non
1356 3829 1479 3909 aliquam
1497 3830 1581 3890 eliam
1598 3830 1710 3892 virtutis

167 3913 253 3989 οὗτος.
271 3925 312 3982 Οὐ
326 3919 378 4002 γάρ
393 3919 424 3993 δὴ
440 3920 517 3999 μόνον
532 3918 606 3978 οὐδὲν
618 3909 672 3979 otta
693 3917 842 4000 φυτιόεινῆ
856 3943 940 4002 γεωρ-
994 3934 1097 4001 partem
1111 3918 1138 3980 in
1151 3921 1273 3980 animum
1286 3921 1419 3983 inducunt
1430 3936 1456 3983 et
1470 3922 1600 3985 inserunt.
1615 3923 1711 4004 Neque

165 4023 223 4094 γεῖν
235 4019 288 4074 τῶν
303 4015 422 4093 ἀγαθῶν,
433 4011 503 4072 ἀλλά
513 4012 561 4072 κᾶν
576 4011 739 4090 ἀποκείμενα
754 4010 941 4094 εθρῃ,λυμαί·-
992 4009 1084 4071 dicere
1110 4011 1222 4093 poterit,
1250 4013 1286 4073 ob
1314 4012 1443 4093 quidnam
1469 4035 1507 4074 ex
1533 4012 1592 4074 istie
1615 4035 1711 4075 earum

168 4130 241 4166 νεται
261 4105 307 4165 καί
333 4101 429 4163 κωλόει
451 4103 497 4163 καί
520 4103 733 4187 καταμαραίνει·
756 4103 813 4164 ίνια
840 4103 867 4165 δί
895 4103 942 4165 καὶ
994 4101 1061 4164 adeo
1074 4102 1211 4164 studiosus
1224 4104 1262 4165 sis
1275 4119 1302 4165 et
1322 4105 1448 4185 cupidus.
1468 4107 1538 4166 Nam
1553 4126 1606 4166 non
1628 4105 1711 4167 modo

166 4193 394 4278 ἀναοπᾷ,καὶτδι
406 4194 619 4255 ἐναντίατοίπων
632 4195 941 4276 ἐπεισάγει,άκολαοίαν
995 4217 1048 4255 non
1067 4209 1166 4255 norunt
1184 4196 1304 4278 plantare
1323 4210 1372 4255 aut
1393 4217 1480 4256 serere
1495 4195 1646 4275 quidquam
1656 4196 1708 4256 bo·

167 4287 295 4367 ἄμετρον,
322 4285 403 4366 copto
427 4287 548 4369 ἄκαιρον,
571 4286 651 4370 ὀργὴν
680 4288 783 4363 άδικον,
807 4287 943 4363 ἀπόνοιαν,
995 4309 1103 4367 norum,
1127 4287 1173 4347 sod
1197 4286 1302 4348 etiarnsi
1324 4286 1461 4348 recondita
1484 4286 1634 4360 inveniant,
1661 4308 1710 4348 νο·

167 4377 360 4460 ὑπερηφανίαν,
376 4377 473 4439 ἄνοιαν.
490 4377 569 4439 ’Aut
583 4378 621 4459 μὴ
638 4379 705 4440 εἴπω
719 4380 906 4463 περὶτούτων·
918 4385 943 4442 et
959 4402 978 4449 E
995 4395 1077 4455 stant,
1093 4378 1255 4461 impediunt,
1279 4393 1304 4440 et
1321 4393 1351 4439 ut
1372 4392 1551 4440 emarcescant
1569 4378 1709 4440 efficiunt:

168 4470 221 4551 γὰρ
233 4476 266 4551 τῇ
280 4470 349 4553 νόσφι
361 4470 445 4552 ταύτῃ
455 4473 602 4540 ἑαλωκότας
615 4470 702 4532 etate
714 4472 873 4554 ἀνάσχοιντο
880 4474 942 4556 περὶ
994 4470 1120 4553 quaedam
1136 4471 1209 4530 enim
1229 4472 1361 4549 evellunt,
1385 4471 1472 4549 iisque
1485 4470 1618 4531 contrarie
1631 4469 1710 4531 indu·

169 4566 266 4643 ἀρετῆς
276 4563 322 4622 καί
335 4561 430 4630 κακίας
441 4562 593 4636 ἀκούοντες,
604 4567 653 4635 τῆς
669 4564 765 4637 ἡδονῆς
783 4563 855 4633 ὄντες
868 4564 925 4624 δλοι
932 4609 940 4639 ,
995 4578 1070 4643 cunt,
1080 4565 1177 4624 luxum
1187 4562 1407 4642 immoderatum,
1418 4564 1538 4622 furorem
1548 4562 1711 4646 intempesti-

168 4656 215 4715 καὶ
228 4655 271 4716 δεδι
289 4661 366 4715 τοῦτο
380 4658 461 4728 αὐτῆς
474 4655 606 4735 γινόμενοι
620 4657 723 4729 δοῦλοι,
740 4656 941 4739 κατηγορουμί-
994 4678 1070 4733 vum,
1090 4656 1158 4716 iram
1172 4655 1312 4736 injustam,
1329 4655 1523 4736 arrogantiam,
1542 4655 1708 4738 snperbiam,

169 4770 220 4805 νων
242 4748 330 4806 αὐτῶν
344 4752 412 4826 ὁμοῦ
434 4746 480 4805 καὶ
500 4746 681 4827 ἐλεγχομένων
694 4748 789 4806 ’ἰδεῖν
804 4747 878 4826 Φάρε
897 4737 942 4806 σάν
994 4745 1148 4806 amentiam.
1162 4747 1266 4807 Verum
1282 4744 1317 4804 de
1331 4743 1375 4804 his
1390 4741 1443 4804 non
1456 4743 1624 4825 dicamzqui
1639 4745 1712 4805 enim

169 4837 234 4906 τίως
248 4837 294 4898 τὸν
309 4837 371 4919 περὶ
392 4837 493 4897 τούτων
515 4837 592 4919 λόγον
616 4837 737 4919 ἀφέντες,
752 4838 787 4897 τὰ
804 4837 886 4899 λοιπὰ
907 4841 944 4908 είς
995 4838 1047 4898 hoc
1060 4836 1155 4896 morbo
1165 4837 1280 4917 correpti
1293 4849 1368 4915 sunt,
1379 4856 1433 4896 non
1443 4836 1605 4896 sustinerent
1617 4835 1712 4896 audire

171 4928 251 5008 μέσον
266 4929 420 5010 ἀγάγωμεν,
434 4930 479 4989 καί
493 4929 602 5008 ίδωμεν,
616 4929 640 4989 εί
653 4954 713 4991 τινα
723 4930 820 5002 ἡδονὴν
834 4936 849 4990 δ
862 4934 944 4991 πλοῦ·
994 4929 1029 4993 de
1042 4929 1144 4992 virtute
1159 4942 1185 4989 et
1194 4928 1273 5006 vitio,
1287 4928 1309 4989 si
1319 4942 1508 4989 accusarentur
1521 4927 1603 4988 simul
1612 4941 1639 4989 et
1648 4949 1712 4990 oon·

170 5046 213 5091 τος
227 5025 299 5103 ἔχει,
316 5024 340 5082 εί
359 5046 420 5082 τινα
442 5024 538 5102 τιμήν·
551 5023 699 5084 τούναντίον
721 5022 774 5105 γάρ
787 5024 857 5084 ἅπαν
880 5028 942 5106 δρῶ.
995 5021 1180 5097 vincerentur,
1191 5042 1253 5080 cunr
1264 5019 1291 5079 in
1303 5019 1444 5101 voluptate
1456 5018 1506 5079 toti
1522 5017 1586 5098 sint,
1597 5019 1712 5099 ideoque

171 5117 225 5176 Καί
240 5117 263 5176 εἰ
285 5115 425 5195 βούλεσθε,
440 5119 545 5199 πρῶτον
559 5116 608 5185 τὰς
629 5117 761 5198 τραπίζας
785 5122 837 5179 τῶν
859 5120 941 5179 πλου-
996 5116 1054 5198 ejns
1064 5112 1126 5174 iacti
1143 5112 1225 5173 servi.
1243 5115 1298 5194 Age
1311 5110 1397 5192 igitur
1408 5110 1489 5172 missa
1501 5110 1609 5174 interim
1622 5110 1657 5172 de
1668 5110 1713 5171 iris

207 5316 218 5341 ⁸
234 5297 318 5367 [Cod.
331 5303 361 5354 C.
377 5313 401 5352 ct
414 5300 490 5354 Saril.
505 5303 628 5354 omittunt
640 5302 712 5368 ἰθεῖα]
1572 5378 1585 5394 .

1511 5395 1519 5405 ⁸
1547 5397 1594 5438 O').
