<?xml version="1.0" encoding="UTF-8"?>
<!DOCTYPE html PUBLIC "-//W3C//DTD XHTML 1.0 Transitional//EN"
    "http://www.w3.org/TR/xhtml1/DTD/xhtml1-transitional.dtd">
<html xmlns="http://www.w3.org/1999/xhtml" xml:lang="en" lang="en">
 <head>
  <title>
</title>
<meta http-equiv="Content-Type" content="text/html;charset=utf-8" />
  <meta name='ocr-system' content='tesseract 3.04.00' />
  <meta name='ocr-capabilities' content='ocr_page ocr_carea ocr_par ocr_line ocrx_word'/>
</head>
<body>
  <div class='ocr_page' id='page_1' title='image "./sanctipatrisnos03chrygoog_0819.png"; bbox 0 0 3764 5992; ppageno 0'>
   <div class='ocr_carea' id='block_1_1' title="bbox 739 468 919 519">
    <p class='ocr_par' dir='ltr' id='par_1_1' title="bbox 739 468 919 519">
     <span class='ocr_line' id='line_1_1' title="bbox 739 468 919 519; baseline 0.022 -7"><span class='ocrx_word' id='word_1_1' title='bbox 739 468 919 519; x_wconf 72' lang='lat' dir='ltr'>uu1suonr..</span> 
     </span>
    </p>
   </div>
   <div class='ocr_carea' id='block_1_2' title="bbox 842 653 879 690">
    <p class='ocr_par' dir='ltr' id='par_1_2' title="bbox 842 653 879 690">
     <span class='ocr_line' id='line_1_2' title="bbox 842 653 879 690; baseline 0 -1"><span class='ocrx_word' id='word_1_2' title='bbox 842 653 879 690; x_wconf 75' lang='grc' dir='ltr'>ἀλδ</span> 
     </span>
    </p>
   </div>
   <div class='ocr_carea' id='block_1_3' title="bbox 336 685 1395 776">
    <p class='ocr_par' dir='ltr' id='par_1_3' title="bbox 336 685 1395 776">
     <span class='ocr_line' id='line_1_3' title="bbox 336 685 1395 776; baseline 0.011 -31"><span class='ocrx_word' id='word_1_3' title='bbox 336 685 550 769; x_wconf 56' lang='lat' dir='ltr'>pannonio.</span> <span class='ocrx_word' id='word_1_4' title='bbox 852 710 872 753; x_wconf 76' lang='grc' dir='ltr'>ι</span> <span class='ocrx_word' id='word_1_5' title='bbox 1087 685 1395 776; x_wconf 68' lang='lat' dir='ltr'>ommnro&#39;ryoro.</span> 
     </span>
    </p>
   </div>
   <div class='ocr_carea' id='block_1_4' title="bbox 55 864 1755 5075">
    <p class='ocr_par' dir='ltr' id='par_1_4' title="bbox 55 864 1755 5075">
     <span class='ocr_line' id='line_1_4' title="bbox 99 864 1755 957; baseline 0.005 -30"><span class='ocrx_word' id='word_1_6' title='bbox 99 869 192 936; x_wconf 74' lang='grc' dir='ltr'>Ἄλλος</span> <span class='ocrx_word' id='word_1_7' title='bbox 205 867 252 947; x_wconf 83' lang='grc' dir='ltr'>μὲν</span> <span class='ocrx_word' id='word_1_8' title='bbox 264 870 295 928; x_wconf 88' lang='grc' dir='ltr'>σίν</span> <span class='ocrx_word' id='word_1_9' title='bbox 306 893 345 937; x_wconf 89' lang='grc' dir='ltr'>τις</span> <span class='ocrx_word' id='word_1_10' title='bbox 357 870 401 929; x_wconf 87' lang='grc' dir='ltr'>τὸν</span> <span class='ocrx_word' id='word_1_11' title='bbox 409 871 539 954; x_wconf 74' lang='grc' dir='ltr'>ἀφόρητον</span> <span class='ocrx_word' id='word_1_12' title='bbox 550 873 650 951; x_wconf 79' lang='grc' dir='ltr'>κρυμὸν</span> <span class='ocrx_word' id='word_1_13' title='bbox 659 872 703 932; x_wconf 85' lang='grc' dir='ltr'>τὸν</span> <span class='ocrx_word' id='word_1_14' title='bbox 711 874 834 943; x_wconf 79' lang='grc' dir='ltr'>ἐνταῦθα,</span> <span class='ocrx_word' id='word_1_15' title='bbox 932 872 1010 934; x_wconf 85' lang='lat' dir='ltr'>Alius</span> <span class='ocrx_word' id='word_1_16' title='bbox 1032 864 1146 937; x_wconf 72' lang='lat' dir='ltr'>sortasse</span> <span class='ocrx_word' id='word_1_17' title='bbox 1162 876 1361 937; x_wconf 86' lang='lat' dir='ltr'>intolerandum</span> <span class='ocrx_word' id='word_1_18' title='bbox 1383 875 1466 957; x_wconf 86' lang='lat' dir='ltr'>hujus</span> <span class='ocrx_word' id='word_1_19' title='bbox 1486 874 1602 956; x_wconf 75' lang='lat' dir='ltr'>regionis</span> <span class='ocrx_word' id='word_1_20' title='bbox 1653 896 1718 944; x_wconf 78' lang='lat' dir='ltr'>Anno</span> <span class='ocrx_word' id='word_1_21' title='bbox 1729 908 1755 943; x_wconf 69' lang='grc' dir='ltr'>,ι</span> 
     </span>
     <span class='ocr_line' id='line_1_5' title="bbox 59 958 1702 1084; baseline 0.004 -66"><span class='ocrx_word' id='word_1_22' title='bbox 59 959 110 1030; x_wconf 76' lang='grc' dir='ltr'>τὴν</span> <span class='ocrx_word' id='word_1_23' title='bbox 129 958 229 1032; x_wconf 71' lang='grc' dir='ltr'>πολλὴν</span> <span class='ocrx_word' id='word_1_24' title='bbox 248 960 361 1039; x_wconf 77' lang='grc' dir='ltr'>ἐρημίαν</span> <span class='ocrx_word' id='word_1_25' title='bbox 381 966 427 1019; x_wconf 82' lang='grc' dir='ltr'>τοῦ</span> <span class='ocrx_word' id='word_1_26' title='bbox 447 962 561 1042; x_wconf 87' lang='grc' dir='ltr'>χωρίου,</span> <span class='ocrx_word' id='word_1_27' title='bbox 577 962 626 1034; x_wconf 72' lang='grc' dir='ltr'>την</span> <span class='ocrx_word' id='word_1_28' title='bbox 638 963 832 1043; x_wconf 76' lang='grc' dir='ltr'>χαλεπωτάτην</span> <span class='ocrx_word' id='word_1_29' title='bbox 887 967 991 1048; x_wconf 79' lang='lat' dir='ltr'>frigus,</span> <span class='ocrx_word' id='word_1_30' title='bbox 1008 979 1111 1026; x_wconf 81' lang='lat' dir='ltr'>vastam</span> <span class='ocrx_word' id='word_1_31' title='bbox 1127 967 1180 1028; x_wconf 91' lang='lat' dir='ltr'>loci</span> <span class='ocrx_word' id='word_1_32' title='bbox 1190 968 1381 1045; x_wconf 91' lang='lat' dir='ltr'>solitudinem,</span> <span class='ocrx_word' id='word_1_33' title='bbox 1396 965 1602 1026; x_wconf 78' lang='lat' dir='ltr'>acerbissimum</span> <span class='ocrx_word' id='word_1_34' title='bbox 1610 968 1702 1084; x_wconf 47' lang='grc' dir='ltr'>ἔρξω</span> 
     </span>
     <span class='ocr_line' id='line_1_6' title="bbox 58 1050 1666 1138; baseline 0.007 -30"><span class='ocrx_word' id='word_1_35' title='bbox 58 1050 209 1131; x_wconf 76' lang='grc' dir='ltr'>ἀρρωστίαν</span> <span class='ocrx_word' id='word_1_36' title='bbox 223 1051 285 1123; x_wconf 81' lang='grc' dir='ltr'>(καί</span> <span class='ocrx_word' id='word_1_37' title='bbox 301 1051 354 1131; x_wconf 84' lang='grc' dir='ltr'>γδρ</span> <span class='ocrx_word' id='word_1_38' title='bbox 371 1051 417 1110; x_wconf 77' lang='grc' dir='ltr'>καί</span> <span class='ocrx_word' id='word_1_39' title='bbox 437 1051 571 1134; x_wconf 73' lang='grc' dir='ltr'>ἀρρωστίᾳ</span> <span class='ocrx_word' id='word_1_40' title='bbox 592 1055 708 1113; x_wconf 73' lang='grc' dir='ltr'>ἐντεῦθεν</span> <span class='ocrx_word' id='word_1_41' title='bbox 722 1077 833 1135; x_wconf 89' lang='grc' dir='ltr'>περιπε-</span> <span class='ocrx_word' id='word_1_42' title='bbox 886 1058 1002 1138; x_wconf 85' lang='lat' dir='ltr'>deniqne</span> <span class='ocrx_word' id='word_1_43' title='bbox 1014 1058 1141 1119; x_wconf 91' lang='lat' dir='ltr'>morbum</span> <span class='ocrx_word' id='word_1_44' title='bbox 1155 1059 1240 1135; x_wconf 84' lang='lat' dir='ltr'>(bine</span> <span class='ocrx_word' id='word_1_45' title='bbox 1257 1059 1328 1119; x_wconf 85' lang='lat' dir='ltr'>enim</span> <span class='ocrx_word' id='word_1_46' title='bbox 1352 1059 1381 1119; x_wconf 89' lang='lat' dir='ltr'>in</span> <span class='ocrx_word' id='word_1_47' title='bbox 1395 1059 1521 1120; x_wconf 83' lang='lat' dir='ltr'><strong>morbum</strong></span> <span class='ocrx_word' id='word_1_48' title='bbox 1534 1059 1604 1119; x_wconf 85' lang='lat' dir='ltr'>inei-</span> <span class='ocrx_word' id='word_1_49' title='bbox 1660 1054 1666 1068; x_wconf 77' lang='grc'><em>’</em></span> 
     </span>
     <span class='ocr_line' id='line_1_7' title="bbox 61 1142 1604 1233; baseline 0.006 -33"><span class='ocrx_word' id='word_1_50' title='bbox 61 1142 225 1220; x_wconf 86' lang='grc' dir='ltr'>πτώκαμεν)</span> <span class='ocrx_word' id='word_1_51' title='bbox 238 1142 397 1224; x_wconf 80' lang='grc' dir='ltr'>δπωδύρατο</span> <span class='ocrx_word' id='word_1_52' title='bbox 417 1143 465 1213; x_wconf 81' lang='grc' dir='ltr'>δν,</span> <span class='ocrx_word' id='word_1_53' title='bbox 485 1143 531 1203; x_wconf 82' lang='grc' dir='ltr'>καί</span> <span class='ocrx_word' id='word_1_54' title='bbox 552 1144 712 1225; x_wconf 74' lang='grc' dir='ltr'>έθρτίνησεν·</span> <span class='ocrx_word' id='word_1_55' title='bbox 729 1145 782 1225; x_wconf 74' lang='grc' dir='ltr'>ἐγὼ</span> <span class='ocrx_word' id='word_1_56' title='bbox 805 1145 832 1207; x_wconf 70' lang='grc' dir='ltr'>δὲ</span> <span class='ocrx_word' id='word_1_57' title='bbox 886 1147 978 1211; x_wconf 87' lang='lat' dir='ltr'>dimus</span> <span class='ocrx_word' id='word_1_58' title='bbox 991 1155 1001 1227; x_wconf 85' lang='lat'><em>)</em></span> <span class='ocrx_word' id='word_1_59' title='bbox 1015 1148 1130 1210; x_wconf 85' lang='lat' dir='ltr'>luxisset</span> <span class='ocrx_word' id='word_1_60' title='bbox 1151 1172 1182 1211; x_wconf 84' lang='lat' dir='ltr'>ac</span> <span class='ocrx_word' id='word_1_61' title='bbox 1192 1152 1356 1233; x_wconf 72' lang='lat' dir='ltr'>deplorasset</span> <span class='ocrx_word' id='word_1_62' title='bbox 1373 1173 1380 1207; x_wconf 74' lang='grc' dir='ltr'>ε</span> <span class='ocrx_word' id='word_1_63' title='bbox 1395 1170 1445 1232; x_wconf 77' lang='lat' dir='ltr'>ego</span> <span class='ocrx_word' id='word_1_64' title='bbox 1455 1163 1547 1210; x_wconf 75' lang='lat' dir='ltr'>cutem</span> <span class='ocrx_word' id='word_1_65' title='bbox 1559 1150 1604 1211; x_wconf 87' lang='lat' dir='ltr'>bis</span> 
     </span>
     <span class='ocr_line' id='line_1_8' title="bbox 58 1233 1604 1323; baseline 0.007 -31"><span class='ocrx_word' id='word_1_66' title='bbox 58 1241 143 1295; x_wconf 80' lang='grc' dir='ltr'>ταῦτα</span> <span class='ocrx_word' id='word_1_67' title='bbox 157 1233 247 1315; x_wconf 81' lang='grc' dir='ltr'>ἀρεὶς,</span> <span class='ocrx_word' id='word_1_68' title='bbox 267 1234 312 1292; x_wconf 83' lang='grc' dir='ltr'>τδν</span> <span class='ocrx_word' id='word_1_69' title='bbox 323 1235 475 1315; x_wconf 84' lang='grc' dir='ltr'>Ιχωρισμδν</span> <span class='ocrx_word' id='word_1_70' title='bbox 497 1234 662 1317; x_wconf 85' lang='grc' dir='ltr'>ἀποδύρομαι</span> <span class='ocrx_word' id='word_1_71' title='bbox 675 1237 721 1297; x_wconf 89' lang='grc' dir='ltr'>τδν</span> <span class='ocrx_word' id='word_1_72' title='bbox 734 1237 831 1316; x_wconf 83' lang='grc' dir='ltr'>ύμίτε-</span> <span class='ocrx_word' id='word_1_73' title='bbox 886 1241 993 1301; x_wconf 90' lang='lat' dir='ltr'>omissis</span> <span class='ocrx_word' id='word_1_74' title='bbox 1005 1240 1215 1323; x_wconf 86' lang='lat' dir='ltr'>disjunctionem</span> <span class='ocrx_word' id='word_1_75' title='bbox 1223 1256 1341 1304; x_wconf 78' lang='lat' dir='ltr'>vestram</span> <span class='ocrx_word' id='word_1_76' title='bbox 1350 1241 1445 1323; x_wconf 76' lang='lat' dir='ltr'>lugeo,</span> <span class='ocrx_word' id='word_1_77' title='bbox 1456 1263 1517 1322; x_wconf 74' lang='lat' dir='ltr'>que</span> <span class='ocrx_word' id='word_1_78' title='bbox 1529 1242 1604 1305; x_wconf 88' lang='lat' dir='ltr'>mibi</span> 
     </span>
     <span class='ocr_line' id='line_1_9' title="bbox 62 1326 1600 1412; baseline 0.007 -29"><span class='ocrx_word' id='word_1_79' title='bbox 62 1351 116 1409; x_wconf 88' lang='grc' dir='ltr'>ρον,</span> <span class='ocrx_word' id='word_1_80' title='bbox 130 1327 144 1386; x_wconf 84' lang='grc' dir='ltr'>ὃ</span> <span class='ocrx_word' id='word_1_81' title='bbox 156 1326 201 1385; x_wconf 81' lang='grc' dir='ltr'>καθ</span> <span class='ocrx_word' id='word_1_82' title='bbox 215 1326 327 1408; x_wconf 73' lang='grc' dir='ltr'>ἐρημίας</span> <span class='ocrx_word' id='word_1_83' title='bbox 338 1327 384 1386; x_wconf 83' lang='grc' dir='ltr'>καὶ</span> <span class='ocrx_word' id='word_1_84' title='bbox 399 1328 475 1388; x_wconf 86' lang='grc' dir='ltr'>νάσου</span> <span class='ocrx_word' id='word_1_85' title='bbox 484 1329 529 1387; x_wconf 82' lang='grc' dir='ltr'>καθ</span> <span class='ocrx_word' id='word_1_86' title='bbox 539 1333 670 1409; x_wconf 81' lang='grc' dir='ltr'>χειμῶνος</span> <span class='ocrx_word' id='word_1_87' title='bbox 681 1330 740 1408; x_wconf 82' lang='grc' dir='ltr'>ίμολ</span> <span class='ocrx_word' id='word_1_88' title='bbox 753 1331 833 1412; x_wconf 88' lang='grc' dir='ltr'>βαρύ·</span> <span class='ocrx_word' id='word_1_89' title='bbox 886 1344 912 1390; x_wconf 90' lang='lat' dir='ltr'>et</span> <span class='ocrx_word' id='word_1_90' title='bbox 922 1330 1083 1406; x_wconf 69' lang='lat' dir='ltr'>solitudine,</span> <span class='ocrx_word' id='word_1_91' title='bbox 1099 1344 1126 1392; x_wconf 90' lang='lat' dir='ltr'>c&#39;t</span> <span class='ocrx_word' id='word_1_92' title='bbox 1140 1334 1252 1410; x_wconf 91' lang='lat' dir='ltr'>morbo,</span> <span class='ocrx_word' id='word_1_93' title='bbox 1268 1347 1293 1393; x_wconf 91' lang='lat' dir='ltr'>et</span> <span class='ocrx_word' id='word_1_94' title='bbox 1313 1333 1401 1394; x_wconf 84' lang='lat' dir='ltr'>bierne</span> <span class='ocrx_word' id='word_1_95' title='bbox 1411 1332 1600 1395; x_wconf 72' lang='lat' dir='ltr'>estecerbior.</span> 
     </span>
     <span class='ocr_line' id='line_1_10' title="bbox 58 1417 1603 1504; baseline 0.006 -29"><span class='ocrx_word' id='word_1_96' title='bbox 58 1440 144 1497; x_wconf 89' lang='grc' dir='ltr'>τερον.</span> <span class='ocrx_word' id='word_1_97' title='bbox 162 1417 214 1477; x_wconf 85' lang='grc' dir='ltr'>Καὶ</span> <span class='ocrx_word' id='word_1_98' title='bbox 229 1422 275 1476; x_wconf 87' lang='grc' dir='ltr'>νῦν</span> <span class='ocrx_word' id='word_1_99' title='bbox 290 1417 352 1476; x_wconf 86' lang='grc' dir='ltr'>αθτδ</span> <span class='ocrx_word' id='word_1_100' title='bbox 365 1419 581 1499; x_wconf 77' lang='grc' dir='ltr'>χαλεπώτερονῆ</span> <span class='ocrx_word' id='word_1_101' title='bbox 596 1419 723 1503; x_wconf 85' lang='grc' dir='ltr'>πρότερον</span> <span class='ocrx_word' id='word_1_102' title='bbox 737 1420 831 1494; x_wconf 76' lang='grc' dir='ltr'>ἀποίη-</span> <span class='ocrx_word' id='word_1_103' title='bbox 887 1421 977 1494; x_wconf 82' lang='lat' dir='ltr'><strong>Quam</strong></span> <span class='ocrx_word' id='word_1_104' title='bbox 999 1422 1172 1484; x_wconf 81' lang='lat' dir='ltr'>acerbitatem</span> <span class='ocrx_word' id='word_1_105' title='bbox 1194 1424 1282 1484; x_wconf 89' lang='lat' dir='ltr'>hiems</span> <span class='ocrx_word' id='word_1_106' title='bbox 1297 1445 1404 1504; x_wconf 85' lang='lat' dir='ltr'>quoque</span> <span class='ocrx_word' id='word_1_107' title='bbox 1423 1422 1492 1484; x_wconf 89' lang='lat' dir='ltr'>mibi</span> <span class='ocrx_word' id='word_1_108' title='bbox 1515 1425 1603 1484; x_wconf 83' lang='lat' dir='ltr'>auxit.</span> 
     </span>
     <span class='ocr_line' id='line_1_11' title="bbox 58 1503 1651 1598; baseline 0.005 -29"><span class='ocrx_word' id='word_1_109' title='bbox 58 1533 103 1569; x_wconf 90' lang='grc' dir='ltr'>σεν</span> <span class='ocrx_word' id='word_1_110' title='bbox 125 1507 265 1589; x_wconf 84' lang='grc' dir='ltr'>δχειμών.</span> <span class='ocrx_word' id='word_1_111' title='bbox 280 1509 334 1569; x_wconf 79' lang='grc' dir='ltr'>Καὶ</span> <span class='ocrx_word' id='word_1_112' title='bbox 352 1510 404 1591; x_wconf 78' lang='grc' dir='ltr'>γὰρ</span> <span class='ocrx_word' id='word_1_113' title='bbox 417 1511 449 1584; x_wconf 74' lang='grc' dir='ltr'>ἢν</span> <span class='ocrx_word' id='word_1_114' title='bbox 470 1511 552 1589; x_wconf 85' lang='grc' dir='ltr'>μόνην</span> <span class='ocrx_word' id='word_1_115' title='bbox 571 1503 641 1593; x_wconf 82' lang='grc' dir='ltr'>είχον</span> <span class='ocrx_word' id='word_1_116' title='bbox 662 1512 832 1592; x_wconf 75' lang='grc' dir='ltr'>παραμυθίαν</span> <span class='ocrx_word' id='word_1_117' title='bbox 887 1511 1045 1593; x_wconf 78' lang='lat' dir='ltr'>Namqnod</span> <span class='ocrx_word' id='word_1_118' title='bbox 1058 1536 1144 1575; x_wconf 90' lang='lat' dir='ltr'>unum</span> <span class='ocrx_word' id='word_1_119' title='bbox 1153 1516 1348 1576; x_wconf 73' lang='lat' dir='ltr'>molestissime</span> <span class='ocrx_word' id='word_1_120' title='bbox 1359 1514 1548 1598; x_wconf 82' lang='lat' dir='ltr'>disjunctionis</span> <span class='ocrx_word' id='word_1_121' title='bbox 1562 1513 1616 1577; x_wconf 60' lang='lat' dir='ltr'>so?</span> <span class='ocrx_word' id='word_1_122' title='bbox 1649 1543 1651 1548; x_wconf 57' lang='lat'><strong><em>¹</em></strong></span> 
     </span>
     <span class='ocr_line' id='line_1_12' title="bbox 59 1601 1606 1689; baseline 0.006 -32"><span class='ocrx_word' id='word_1_123' title='bbox 59 1605 105 1658; x_wconf 79' lang='grc' dir='ltr'>τοῦ</span> <span class='ocrx_word' id='word_1_124' title='bbox 116 1601 276 1680; x_wconf 78' lang='grc' dir='ltr'>πικροτάτου</span> <span class='ocrx_word' id='word_1_125' title='bbox 290 1601 382 1661; x_wconf 89' lang='grc' dir='ltr'>τούτου</span> <span class='ocrx_word' id='word_1_126' title='bbox 395 1610 550 1683; x_wconf 76' lang='grc' dir='ltr'>χωρισμοῧ,</span> <span class='ocrx_word' id='word_1_127' title='bbox 561 1604 595 1673; x_wconf 67' lang='grc' dir='ltr'>τδ,</span> <span class='ocrx_word' id='word_1_128' title='bbox 602 1601 647 1663; x_wconf 84' lang='grc' dir='ltr'>διδ</span> <span class='ocrx_word' id='word_1_129' title='bbox 666 1603 832 1683; x_wconf 75' lang='grc' dir='ltr'>γραμμάτων</span> <span class='ocrx_word' id='word_1_130' title='bbox 887 1603 983 1662; x_wconf 72' lang='lat' dir='ltr'>latium</span> <span class='ocrx_word' id='word_1_131' title='bbox 995 1606 1174 1686; x_wconf 76' lang='lat' dir='ltr'>suppetebat,</span> <span class='ocrx_word' id='word_1_132' title='bbox 1185 1610 1289 1666; x_wconf 90' lang='lat' dir='ltr'>booest</span> <span class='ocrx_word' id='word_1_133' title='bbox 1308 1620 1338 1665; x_wconf 93' lang='lat' dir='ltr'>ut</span> <span class='ocrx_word' id='word_1_134' title='bbox 1351 1607 1493 1668; x_wconf 85' lang='lat' dir='ltr'>vobiscum</span> <span class='ocrx_word' id='word_1_135' title='bbox 1505 1628 1555 1689; x_wconf 89' lang='lat' dir='ltr'>per</span> <span class='ocrx_word' id='word_1_136' title='bbox 1572 1607 1606 1667; x_wconf 90' lang='lat' dir='ltr'>li-</span> 
     </span>
     <span class='ocr_line' id='line_1_13' title="bbox 57 1692 1700 1778; baseline 0.005 -28"><span class='ocrx_word' id='word_1_137' title='bbox 57 1696 120 1769; x_wconf 82' lang='grc' dir='ltr'>ὑμῖν</span> <span class='ocrx_word' id='word_1_138' title='bbox 131 1695 242 1770; x_wconf 79' lang='grc' dir='ltr'>ὁμιλεῖν,</span> <span class='ocrx_word' id='word_1_139' title='bbox 254 1693 300 1753; x_wconf 79' lang='grc' dir='ltr'>καί</span> <span class='ocrx_word' id='word_1_140' title='bbox 313 1692 412 1767; x_wconf 88' lang='grc' dir='ltr'>ταύτην</span> <span class='ocrx_word' id='word_1_141' title='bbox 424 1693 541 1754; x_wconf 72' lang='grc' dir='ltr'>ἀπελθὼν</span> <span class='ocrx_word' id='word_1_142' title='bbox 554 1700 625 1773; x_wconf 78' lang='grc' dir='ltr'>ἡμᾶς</span> <span class='ocrx_word' id='word_1_143' title='bbox 639 1694 772 1774; x_wconf 78' lang='grc' dir='ltr'>άριίλιτο,</span> <span class='ocrx_word' id='word_1_144' title='bbox 785 1696 834 1762; x_wconf 79' lang='grc' dir='ltr'>τδς</span> <span class='ocrx_word' id='word_1_145' title='bbox 886 1706 956 1753; x_wconf 84' lang='lat' dir='ltr'>teras</span> <span class='ocrx_word' id='word_1_146' title='bbox 966 1695 1527 1778; x_wconf 79' lang='lat' dir='ltr'>colloquerer,hooquoquehiemsexortu</span> <span class='ocrx_word' id='word_1_147' title='bbox 1535 1697 1607 1759; x_wconf 83' lang='lat' dir='ltr'>mibi</span> <span class='ocrx_word' id='word_1_148' title='bbox 1697 1755 1700 1759; x_wconf 85' lang='lat'><strong>.</strong></span> 
     </span>
     <span class='ocr_line' id='line_1_14' title="bbox 56 1782 1607 1869; baseline 0.006 -28"><span class='ocrx_word' id='word_1_149' title='bbox 56 1782 132 1850; x_wconf 83' lang='grc' dir='ltr'>θδοδς</span> <span class='ocrx_word' id='word_1_150' title='bbox 142 1783 302 1853; x_wconf 83' lang='grc' dir='ltr'>ἀποκλείσας</span> <span class='ocrx_word' id='word_1_151' title='bbox 316 1789 349 1865; x_wconf 82' lang='grc' dir='ltr'>τῇ</span> <span class='ocrx_word' id='word_1_152' title='bbox 363 1788 450 1866; x_wconf 83' lang='grc' dir='ltr'>πολλῇ</span> <span class='ocrx_word' id='word_1_153' title='bbox 466 1789 514 1858; x_wconf 79' lang='grc' dir='ltr'>τῆς</span> <span class='ocrx_word' id='word_1_154' title='bbox 525 1785 613 1866; x_wconf 79' lang='grc' dir='ltr'>χιόνος</span> <span class='ocrx_word' id='word_1_155' title='bbox 624 1795 702 1869; x_wconf 68' lang='grc' dir='ltr'>φορᾷ,</span> <span class='ocrx_word' id='word_1_156' title='bbox 715 1785 761 1845; x_wconf 82' lang='grc' dir='ltr'>καθ</span> <span class='ocrx_word' id='word_1_157' title='bbox 774 1787 833 1846; x_wconf 87' lang='grc' dir='ltr'>ούτε</span> <span class='ocrx_word' id='word_1_158' title='bbox 850 1799 868 1849; x_wconf 84' lang='grc' dir='ltr'><strong>Β</strong></span> <span class='ocrx_word' id='word_1_159' title='bbox 886 1783 1007 1845; x_wconf 78' lang='lat' dir='ltr'>ademit:</span> <span class='ocrx_word' id='word_1_160' title='bbox 1022 1800 1052 1846; x_wconf 91' lang='lat' dir='ltr'>ut</span> <span class='ocrx_word' id='word_1_161' title='bbox 1065 1808 1126 1866; x_wconf 78' lang='lat' dir='ltr'>quae</span> <span class='ocrx_word' id='word_1_162' title='bbox 1142 1787 1178 1847; x_wconf 95' lang='lat' dir='ltr'>ob</span> <span class='ocrx_word' id='word_1_163' title='bbox 1188 1788 1324 1867; x_wconf 79' lang='lat' dir='ltr'>ingentem</span> <span class='ocrx_word' id='word_1_164' title='bbox 1335 1789 1408 1849; x_wconf 85' lang='lat' dir='ltr'>nivis</span> <span class='ocrx_word' id='word_1_165' title='bbox 1422 1789 1482 1850; x_wconf 88' lang='lat' dir='ltr'>vim</span> <span class='ocrx_word' id='word_1_166' title='bbox 1490 1789 1551 1853; x_wconf 77' lang='lat' dir='ltr'>vias</span> <span class='ocrx_word' id='word_1_167' title='bbox 1565 1789 1607 1850; x_wconf 89' lang='lat' dir='ltr'>iu·</span> 
     </span>
     <span class='ocr_line' id='line_1_15' title="bbox 56 1873 1609 1960; baseline 0.006 -27"><span class='ocrx_word' id='word_1_168' title='bbox 56 1873 151 1943; x_wconf 79' lang='grc' dir='ltr'>ἔξωθεν</span> <span class='ocrx_word' id='word_1_169' title='bbox 164 1875 360 1956; x_wconf 78' lang='grc' dir='ltr'>παραγενέσθαι</span> <span class='ocrx_word' id='word_1_170' title='bbox 379 1876 425 1936; x_wconf 81' lang='grc' dir='ltr'>καί</span> <span class='ocrx_word' id='word_1_171' title='bbox 438 1875 609 1957; x_wconf 80' lang='grc' dir='ltr'>συγγενέσθαι</span> <span class='ocrx_word' id='word_1_172' title='bbox 625 1882 704 1955; x_wconf 80' lang='grc' dir='ltr'>ἡμῖν,</span> <span class='ocrx_word' id='word_1_173' title='bbox 719 1875 779 1937; x_wconf 69' lang='lat' dir='ltr'>oisc</span> <span class='ocrx_word' id='word_1_174' title='bbox 790 1881 833 1937; x_wconf 78' lang='grc' dir='ltr'>ἐν-</span> <span class='ocrx_word' id='word_1_175' title='bbox 886 1878 1049 1957; x_wconf 83' lang='lat' dir='ltr'>tereluserit,</span> <span class='ocrx_word' id='word_1_176' title='bbox 1060 1901 1190 1960; x_wconf 76' lang='lat' dir='ltr'>seneque</span> <span class='ocrx_word' id='word_1_177' title='bbox 1199 1879 1310 1940; x_wconf 79' lang='lat' dir='ltr'>aliunde</span> <span class='ocrx_word' id='word_1_178' title='bbox 1318 1901 1484 1960; x_wconf 75' lang='lat' dir='ltr'>quemquam</span> <span class='ocrx_word' id='word_1_179' title='bbox 1499 1880 1609 1943; x_wconf 66' lang='lat' dir='ltr'>bucne-</span> 
     </span>
     <span class='ocr_line' id='line_1_16' title="bbox 56 1956 1697 2053; baseline 0.004 -26"><span class='ocrx_word' id='word_1_180' title='bbox 56 1973 144 2027; x_wconf 81' lang='grc' dir='ltr'>τεῦθεν</span> <span class='ocrx_word' id='word_1_181' title='bbox 159 1971 305 2039; x_wconf 71' lang='grc' dir='ltr'>ἀναστῆναι</span> <span class='ocrx_word' id='word_1_182' title='bbox 326 1968 371 2027; x_wconf 83' lang='grc' dir='ltr'>καλ</span> <span class='ocrx_word' id='word_1_183' title='bbox 385 1970 560 2048; x_wconf 80' lang='grc' dir='ltr'>ἀποδημῆσαι</span> <span class='ocrx_word' id='word_1_184' title='bbox 581 1968 647 2050; x_wconf 91' lang='grc' dir='ltr'>πρδς</span> <span class='ocrx_word' id='word_1_185' title='bbox 667 1971 736 2047; x_wconf 69' lang='grc' dir='ltr'>ὑμᾶς</span> <span class='ocrx_word' id='word_1_186' title='bbox 749 1969 832 2050; x_wconf 79' lang='grc' dir='ltr'>ἀφείς.</span> <span class='ocrx_word' id='word_1_187' title='bbox 887 1956 964 2046; x_wconf 84' lang='lat' dir='ltr'>nire,</span> <span class='ocrx_word' id='word_1_188' title='bbox 986 1992 1019 2030; x_wconf 76' lang='lat' dir='ltr'>ac</span> <span class='ocrx_word' id='word_1_189' title='bbox 1037 1972 1181 2034; x_wconf 88' lang='lat' dir='ltr'>nobiscum</span> <span class='ocrx_word' id='word_1_190' title='bbox 1202 1971 1341 2053; x_wconf 73' lang='lat' dir='ltr'>congredi,</span> <span class='ocrx_word' id='word_1_191' title='bbox 1360 1993 1448 2052; x_wconf 84' lang='lat' dir='ltr'>noque</span> <span class='ocrx_word' id='word_1_192' title='bbox 1463 1973 1526 2033; x_wconf 85' lang='lat' dir='ltr'>item</span> <span class='ocrx_word' id='word_1_193' title='bbox 1543 1972 1608 2047; x_wconf 89' lang='lat' dir='ltr'>binc</span> <span class='ocrx_word' id='word_1_194' title='bbox 1695 2048 1697 2053; x_wconf 68' lang='lat'>,</span> 
     </span>
     <span class='ocr_line' id='line_1_17' title="bbox 58 2058 1610 2144; baseline 0 -24"><span class='ocrx_word' id='word_1_195' title='bbox 58 2059 112 2120; x_wconf 83' lang='grc' dir='ltr'>Καί</span> <span class='ocrx_word' id='word_1_196' title='bbox 126 2066 170 2120; x_wconf 81' lang='grc' dir='ltr'>νῦν</span> <span class='ocrx_word' id='word_1_197' title='bbox 188 2059 215 2119; x_wconf 81' lang='grc' dir='ltr'>δέ</span> <span class='ocrx_word' id='word_1_198' title='bbox 230 2063 276 2119; x_wconf 85' lang='grc' dir='ltr'>οὐκ</span> <span class='ocrx_word' id='word_1_199' title='bbox 290 2058 398 2119; x_wconf 85' lang='grc' dir='ltr'>ίλαττον</span> <span class='ocrx_word' id='word_1_200' title='bbox 413 2065 466 2120; x_wconf 83' lang='grc' dir='ltr'>τῶν</span> <span class='ocrx_word' id='word_1_201' title='bbox 485 2060 613 2142; x_wconf 86' lang='grc' dir='ltr'>Ἰσαύρων</span> <span class='ocrx_word' id='word_1_202' title='bbox 627 2063 641 2119; x_wconf 81' lang='grc' dir='ltr'>δ</span> <span class='ocrx_word' id='word_1_203' title='bbox 655 2060 750 2140; x_wconf 63' lang='lat' dir='ltr'>odico,</span> <span class='ocrx_word' id='word_1_204' title='bbox 764 2061 833 2122; x_wconf 73' lang='grc' dir='ltr'>ἀλλὰ</span> <span class='ocrx_word' id='word_1_205' title='bbox 886 2061 1029 2139; x_wconf 73' lang='lat' dir='ltr'>excedere,</span> <span class='ocrx_word' id='word_1_206' title='bbox 1041 2076 1122 2142; x_wconf 81' lang='lat' dir='ltr'>atque</span> <span class='ocrx_word' id='word_1_207' title='bbox 1132 2063 1169 2123; x_wconf 82' lang='lat' dir='ltr'>ad</span> <span class='ocrx_word' id='word_1_208' title='bbox 1181 2083 1230 2124; x_wconf 85' lang='lat' dir='ltr'>vos</span> <span class='ocrx_word' id='word_1_209' title='bbox 1245 2062 1381 2144; x_wconf 83' lang='lat' dir='ltr'>proficisci</span> <span class='ocrx_word' id='word_1_210' title='bbox 1390 2063 1470 2125; x_wconf 79' lang='lat' dir='ltr'>siunt.</span> <span class='ocrx_word' id='word_1_211' title='bbox 1485 2062 1567 2139; x_wconf 87' lang='lat' dir='ltr'>Quod</span> <span class='ocrx_word' id='word_1_212' title='bbox 1580 2074 1610 2122; x_wconf 81' lang='lat' dir='ltr'>et</span> 
     </span>
     <span class='ocr_line' id='line_1_18' title="bbox 56 2151 1611 2235; baseline 0.003 -25"><span class='ocrx_word' id='word_1_213' title='bbox 56 2153 104 2211; x_wconf 84' lang='grc' dir='ltr'>καλ</span> <span class='ocrx_word' id='word_1_214' title='bbox 117 2152 207 2231; x_wconf 78' lang='grc' dir='ltr'>πολλῷ</span> <span class='ocrx_word' id='word_1_215' title='bbox 218 2151 296 2212; x_wconf 87' lang='grc' dir='ltr'>πλέον</span> <span class='ocrx_word' id='word_1_216' title='bbox 308 2152 338 2211; x_wconf 88' lang='grc' dir='ltr'>τδ</span> <span class='ocrx_word' id='word_1_217' title='bbox 351 2153 415 2212; x_wconf 87' lang='grc' dir='ltr'>αθτδ</span> <span class='ocrx_word' id='word_1_218' title='bbox 429 2151 461 2223; x_wconf 82' lang='grc' dir='ltr'>δὴ</span> <span class='ocrx_word' id='word_1_219' title='bbox 476 2159 552 2212; x_wconf 80' lang='grc' dir='ltr'>τοῦτο</span> <span class='ocrx_word' id='word_1_220' title='bbox 562 2161 647 2227; x_wconf 84' lang='grc' dir='ltr'>ποιεῖ,</span> <span class='ocrx_word' id='word_1_221' title='bbox 659 2152 708 2226; x_wconf 77' lang='grc' dir='ltr'>τὴν</span> <span class='ocrx_word' id='word_1_222' title='bbox 720 2153 833 2234; x_wconf 75' lang='grc' dir='ltr'>ἐρημίαν</span> <span class='ocrx_word' id='word_1_223' title='bbox 888 2155 978 2235; x_wconf 88' lang='lat' dir='ltr'>ipsum</span> <span class='ocrx_word' id='word_1_224' title='bbox 988 2154 1064 2214; x_wconf 75' lang='lat' dir='ltr'>baud</span> <span class='ocrx_word' id='word_1_225' title='bbox 1073 2155 1177 2231; x_wconf 85' lang='lat' dir='ltr'>miuus,</span> <span class='ocrx_word' id='word_1_226' title='bbox 1192 2155 1247 2214; x_wconf 89' lang='lat' dir='ltr'>imo</span> <span class='ocrx_word' id='word_1_227' title='bbox 1264 2155 1345 2215; x_wconf 84' lang='lat' dir='ltr'>etiam</span> <span class='ocrx_word' id='word_1_228' title='bbox 1355 2156 1444 2235; x_wconf 76' lang='lat' dir='ltr'>magis</span> <span class='ocrx_word' id='word_1_229' title='bbox 1453 2156 1611 2215; x_wconf 72' lang='lat' dir='ltr'><strong>Isaurorum</strong></span> 
     </span>
     <span class='ocr_line' id='line_1_19' title="bbox 56 2241 1610 2326; baseline 0.002 -24"><span class='ocrx_word' id='word_1_230' title='bbox 56 2242 210 2315; x_wconf 75' lang='grc' dir='ltr'>ἐπιτείνων,</span> <span class='ocrx_word' id='word_1_231' title='bbox 231 2241 333 2309; x_wconf 78' lang='grc' dir='ltr'>πάντας</span> <span class='ocrx_word' id='word_1_232' title='bbox 345 2242 478 2314; x_wconf 84' lang='grc' dir='ltr'>ἐλαύνων,</span> <span class='ocrx_word' id='word_1_233' title='bbox 492 2243 655 2324; x_wconf 84' lang='grc' dir='ltr'>ρυγαδεύιον,</span> <span class='ocrx_word' id='word_1_234' title='bbox 668 2244 834 2322; x_wconf 79' lang='grc' dir='ltr'>ματανάστας</span> <span class='ocrx_word' id='word_1_235' title='bbox 888 2257 974 2306; x_wconf 88' lang='lat' dir='ltr'>terror</span> <span class='ocrx_word' id='word_1_236' title='bbox 982 2244 1083 2324; x_wconf 83' lang='lat' dir='ltr'>efficit,</span> <span class='ocrx_word' id='word_1_237' title='bbox 1095 2244 1227 2324; x_wconf 87' lang='lat' dir='ltr'>nobisque</span> <span class='ocrx_word' id='word_1_238' title='bbox 1233 2245 1408 2306; x_wconf 86' lang='lat' dir='ltr'>solitudinem</span> <span class='ocrx_word' id='word_1_239' title='bbox 1416 2258 1497 2326; x_wconf 76' lang='lat' dir='ltr'>auget</span> <span class='ocrx_word' id='word_1_240' title='bbox 1501 2266 1610 2323; x_wconf 89' lang='lat' dir='ltr'>,omues</span> 
     </span>
     <span class='ocr_line' id='line_1_20' title="bbox 56 2333 1609 2418; baseline 0.003 -26"><span class='ocrx_word' id='word_1_241' title='bbox 56 2337 151 2394; x_wconf 85' lang='grc' dir='ltr'>ποιῶν.</span> <span class='ocrx_word' id='word_1_242' title='bbox 166 2333 261 2401; x_wconf 80' lang='grc' dir='ltr'>Οὐδεὶς</span> <span class='ocrx_word' id='word_1_243' title='bbox 273 2334 325 2415; x_wconf 85' lang='grc' dir='ltr'>γὰρ</span> <span class='ocrx_word' id='word_1_244' title='bbox 338 2333 405 2394; x_wconf 88' lang='grc' dir='ltr'>οίκοι</span> <span class='ocrx_word' id='word_1_245' title='bbox 419 2335 511 2404; x_wconf 75' lang='grc' dir='ltr'>λοιπὸν</span> <span class='ocrx_word' id='word_1_246' title='bbox 523 2335 610 2415; x_wconf 80' lang='grc' dir='ltr'>μένειν</span> <span class='ocrx_word' id='word_1_247' title='bbox 627 2335 760 2417; x_wconf 84' lang='grc' dir='ltr'>ἀνέχεται,</span> <span class='ocrx_word' id='word_1_248' title='bbox 774 2338 832 2396; x_wconf 83' lang='grc' dir='ltr'>ἀλλ’</span> <span class='ocrx_word' id='word_1_249' title='bbox 888 2333 1197 2413; x_wconf 82' lang='lat' dir='ltr'>videlicetsubmovens,</span> <span class='ocrx_word' id='word_1_250' title='bbox 1213 2338 1329 2417; x_wconf 81' lang='lat' dir='ltr'>atquein</span> <span class='ocrx_word' id='word_1_251' title='bbox 1340 2337 1435 2416; x_wconf 76' lang='lat' dir='ltr'>sugam</span> <span class='ocrx_word' id='word_1_252' title='bbox 1451 2336 1609 2418; x_wconf 73' lang='lat' dir='ltr'>conjiciens,</span> 
     </span>
     <span class='ocr_line' id='line_1_21' title="bbox 57 2425 1610 2509; baseline 0 -22"><span class='ocrx_word' id='word_1_253' title='bbox 57 2427 166 2495; x_wconf 73' lang='grc' dir='ltr'>ἕκαστος</span> <span class='ocrx_word' id='word_1_254' title='bbox 179 2425 227 2499; x_wconf 68' lang='grc' dir='ltr'>τὴν</span> <span class='ocrx_word' id='word_1_255' title='bbox 240 2429 334 2485; x_wconf 76' lang='grc' dir='ltr'>ἑαυτοῦ</span> <span class='ocrx_word' id='word_1_256' title='bbox 347 2426 504 2487; x_wconf 83' lang='grc' dir='ltr'>καταλιπὼν</span> <span class='ocrx_word' id='word_1_257' title='bbox 520 2429 657 2508; x_wconf 77' lang='grc' dir='ltr'>ἀποπηδᾷ.</span> <span class='ocrx_word' id='word_1_258' title='bbox 678 2427 732 2487; x_wconf 76' lang='grc' dir='ltr'>Καὶ</span> <span class='ocrx_word' id='word_1_259' title='bbox 748 2431 775 2488; x_wconf 89' lang='grc' dir='ltr'>αἱ</span> <span class='ocrx_word' id='word_1_260' title='bbox 785 2426 835 2507; x_wconf 80' lang='grc' dir='ltr'>μέν</span> <span class='ocrx_word' id='word_1_261' title='bbox 888 2428 1049 2507; x_wconf 83' lang='lat' dir='ltr'>exsulesque</span> <span class='ocrx_word' id='word_1_262' title='bbox 1060 2428 1186 2489; x_wconf 86' lang='lat' dir='ltr'>reddens.</span> <span class='ocrx_word' id='word_1_263' title='bbox 1202 2430 1295 2508; x_wconf 85' lang='lat' dir='ltr'>Neque</span> <span class='ocrx_word' id='word_1_264' title='bbox 1308 2428 1381 2489; x_wconf 89' lang='lat' dir='ltr'>enim</span> <span class='ocrx_word' id='word_1_265' title='bbox 1391 2429 1450 2509; x_wconf 84' lang='lat' dir='ltr'>jam</span> <span class='ocrx_word' id='word_1_266' title='bbox 1466 2427 1610 2508; x_wconf 79' lang='lat' dir='ltr'>quisquam</span> 
     </span>
     <span class='ocr_line' id='line_1_22' title="bbox 56 2515 1610 2600; baseline -0.001 -23"><span class='ocrx_word' id='word_1_267' title='bbox 56 2518 146 2585; x_wconf 85' lang='grc' dir='ltr'>πολεις</span> <span class='ocrx_word' id='word_1_268' title='bbox 161 2517 213 2578; x_wconf 79' lang='grc' dir='ltr'>εἰσὶ</span> <span class='ocrx_word' id='word_1_269' title='bbox 225 2517 316 2577; x_wconf 88' lang='grc' dir='ltr'>λοιπδν</span> <span class='ocrx_word' id='word_1_270' title='bbox 333 2525 419 2599; x_wconf 83' lang='grc' dir='ltr'>τοῖχοι</span> <span class='ocrx_word' id='word_1_271' title='bbox 432 2518 478 2578; x_wconf 77' lang='grc' dir='ltr'>καί</span> <span class='ocrx_word' id='word_1_272' title='bbox 491 2521 599 2600; x_wconf 83' lang='grc' dir='ltr'>δροροι,</span> <span class='ocrx_word' id='word_1_273' title='bbox 615 2525 643 2580; x_wconf 80' lang='grc' dir='ltr'>αθ</span> <span class='ocrx_word' id='word_1_274' title='bbox 654 2519 683 2579; x_wconf 81' lang='grc' dir='ltr'>δδ</span> <span class='ocrx_word' id='word_1_275' title='bbox 698 2519 836 2600; x_wconf 78' lang='grc' dir='ltr'>φάραγγας</span> <span class='ocrx_word' id='word_1_276' title='bbox 889 2515 963 2576; x_wconf 89' lang='lat' dir='ltr'>ullus</span> <span class='ocrx_word' id='word_1_277' title='bbox 974 2530 1013 2576; x_wconf 87' lang='lat' dir='ltr'>est</span> <span class='ocrx_word' id='word_1_278' title='bbox 1024 2516 1154 2597; x_wconf 83' lang='lat' dir='ltr'>quidomi</span> <span class='ocrx_word' id='word_1_279' title='bbox 1167 2538 1276 2578; x_wconf 83' lang='lat' dir='ltr'>manere</span> <span class='ocrx_word' id='word_1_280' title='bbox 1288 2517 1405 2576; x_wconf 84' lang='lat' dir='ltr'>audeat:</span> <span class='ocrx_word' id='word_1_281' title='bbox 1420 2536 1516 2577; x_wconf 81' lang='lat' dir='ltr'>verum</span> <span class='ocrx_word' id='word_1_282' title='bbox 1526 2537 1610 2575; x_wconf 89' lang='lat' dir='ltr'>unus-</span> 
     </span>
     <span class='ocr_line' id='line_1_23' title="bbox 55 2607 1738 2691; baseline -0.001 -23"><span class='ocrx_word' id='word_1_283' title='bbox 55 2609 102 2668; x_wconf 76' lang='grc' dir='ltr'>καί</span> <span class='ocrx_word' id='word_1_284' title='bbox 116 2614 144 2670; x_wconf 83' lang='grc' dir='ltr'>αθ</span> <span class='ocrx_word' id='word_1_285' title='bbox 158 2608 241 2669; x_wconf 84' lang='grc' dir='ltr'>νάπαι</span> <span class='ocrx_word' id='word_1_286' title='bbox 259 2607 358 2677; x_wconf 76' lang='grc' dir='ltr'>πόλεις.</span> <span class='ocrx_word' id='word_1_287' title='bbox 371 2610 500 2690; x_wconf 83' lang='grc' dir='ltr'>Καθάπερ</span> <span class='ocrx_word' id='word_1_288' title='bbox 512 2611 564 2690; x_wconf 84' lang='grc' dir='ltr'>γάρ</span> <span class='ocrx_word' id='word_1_289' title='bbox 575 2611 610 2672; x_wconf 85' lang='grc' dir='ltr'>τδ</span> <span class='ocrx_word' id='word_1_290' title='bbox 628 2611 708 2691; x_wconf 83' lang='grc' dir='ltr'>ἀγρια</span> <span class='ocrx_word' id='word_1_291' title='bbox 721 2613 774 2670; x_wconf 83' lang='grc' dir='ltr'>τῶν</span> <span class='ocrx_word' id='word_1_292' title='bbox 790 2616 834 2683; x_wconf 76' lang='grc' dir='ltr'>θη·</span> <span class='ocrx_word' id='word_1_293' title='bbox 889 2607 1003 2686; x_wconf 89' lang='lat' dir='ltr'>quisque</span> <span class='ocrx_word' id='word_1_294' title='bbox 1026 2608 1127 2670; x_wconf 88' lang='lat' dir='ltr'>relictis</span> <span class='ocrx_word' id='word_1_295' title='bbox 1153 2609 1260 2670; x_wconf 83' lang='lat' dir='ltr'>aedibus</span> <span class='ocrx_word' id='word_1_296' title='bbox 1284 2608 1342 2669; x_wconf 83' lang='lat' dir='ltr'>suis</span> <span class='ocrx_word' id='word_1_297' title='bbox 1364 2607 1493 2689; x_wconf 79' lang='lat' dir='ltr'>profugit.</span> <span class='ocrx_word' id='word_1_298' title='bbox 1522 2608 1610 2686; x_wconf 76' lang='lat' dir='ltr'>Atque</span> <span class='ocrx_word' id='word_1_299' title='bbox 1728 2668 1738 2681; x_wconf 65' lang='lat'>,</span> 
     </span>
     <span class='ocr_line' id='line_1_24' title="bbox 57 2699 1611 2785; baseline 0.001 -27"><span class='ocrx_word' id='word_1_300' title='bbox 57 2700 120 2780; x_wconf 89' lang='grc' dir='ltr'>ρίων</span> <span class='ocrx_word' id='word_1_301' title='bbox 130 2743 139 2774; x_wconf 94' lang='grc'>,</span> <span class='ocrx_word' id='word_1_302' title='bbox 149 2700 293 2780; x_wconf 82' lang='grc' dir='ltr'>παρδάλεις</span> <span class='ocrx_word' id='word_1_303' title='bbox 304 2700 350 2760; x_wconf 75' lang='grc' dir='ltr'>καί</span> <span class='ocrx_word' id='word_1_304' title='bbox 363 2699 466 2769; x_wconf 81' lang='grc' dir='ltr'>λέοντες</span> <span class='ocrx_word' id='word_1_305' title='bbox 471 2746 480 2776; x_wconf 96' lang='grc'>,</span> <span class='ocrx_word' id='word_1_306' title='bbox 500 2701 548 2774; x_wconf 71' lang='grc' dir='ltr'>τὴν</span> <span class='ocrx_word' id='word_1_307' title='bbox 563 2702 662 2785; x_wconf 82' lang='grc' dir='ltr'>ἔρημον</span> <span class='ocrx_word' id='word_1_308' title='bbox 678 2706 732 2763; x_wconf 84' lang='grc' dir='ltr'>τῶν</span> <span class='ocrx_word' id='word_1_309' title='bbox 748 2705 836 2762; x_wconf 80' lang='grc' dir='ltr'>οἰκου-</span> <span class='ocrx_word' id='word_1_310' title='bbox 891 2699 972 2760; x_wconf 82' lang='lat' dir='ltr'>urbes</span> <span class='ocrx_word' id='word_1_311' title='bbox 984 2700 1113 2779; x_wconf 87' lang='lat' dir='ltr'>quidem,</span> <span class='ocrx_word' id='word_1_312' title='bbox 1128 2701 1243 2783; x_wconf 84' lang='lat' dir='ltr'>parietes</span> <span class='ocrx_word' id='word_1_313' title='bbox 1251 2715 1277 2760; x_wconf 93' lang='lat' dir='ltr'>et</span> <span class='ocrx_word' id='word_1_314' title='bbox 1288 2712 1357 2761; x_wconf 67' lang='lat' dir='ltr'>tectu</span> <span class='ocrx_word' id='word_1_315' title='bbox 1368 2720 1439 2776; x_wconf 83' lang='lat' dir='ltr'>nuuc</span> <span class='ocrx_word' id='word_1_316' title='bbox 1448 2711 1511 2760; x_wconf 87' lang='lat' dir='ltr'>suut</span> <span class='ocrx_word' id='word_1_317' title='bbox 1524 2721 1531 2756; x_wconf 80' lang='lat' dir='ltr'><strong>r</strong></span> <span class='ocrx_word' id='word_1_318' title='bbox 1542 2719 1611 2779; x_wconf 73' lang='lat' dir='ltr'>prte-</span> 
     </span>
     <span class='ocr_line' id='line_1_25' title="bbox 56 2783 1610 2874; baseline 0.001 -25"><span class='ocrx_word' id='word_1_319' title='bbox 56 2792 144 2868; x_wconf 87' lang='grc' dir='ltr'>μίνων</span> <span class='ocrx_word' id='word_1_320' title='bbox 163 2789 266 2851; x_wconf 81' lang='grc' dir='ltr'>πύλεων</span> <span class='ocrx_word' id='word_1_321' title='bbox 289 2791 488 2873; x_wconf 68' lang='grc' dir='ltr'>ἀσφαλεστέραν</span> <span class='ocrx_word' id='word_1_322' title='bbox 513 2797 601 2862; x_wconf 75' lang='grc' dir='ltr'>αὐτοῖς</span> <span class='ocrx_word' id='word_1_323' title='bbox 625 2783 694 2854; x_wconf 81' lang='grc' dir='ltr'>εἶναι</span> <span class='ocrx_word' id='word_1_324' title='bbox 718 2792 835 2873; x_wconf 80' lang='grc' dir='ltr'>νομίζει·</span> <span class='ocrx_word' id='word_1_325' title='bbox 890 2803 978 2871; x_wconf 80' lang='lat' dir='ltr'>ruptae</span> <span class='ocrx_word' id='word_1_326' title='bbox 990 2804 1082 2852; x_wconf 81' lang='lat' dir='ltr'>autem</span> <span class='ocrx_word' id='word_1_327' title='bbox 1094 2793 1238 2874; x_wconf 76' lang='lat' dir='ltr'>voragines</span> <span class='ocrx_word' id='word_1_328' title='bbox 1248 2806 1274 2851; x_wconf 90' lang='lat' dir='ltr'>ct</span> <span class='ocrx_word' id='word_1_329' title='bbox 1285 2791 1386 2874; x_wconf 80' lang='lat' dir='ltr'>sylvae,</span> <span class='ocrx_word' id='word_1_330' title='bbox 1403 2789 1492 2851; x_wconf 86' lang='lat' dir='ltr'>urbes.</span> <span class='ocrx_word' id='word_1_331' title='bbox 1508 2789 1610 2864; x_wconf 87' lang='lat' dir='ltr'>Quem·</span> 
     </span>
     <span class='ocr_line' id='line_1_26' title="bbox 65 2880 1610 2968; baseline 0.002 -29"><span class='ocrx_word' id='word_1_332' title='bbox 65 2880 134 2940; x_wconf 82' lang='grc' dir='ltr'>σθτω</span> <span class='ocrx_word' id='word_1_333' title='bbox 146 2880 178 2954; x_wconf 83' lang='grc' dir='ltr'>δὴ</span> <span class='ocrx_word' id='word_1_334' title='bbox 189 2882 235 2941; x_wconf 81' lang='grc' dir='ltr'>καθ</span> <span class='ocrx_word' id='word_1_335' title='bbox 247 2885 273 2943; x_wconf 86' lang='lat' dir='ltr'>ot</span> <span class='ocrx_word' id='word_1_336' title='bbox 282 2880 331 2954; x_wconf 77' lang='grc' dir='ltr'>τλν</span> <span class='ocrx_word' id='word_1_337' title='bbox 345 2882 483 2964; x_wconf 79' lang='grc' dir='ltr'>Ἀρμενίαν</span> <span class='ocrx_word' id='word_1_338' title='bbox 495 2887 626 2956; x_wconf 76' lang='grc' dir='ltr'>οἰκοῦντες</span> <span class='ocrx_word' id='word_1_339' title='bbox 637 2885 837 2968; x_wconf 60' lang='grc' dir='ltr'>ἄνθρωποςκαὶ</span> <span class='ocrx_word' id='word_1_340' title='bbox 854 2904 874 2955; x_wconf 85' lang='lat' dir='ltr'>c</span> <span class='ocrx_word' id='word_1_341' title='bbox 891 2881 1039 2942; x_wconf 82' lang='lat' dir='ltr'><strong>admodum</strong></span> <span class='ocrx_word' id='word_1_342' title='bbox 1065 2883 1138 2944; x_wconf 87' lang='lat' dir='ltr'>enim</span> <span class='ocrx_word' id='word_1_343' title='bbox 1159 2884 1316 2944; x_wconf 75' lang='lat' dir='ltr'>truculente</span> <span class='ocrx_word' id='word_1_344' title='bbox 1339 2883 1401 2942; x_wconf 76' lang='lat' dir='ltr'>rere</span> <span class='ocrx_word' id='word_1_345' title='bbox 1413 2926 1422 2957; x_wconf 89' lang='lat'>‚</span> <span class='ocrx_word' id='word_1_346' title='bbox 1436 2894 1467 2941; x_wconf 92' lang='lat' dir='ltr'>ut</span> <span class='ocrx_word' id='word_1_347' title='bbox 1482 2880 1562 2962; x_wconf 75' lang='lat' dir='ltr'>perdi</span> <span class='ocrx_word' id='word_1_348' title='bbox 1578 2902 1610 2942; x_wconf 79' lang='lat' dir='ltr'>ac</span> 
     </span>
     <span class='ocr_line' id='line_1_27' title="bbox 65 2971 1611 3055; baseline 0.001 -25"><span class='ocrx_word' id='word_1_349' title='bbox 65 2976 124 3030; x_wconf 87' lang='grc' dir='ltr'>καθ’</span> <span class='ocrx_word' id='word_1_350' title='bbox 137 2972 251 3044; x_wconf 76' lang='grc' dir='ltr'>ἑκάστην</span> <span class='ocrx_word' id='word_1_351' title='bbox 266 2972 367 3053; x_wconf 71' lang='grc' dir='ltr'>ἡμέραν</span> <span class='ocrx_word' id='word_1_352' title='bbox 381 2974 477 3043; x_wconf 82' lang='grc' dir='ltr'>πίπους</span> <span class='ocrx_word' id='word_1_353' title='bbox 491 2976 623 3036; x_wconf 75' lang='grc' dir='ltr'>ἐκτόπων</span> <span class='ocrx_word' id='word_1_354' title='bbox 637 2976 838 3055; x_wconf 81' lang='grc' dir='ltr'>ἀναγκαζόμεθα</span> <span class='ocrx_word' id='word_1_355' title='bbox 891 2971 995 3049; x_wconf 85' lang='lat' dir='ltr'>leones,</span> <span class='ocrx_word' id='word_1_356' title='bbox 1008 2974 1141 3037; x_wconf 87' lang='lat' dir='ltr'>tutiorem</span> <span class='ocrx_word' id='word_1_357' title='bbox 1159 2975 1275 3035; x_wconf 88' lang='lat' dir='ltr'>urbibus</span> <span class='ocrx_word' id='word_1_358' title='bbox 1288 2973 1463 3037; x_wconf 82' lang='lat' dir='ltr'>solitudinem</span> <span class='ocrx_word' id='word_1_359' title='bbox 1482 2972 1536 3033; x_wconf 84' lang='lat' dir='ltr'>sibi</span> <span class='ocrx_word' id='word_1_360' title='bbox 1554 2994 1611 3033; x_wconf 79' lang='lat' dir='ltr'>esse</span> 
     </span>
     <span class='ocr_line' id='line_1_28' title="bbox 68 3063 1611 3147; baseline 0 -24"><span class='ocrx_word' id='word_1_361' title='bbox 68 3066 238 3145; x_wconf 69' lang='grc' dir='ltr'>μεταπηδᾷν,</span> <span class='ocrx_word' id='word_1_362' title='bbox 264 3063 425 3143; x_wconf 76' lang='grc' dir='ltr'>Ἁμαξοδίων</span> <span class='ocrx_word' id='word_1_363' title='bbox 449 3067 495 3126; x_wconf 82' lang='grc' dir='ltr'>καθ</span> <span class='ocrx_word' id='word_1_364' title='bbox 520 3067 653 3146; x_wconf 84' lang='grc' dir='ltr'>Νομάδων</span> <span class='ocrx_word' id='word_1_365' title='bbox 675 3069 754 3128; x_wconf 80' lang='grc' dir='ltr'>τινῶν</span> <span class='ocrx_word' id='word_1_366' title='bbox 782 3067 837 3147; x_wconf 88' lang='grc' dir='ltr'>βίον</span> <span class='ocrx_word' id='word_1_367' title='bbox 889 3063 1047 3125; x_wconf 82' lang='lat' dir='ltr'>existimant</span> <span class='ocrx_word' id='word_1_368' title='bbox 1062 3089 1069 3123; x_wconf 79' lang='lat' dir='ltr'>r</span> <span class='ocrx_word' id='word_1_369' title='bbox 1084 3065 1122 3126; x_wconf 90' lang='lat' dir='ltr'>sic</span> <span class='ocrx_word' id='word_1_370' title='bbox 1137 3067 1219 3127; x_wconf 85' lang='lat' dir='ltr'>etiam</span> <span class='ocrx_word' id='word_1_371' title='bbox 1232 3065 1353 3125; x_wconf 87' lang='lat' dir='ltr'>homiues</span> <span class='ocrx_word' id='word_1_372' title='bbox 1365 3108 1375 3142; x_wconf 91' lang='lat'>,</span> <span class='ocrx_word' id='word_1_373' title='bbox 1392 3063 1611 3142; x_wconf 76' lang='lat' dir='ltr'>quibrmeuiam</span> 
     </span>
     <span class='ocr_line' id='line_1_29' title="bbox 66 3153 1612 3241; baseline 0 -27"><span class='ocrx_word' id='word_1_374' title='bbox 66 3159 162 3224; x_wconf 83' lang='grc' dir='ltr'>ζῶντες</span> <span class='ocrx_word' id='word_1_375' title='bbox 178 3156 224 3216; x_wconf 78' lang='grc' dir='ltr'>καθ</span> <span class='ocrx_word' id='word_1_376' title='bbox 236 3157 350 3234; x_wconf 79' lang='grc' dir='ltr'>οὐδαμοῦ</span> <span class='ocrx_word' id='word_1_377' title='bbox 366 3159 460 3232; x_wconf 67' lang='grc' dir='ltr'>στῆναι</span> <span class='ocrx_word' id='word_1_378' title='bbox 475 3163 647 3241; x_wconf 74' lang='grc' dir='ltr'>θαρροῦντας·</span> <span class='ocrx_word' id='word_1_379' title='bbox 661 3159 731 3219; x_wconf 83' lang='grc' dir='ltr'>οθτω</span> <span class='ocrx_word' id='word_1_380' title='bbox 751 3159 839 3220; x_wconf 88' lang='grc' dir='ltr'>πάντα</span> <span class='ocrx_word' id='word_1_381' title='bbox 892 3155 1048 3233; x_wconf 87' lang='lat' dir='ltr'>incolimus,</span> <span class='ocrx_word' id='word_1_382' title='bbox 1060 3153 1612 3237; x_wconf 80' lang='lat' dir='ltr'>quotidieexabisatquealiislocisiualio</span> 
     </span>
     <span class='ocr_line' id='line_1_30' title="bbox 65 3245 1610 3334; baseline 0.001 -29"><span class='ocrx_word' id='word_1_383' title='bbox 65 3245 99 3305; x_wconf 90' lang='grc' dir='ltr'>τδι</span> <span class='ocrx_word' id='word_1_384' title='bbox 110 3250 220 3306; x_wconf 78' lang='grc' dir='ltr'>ἐνταῦθα</span> <span class='ocrx_word' id='word_1_385' title='bbox 230 3245 346 3327; x_wconf 79' lang='grc' dir='ltr'>θυρίδων</span> <span class='ocrx_word' id='word_1_386' title='bbox 361 3248 438 3329; x_wconf 77' lang='grc' dir='ltr'>γέμει</span> <span class='ocrx_word' id='word_1_387' title='bbox 451 3251 497 3311; x_wconf 83' lang='grc' dir='ltr'>καλ</span> <span class='ocrx_word' id='word_1_388' title='bbox 510 3255 640 3334; x_wconf 75' lang='grc' dir='ltr'>ταραχῆς.</span> <span class='ocrx_word' id='word_1_389' title='bbox 653 3251 707 3311; x_wconf 84' lang='grc' dir='ltr'>Καὶ</span> <span class='ocrx_word' id='word_1_390' title='bbox 717 3250 777 3319; x_wconf 80' lang='grc' dir='ltr'>τοὺς</span> <span class='ocrx_word' id='word_1_391' title='bbox 790 3249 838 3330; x_wconf 68' lang='grc' dir='ltr'>μέν</span> <span class='ocrx_word' id='word_1_392' title='bbox 892 3249 1030 3328; x_wconf 78' lang='lat' dir='ltr'>atquealia</span> <span class='ocrx_word' id='word_1_393' title='bbox 1039 3250 1098 3311; x_wconf 78' lang='lat' dir='ltr'>loeo</span> <span class='ocrx_word' id='word_1_394' title='bbox 1104 3250 1222 3331; x_wconf 77' lang='lat' dir='ltr'>migrare</span> <span class='ocrx_word' id='word_1_395' title='bbox 1228 3251 1367 3330; x_wconf 81' lang='lat' dir='ltr'>cogimur,</span> <span class='ocrx_word' id='word_1_396' title='bbox 1377 3247 1463 3311; x_wconf 82' lang='lat' dir='ltr'>vitam</span> <span class='ocrx_word' id='word_1_397' title='bbox 1471 3247 1610 3307; x_wconf 81' lang='lat' dir='ltr'>Hamaxo-</span> 
     </span>
     <span class='ocr_line' id='line_1_31' title="bbox 64 3337 1611 3423; baseline -0.001 -25"><span class='ocrx_word' id='word_1_398' title='bbox 64 3341 98 3415; x_wconf 88' lang='grc' dir='ltr'>τῇ</span> <span class='ocrx_word' id='word_1_399' title='bbox 112 3338 243 3420; x_wconf 74' lang='grc' dir='ltr'>παρουσία</span> <span class='ocrx_word' id='word_1_400' title='bbox 259 3338 417 3420; x_wconf 78' lang='grc' dir='ltr'>σφάττουσι,</span> <span class='ocrx_word' id='word_1_401' title='bbox 436 3341 555 3417; x_wconf 73' lang='grc' dir='ltr'>καίωσι,</span> <span class='ocrx_word' id='word_1_402' title='bbox 574 3342 682 3410; x_wconf 80' lang='grc' dir='ltr'>δούλους</span> <span class='ocrx_word' id='word_1_403' title='bbox 701 3344 757 3402; x_wconf 82' lang='grc' dir='ltr'>ἀντ’</span> <span class='ocrx_word' id='word_1_404' title='bbox 770 3343 840 3402; x_wconf 85' lang='grc' dir='ltr'>ἐλευ-</span> <span class='ocrx_word' id='word_1_405' title='bbox 891 3340 1326 3423; x_wconf 73' lang='lat' dir='ltr'>bionumetNomntlumagentes,</span> <span class='ocrx_word' id='word_1_406' title='bbox 1337 3359 1507 3418; x_wconf 77' lang='lat' dir='ltr'>necusqunm</span> <span class='ocrx_word' id='word_1_407' title='bbox 1514 3337 1611 3398; x_wconf 88' lang='lat' dir='ltr'>fidenti</span> 
     </span>
     <span class='ocr_line' id='line_1_32' title="bbox 63 3429 1677 3516; baseline -0.001 -29"><span class='ocrx_word' id='word_1_408' title='bbox 63 3430 145 3509; x_wconf 84' lang='grc' dir='ltr'>θέρων</span> <span class='ocrx_word' id='word_1_409' title='bbox 159 3436 280 3491; x_wconf 85' lang='grc' dir='ltr'>ποιοῦσι·</span> <span class='ocrx_word' id='word_1_410' title='bbox 292 3431 352 3499; x_wconf 69' lang='lat' dir='ltr'>robe</span> <span class='ocrx_word' id='word_1_411' title='bbox 366 3432 392 3492; x_wconf 77' lang='grc' dir='ltr'>δέ</span> <span class='ocrx_word' id='word_1_412' title='bbox 407 3432 528 3514; x_wconf 74' lang='grc' dir='ltr'>τῇρήμη</span> <span class='ocrx_word' id='word_1_413' title='bbox 541 3433 674 3516; x_wconf 78' lang='grc' dir='ltr'>δραπέτας</span> <span class='ocrx_word' id='word_1_414' title='bbox 684 3433 838 3514; x_wconf 75' lang='grc' dir='ltr'>ἐργάζονται</span> <span class='ocrx_word' id='word_1_415' title='bbox 892 3429 1611 3513; x_wconf 79' lang='lat' dir='ltr'>animooonsistentes:usqueadeobicomuiatumultu</span> <span class='ocrx_word' id='word_1_416' title='bbox 1674 3460 1677 3465; x_wconf 50' lang='lat'><strong>⁴</strong></span> 
     </span>
     <span class='ocr_line' id='line_1_33' title="bbox 64 3519 1610 3607; baseline -0.001 -28"><span class='ocrx_word' id='word_1_417' title='bbox 64 3521 111 3579; x_wconf 83' lang='grc' dir='ltr'>καλ</span> <span class='ocrx_word' id='word_1_418' title='bbox 130 3521 273 3597; x_wconf 87' lang='grc' dir='ltr'>ἀπόλιδας,</span> <span class='ocrx_word' id='word_1_419' title='bbox 288 3522 432 3599; x_wconf 75' lang='grc' dir='ltr'>μᾶλλονδδ</span> <span class='ocrx_word' id='word_1_420' title='bbox 452 3524 497 3584; x_wconf 78' lang='grc' dir='ltr'>καί</span> <span class='ocrx_word' id='word_1_421' title='bbox 512 3527 672 3606; x_wconf 72' lang='grc' dir='ltr'>ἀναιροῦσιν.</span> <span class='ocrx_word' id='word_1_422' title='bbox 684 3526 767 3587; x_wconf 87' lang='grc' dir='ltr'>Ὅσοι</span> <span class='ocrx_word' id='word_1_423' title='bbox 787 3525 839 3606; x_wconf 86' lang='grc' dir='ltr'>γδρ</span> <span class='ocrx_word' id='word_1_424' title='bbox 892 3520 1296 3607; x_wconf 86' lang='lat' dir='ltr'>etperturbationeplenasunt.</span> <span class='ocrx_word' id='word_1_425' title='bbox 1311 3522 1419 3582; x_wconf 82' lang='lat' dir='ltr'>Etenim</span> <span class='ocrx_word' id='word_1_426' title='bbox 1429 3520 1550 3580; x_wconf 80' lang='lat' dir='ltr'>illinlios</span> <span class='ocrx_word' id='word_1_427' title='bbox 1562 3519 1610 3579; x_wconf 81' lang='lat' dir='ltr'>ad-</span> 
     </span>
     <span class='ocr_line' id='line_1_34' title="bbox 64 3611 1639 3699; baseline 0 -29"><span class='ocrx_word' id='word_1_428' title='bbox 64 3612 117 3671; x_wconf 86' lang='grc' dir='ltr'>νέοι</span> <span class='ocrx_word' id='word_1_429' title='bbox 132 3616 229 3689; x_wconf 77' lang='grc' dir='ltr'>κομιδῆ</span> <span class='ocrx_word' id='word_1_430' title='bbox 239 3616 266 3672; x_wconf 79' lang='grc' dir='ltr'>ἐν</span> <span class='ocrx_word' id='word_1_431' title='bbox 279 3613 347 3694; x_wconf 77' lang='grc' dir='ltr'>μίση</span> <span class='ocrx_word' id='word_1_432' title='bbox 360 3615 435 3674; x_wconf 75' lang='grc' dir='ltr'>νυκτὶ</span> <span class='ocrx_word' id='word_1_433' title='bbox 448 3615 575 3684; x_wconf 87' lang='grc' dir='ltr'>πολλάκις</span> <span class='ocrx_word' id='word_1_434' title='bbox 586 3618 632 3677; x_wconf 79' lang='grc' dir='ltr'>καὶ</span> <span class='ocrx_word' id='word_1_435' title='bbox 647 3622 741 3699; x_wconf 80' lang='grc' dir='ltr'>κρυμῷ</span> <span class='ocrx_word' id='word_1_436' title='bbox 751 3619 839 3678; x_wconf 87' lang='grc' dir='ltr'>πάντα</span> <span class='ocrx_word' id='word_1_437' title='bbox 892 3630 974 3677; x_wconf 85' lang='lat' dir='ltr'>ventu</span> <span class='ocrx_word' id='word_1_438' title='bbox 986 3636 1035 3675; x_wconf 89' lang='lat' dir='ltr'>suo</span> <span class='ocrx_word' id='word_1_439' title='bbox 1045 3616 1173 3698; x_wconf 78' lang='lat' dir='ltr'>jugulant</span> <span class='ocrx_word' id='word_1_440' title='bbox 1180 3661 1189 3693; x_wconf 95' lang='lat'>,</span> <span class='ocrx_word' id='word_1_441' title='bbox 1216 3628 1349 3692; x_wconf 84' lang='lat' dir='ltr'>exurunt,</span> <span class='ocrx_word' id='word_1_442' title='bbox 1371 3627 1451 3692; x_wconf 85' lang='lat' dir='ltr'>atque</span> <span class='ocrx_word' id='word_1_443' title='bbox 1463 3632 1498 3672; x_wconf 85' lang='lat' dir='ltr'>ex</span> <span class='ocrx_word' id='word_1_444' title='bbox 1517 3611 1610 3671; x_wconf 81' lang='lat' dir='ltr'>liberis</span> <span class='ocrx_word' id='word_1_445' title='bbox 1637 3616 1639 3620; x_wconf 71' lang='grc'><strong>’</strong></span> 
     </span>
     <span class='ocr_line' id='line_1_35' title="bbox 63 3702 1610 3789; baseline 0 -27"><span class='ocrx_word' id='word_1_446' title='bbox 63 3703 191 3781; x_wconf 86' lang='grc' dir='ltr'>πηγνύντι</span> <span class='ocrx_word' id='word_1_447' title='bbox 214 3703 456 3786; x_wconf 78' lang='grc' dir='ltr'>ἀθρύοντῆςαίκίας</span> <span class='ocrx_word' id='word_1_448' title='bbox 465 3709 838 3789; x_wconf 63' lang='grc' dir='ltr'>ἐκπηδῆσαιήναγκάσθτραν,</span> <span class='ocrx_word' id='word_1_449' title='bbox 892 3727 983 3767; x_wconf 78' lang='lat' dir='ltr'>servos</span> <span class='ocrx_word' id='word_1_450' title='bbox 997 3709 1121 3767; x_wconf 80' lang='lat' dir='ltr'>efficiunt</span> <span class='ocrx_word' id='word_1_451' title='bbox 1135 3733 1141 3766; x_wconf 90' lang='lat'><strong>:</strong></span> <span class='ocrx_word' id='word_1_452' title='bbox 1157 3708 1225 3767; x_wconf 88' lang='lat' dir='ltr'>alios</span> <span class='ocrx_word' id='word_1_453' title='bbox 1240 3720 1330 3765; x_wconf 82' lang='lat' dir='ltr'>autem</span> <span class='ocrx_word' id='word_1_454' title='bbox 1349 3725 1441 3786; x_wconf 76' lang='lat' dir='ltr'>sparso</span> <span class='ocrx_word' id='word_1_455' title='bbox 1461 3723 1568 3763; x_wconf 87' lang='lat' dir='ltr'>rumore</span> <span class='ocrx_word' id='word_1_456' title='bbox 1580 3702 1610 3761; x_wconf 88' lang='lat' dir='ltr'>in</span> 
     </span>
     <span class='ocr_line' id='line_1_36' title="bbox 64 3795 1610 3881; baseline 0.001 -29"><span class='ocrx_word' id='word_1_457' title='bbox 64 3795 154 3875; x_wconf 82' lang='grc' dir='ltr'>ὥσπερ</span> <span class='ocrx_word' id='word_1_458' title='bbox 178 3795 246 3862; x_wconf 85' lang='grc' dir='ltr'>τινδς</span> <span class='ocrx_word' id='word_1_459' title='bbox 271 3801 372 3857; x_wconf 82' lang='grc' dir='ltr'>καπνοῦ</span> <span class='ocrx_word' id='word_1_460' title='bbox 394 3803 441 3858; x_wconf 75' lang='grc' dir='ltr'>τοῦ</span> <span class='ocrx_word' id='word_1_461' title='bbox 461 3796 542 3880; x_wconf 80' lang='grc' dir='ltr'>ρόδου</span> <span class='ocrx_word' id='word_1_462' title='bbox 563 3804 611 3873; x_wconf 76' lang='grc' dir='ltr'>τῆς</span> <span class='ocrx_word' id='word_1_463' title='bbox 632 3800 723 3881; x_wconf 83' lang='grc' dir='ltr'>ρήμης</span> <span class='ocrx_word' id='word_1_464' title='bbox 745 3800 838 3869; x_wconf 81' lang='grc' dir='ltr'>αὐτοὺς</span> <span class='ocrx_word' id='word_1_465' title='bbox 854 3821 873 3868; x_wconf 80' lang='grc' dir='ltr'>ι)</span> <span class='ocrx_word' id='word_1_466' title='bbox 891 3799 983 3879; x_wconf 79' lang='lat' dir='ltr'><strong>fugam</strong></span> <span class='ocrx_word' id='word_1_467' title='bbox 1003 3814 1113 3861; x_wconf 85' lang='lat' dir='ltr'>vermnt</span> <span class='ocrx_word' id='word_1_468' title='bbox 1120 3846 1131 3878; x_wconf 90' lang='lat'>,</span> <span class='ocrx_word' id='word_1_469' title='bbox 1148 3813 1228 3877; x_wconf 86' lang='lat' dir='ltr'>atque</span> <span class='ocrx_word' id='word_1_470' title='bbox 1242 3798 1357 3857; x_wconf 88' lang='lat' dir='ltr'>urbibus</span> <span class='ocrx_word' id='word_1_471' title='bbox 1370 3795 1568 3878; x_wconf 84' lang='lat' dir='ltr'>pellunt‚imo‚</span> <span class='ocrx_word' id='word_1_472' title='bbox 1579 3807 1610 3854; x_wconf 89' lang='lat' dir='ltr'>ut</span> 
     </span>
     <span class='ocr_line' id='line_1_37' title="bbox 64 3884 1609 3976; baseline 0.001 -32"><span class='ocrx_word' id='word_1_473' title='bbox 64 3887 214 3954; x_wconf 78' lang='grc' dir='ltr'>ἐλαύνοντος</span> <span class='ocrx_word' id='word_1_474' title='bbox 221 3932 230 3961; x_wconf 92' lang='grc'>,</span> <span class='ocrx_word' id='word_1_475' title='bbox 249 3890 297 3948; x_wconf 79' lang='grc' dir='ltr'>οὐκ</span> <span class='ocrx_word' id='word_1_476' title='bbox 314 3890 458 3964; x_wconf 78' lang='grc' dir='ltr'>ἐδεήθησαν</span> <span class='ocrx_word' id='word_1_477' title='bbox 482 3891 617 3973; x_wconf 84' lang='grc' dir='ltr'>μαχαίρας</span> <span class='ocrx_word' id='word_1_478' title='bbox 630 3892 782 3976; x_wconf 82' lang='grc' dir='ltr'>Ἰσαυρικῆς</span> <span class='ocrx_word' id='word_1_479' title='bbox 801 3897 837 3960; x_wconf 78' lang='grc' dir='ltr'>εἰς</span> <span class='ocrx_word' id='word_1_480' title='bbox 891 3897 990 3959; x_wconf 82' lang='lat' dir='ltr'>rectius</span> <span class='ocrx_word' id='word_1_481' title='bbox 999 3889 1258 3974; x_wconf 76' lang='lat' dir='ltr'>loquar,occidunt.</span> <span class='ocrx_word' id='word_1_482' title='bbox 1283 3889 1426 3967; x_wconf 90' lang='lat' dir='ltr'>Quotquot</span> <span class='ocrx_word' id='word_1_483' title='bbox 1436 3888 1509 3948; x_wconf 87' lang='lat' dir='ltr'>enim</span> <span class='ocrx_word' id='word_1_484' title='bbox 1517 3884 1609 3946; x_wconf 78' lang='lat' dir='ltr'>adole·</span> 
     </span>
     <span class='ocr_line' id='line_1_38' title="bbox 63 3977 1609 4066; baseline 0.001 -30"><span class='ocrx_word' id='word_1_485' title='bbox 63 3979 95 4037; x_wconf 84' lang='grc' dir='ltr'>τὸ</span> <span class='ocrx_word' id='word_1_486' title='bbox 115 3981 263 4041; x_wconf 76' lang='grc' dir='ltr'>καταλῦσαι</span> <span class='ocrx_word' id='word_1_487' title='bbox 280 3980 326 4040; x_wconf 88' lang='grc' dir='ltr'>τδν</span> <span class='ocrx_word' id='word_1_488' title='bbox 347 3982 421 4060; x_wconf 86' lang='grc' dir='ltr'>βίον,</span> <span class='ocrx_word' id='word_1_489' title='bbox 432 3985 491 4043; x_wconf 80' lang='grc' dir='ltr'>ἀλλ’</span> <span class='ocrx_word' id='word_1_490' title='bbox 513 3986 540 4043; x_wconf 83' lang='grc' dir='ltr'>έν</span> <span class='ocrx_word' id='word_1_491' title='bbox 558 3990 591 4064; x_wconf 80' lang='grc' dir='ltr'>τῇ</span> <span class='ocrx_word' id='word_1_492' title='bbox 607 3986 677 4066; x_wconf 88' lang='grc' dir='ltr'>χιόνι</span> <span class='ocrx_word' id='word_1_493' title='bbox 697 3985 836 4066; x_wconf 79' lang='grc' dir='ltr'>παγέντες,</span> <span class='ocrx_word' id='word_1_494' title='bbox 891 4002 993 4050; x_wconf 80' lang='lat' dir='ltr'>scentes</span> <span class='ocrx_word' id='word_1_495' title='bbox 1015 3983 1112 4045; x_wconf 86' lang='lat' dir='ltr'>mediis</span> <span class='ocrx_word' id='word_1_496' title='bbox 1136 3984 1216 4042; x_wconf 88' lang='lat' dir='ltr'>etiam</span> <span class='ocrx_word' id='word_1_497' title='bbox 1234 3980 1395 4062; x_wconf 87' lang='lat' dir='ltr'>plerumque</span> <span class='ocrx_word' id='word_1_498' title='bbox 1414 3977 1556 4054; x_wconf 88' lang='lat' dir='ltr'>noctibus,</span> <span class='ocrx_word' id='word_1_499' title='bbox 1577 3998 1609 4037; x_wconf 85' lang='lat' dir='ltr'>ac</span> 
     </span>
     <span class='ocr_line' id='line_1_39' title="bbox 65 4068 1609 4160; baseline -0.008 -21"><span class='ocrx_word' id='word_1_500' title='bbox 65 4068 343 4146; x_wconf 56' lang='lat' dir='ltr'>ciscestrensem,</span> <span class='ocrx_word' id='word_1_501' title='bbox 357 4075 403 4134; x_wconf 80' lang='grc' dir='ltr'>καλ</span> <span class='ocrx_word' id='word_1_502' title='bbox 416 4073 520 4154; x_wconf 84' lang='grc' dir='ltr'>γέγονεν</span> <span class='ocrx_word' id='word_1_503' title='bbox 537 4080 625 4143; x_wconf 86' lang='grc' dir='ltr'>αὐτοῖς</span> <span class='ocrx_word' id='word_1_504' title='bbox 637 4082 685 4150; x_wconf 74' lang='grc' dir='ltr'>τῆς</span> <span class='ocrx_word' id='word_1_505' title='bbox 698 4083 743 4136; x_wconf 81' lang='grc' dir='ltr'>τοῦ</span> <span class='ocrx_word' id='word_1_506' title='bbox 754 4078 837 4136; x_wconf 89' lang='grc' dir='ltr'>θανά·</span> <span class='ocrx_word' id='word_1_507' title='bbox 891 4080 991 4160; x_wconf 79' lang='lat' dir='ltr'>frigore</span> <span class='ocrx_word' id='word_1_508' title='bbox 1001 4075 1092 4137; x_wconf 84' lang='lat' dir='ltr'>omnia</span> <span class='ocrx_word' id='word_1_509' title='bbox 1108 4073 1271 4149; x_wconf 85' lang='lat' dir='ltr'>obdurante,</span> <span class='ocrx_word' id='word_1_510' title='bbox 1292 4084 1400 4152; x_wconf 90' lang='lat' dir='ltr'>repente</span> <span class='ocrx_word' id='word_1_511' title='bbox 1419 4071 1500 4131; x_wconf 88' lang='lat' dir='ltr'>domo</span> <span class='ocrx_word' id='word_1_512' title='bbox 1517 4069 1609 4150; x_wconf 83' lang='lat' dir='ltr'><strong>profu-</strong></span> 
     </span>
     <span class='ocr_line' id='line_1_40' title="bbox 65 4159 1609 4250; baseline -0.001 -31"><span class='ocrx_word' id='word_1_513' title='bbox 65 4184 111 4220; x_wconf 90' lang='grc' dir='ltr'>του</span> <span class='ocrx_word' id='word_1_514' title='bbox 123 4166 204 4242; x_wconf 79' lang='grc' dir='ltr'>ρυγῆς</span> <span class='ocrx_word' id='word_1_515' title='bbox 220 4167 237 4234; x_wconf 82' lang='grc' dir='ltr'>ἡ</span> <span class='ocrx_word' id='word_1_516' title='bbox 257 4163 387 4245; x_wconf 78' lang='grc' dir='ltr'>πρόφασις</span> <span class='ocrx_word' id='word_1_517' title='bbox 402 4165 513 4230; x_wconf 81' lang='grc' dir='ltr'>θανάταυ</span> <span class='ocrx_word' id='word_1_518' title='bbox 532 4168 663 4250; x_wconf 85' lang='grc' dir='ltr'>πρόρασις</span> <span class='ocrx_word' id='word_1_519' title='bbox 675 4168 838 4249; x_wconf 85' lang='grc' dir='ltr'>χαλεπωτά-</span> <span class='ocrx_word' id='word_1_520' title='bbox 892 4189 956 4249; x_wconf 65' lang='grc' dir='ltr'>ροσε7</span> <span class='ocrx_word' id='word_1_521' title='bbox 971 4164 1056 4228; x_wconf 84' lang='lat' dir='ltr'>eoacti</span> <span class='ocrx_word' id='word_1_522' title='bbox 1070 4176 1147 4241; x_wconf 92' lang='lat' dir='ltr'>sunt,</span> <span class='ocrx_word' id='word_1_523' title='bbox 1167 4174 1239 4221; x_wconf 90' lang='lat' dir='ltr'>metu</span> <span class='ocrx_word' id='word_1_524' title='bbox 1250 4160 1367 4220; x_wconf 85' lang='lat' dir='ltr'>rumoris</span> <span class='ocrx_word' id='word_1_525' title='bbox 1387 4181 1432 4221; x_wconf 85' lang='lat' dir='ltr'>eos</span> <span class='ocrx_word' id='word_1_526' title='bbox 1442 4159 1511 4219; x_wconf 90' lang='lat' dir='ltr'>sumi</span> <span class='ocrx_word' id='word_1_527' title='bbox 1525 4160 1609 4219; x_wconf 76' lang='lat' dir='ltr'>instar</span> 
     </span>
     <span class='ocr_line' id='line_1_41' title="bbox 64 4250 1611 4342; baseline -0.003 -30"><span class='ocrx_word' id='word_1_528' title='bbox 64 4278 110 4313; x_wconf 89' lang='grc' dir='ltr'>του</span> <span class='ocrx_word' id='word_1_529' title='bbox 122 4277 128 4289; x_wconf 92' lang='grc'>·</span> <span class='ocrx_word' id='word_1_530' title='bbox 142 4257 169 4314; x_wconf 84' lang='grc' dir='ltr'>έν</span> <span class='ocrx_word' id='word_1_531' title='bbox 186 4254 287 4322; x_wconf 84' lang='grc' dir='ltr'>τούτοις</span> <span class='ocrx_word' id='word_1_532' title='bbox 300 4257 334 4317; x_wconf 89' lang='grc' dir='ltr'>τδι</span> <span class='ocrx_word' id='word_1_533' title='bbox 353 4258 479 4341; x_wconf 78' lang='grc' dir='ltr'>ἡμέτερα.</span> <span class='ocrx_word' id='word_1_534' title='bbox 500 4261 554 4320; x_wconf 82' lang='grc' dir='ltr'>Καὶ</span> <span class='ocrx_word' id='word_1_535' title='bbox 572 4267 655 4321; x_wconf 79' lang='grc' dir='ltr'>ταῦτα</span> <span class='ocrx_word' id='word_1_536' title='bbox 679 4261 838 4342; x_wconf 77' lang='grc' dir='ltr'>εἰρήκαμεν,</span> <span class='ocrx_word' id='word_1_537' title='bbox 892 4260 1032 4340; x_wconf 77' lang='lat' dir='ltr'>abigente,</span> <span class='ocrx_word' id='word_1_538' title='bbox 1043 4270 1124 4336; x_wconf 82' lang='lat' dir='ltr'>atque</span> <span class='ocrx_word' id='word_1_539' title='bbox 1133 4254 1169 4314; x_wconf 82' lang='lat' dir='ltr'>ad</span> <span class='ocrx_word' id='word_1_540' title='bbox 1179 4267 1292 4313; x_wconf 87' lang='lat' dir='ltr'>mortem</span> <span class='ocrx_word' id='word_1_541' title='bbox 1302 4250 1483 4333; x_wconf 74' lang='lat' dir='ltr'>oppetendam</span> <span class='ocrx_word' id='word_1_542' title='bbox 1492 4271 1526 4310; x_wconf 88' lang='lat' dir='ltr'>ne</span> <span class='ocrx_word' id='word_1_543' title='bbox 1534 4251 1611 4309; x_wconf 84' lang='lat' dir='ltr'>isau-</span> 
     </span>
     <span class='ocr_line' id='line_1_42' title="bbox 64 4340 1606 4433; baseline -0.004 -29"><span class='ocrx_word' id='word_1_544' title='bbox 64 4349 113 4426; x_wconf 86' lang='grc' dir='ltr'>οὐχ</span> <span class='ocrx_word' id='word_1_545' title='bbox 126 4346 169 4404; x_wconf 84' lang='grc' dir='ltr'>ίνα</span> <span class='ocrx_word' id='word_1_546' title='bbox 190 4372 219 4407; x_wconf 91' lang='grc' dir='ltr'>σε</span> <span class='ocrx_word' id='word_1_547' title='bbox 239 4349 399 4428; x_wconf 75' lang='grc' dir='ltr'>λυπήσωμεν</span> <span class='ocrx_word' id='word_1_548' title='bbox 420 4343 465 4425; x_wconf 75' lang='grc' dir='ltr'>(εὖ</span> <span class='ocrx_word' id='word_1_549' title='bbox 480 4352 532 4433; x_wconf 85' lang='grc' dir='ltr'>γδρ</span> <span class='ocrx_word' id='word_1_550' title='bbox 552 4344 612 4412; x_wconf 81' lang='grc' dir='ltr'>οἶδα</span> <span class='ocrx_word' id='word_1_551' title='bbox 632 4354 673 4412; x_wconf 80' lang='grc' dir='ltr'>δτι</span> <span class='ocrx_word' id='word_1_552' title='bbox 691 4354 839 4433; x_wconf 73' lang='grc' dir='ltr'>καθάρεταί</span> <span class='ocrx_word' id='word_1_553' title='bbox 893 4353 949 4412; x_wconf 89' lang='lat' dir='ltr'>rico</span> <span class='ocrx_word' id='word_1_554' title='bbox 958 4349 1070 4431; x_wconf 89' lang='lat' dir='ltr'>quidem</span> <span class='ocrx_word' id='word_1_555' title='bbox 1084 4346 1178 4428; x_wconf 77' lang='lat' dir='ltr'>gladio</span> <span class='ocrx_word' id='word_1_556' title='bbox 1192 4366 1259 4426; x_wconf 90' lang='lat' dir='ltr'>opus</span> <span class='ocrx_word' id='word_1_557' title='bbox 1279 4343 1451 4419; x_wconf 82' lang='lat' dir='ltr'>babuerunt,</span> <span class='ocrx_word' id='word_1_558' title='bbox 1470 4340 1606 4402; x_wconf 83' lang='lat' dir='ltr'>verumin</span> 
     </span>
     <span class='ocr_line' id='line_1_43' title="bbox 64 4430 1608 4523; baseline -0.005 -26"><span class='ocrx_word' id='word_1_559' title='bbox 64 4462 110 4497; x_wconf 94' lang='grc' dir='ltr'>σου</span> <span class='ocrx_word' id='word_1_560' title='bbox 128 4439 161 4498; x_wconf 89' lang='grc' dir='ltr'>τδι</span> <span class='ocrx_word' id='word_1_561' title='bbox 182 4439 335 4519; x_wconf 84' lang='grc' dir='ltr'>εἰρημένα),</span> <span class='ocrx_word' id='word_1_562' title='bbox 356 4445 415 4501; x_wconf 87' lang='grc' dir='ltr'>ἀλλ’</span> <span class='ocrx_word' id='word_1_563' title='bbox 430 4442 474 4502; x_wconf 77' lang='grc' dir='ltr'>ἵνα</span> <span class='ocrx_word' id='word_1_564' title='bbox 491 4443 541 4516; x_wconf 77' lang='grc' dir='ltr'>τλν</span> <span class='ocrx_word' id='word_1_565' title='bbox 562 4444 649 4503; x_wconf 82' lang='grc' dir='ltr'>αἰτίαν</span> <span class='ocrx_word' id='word_1_566' title='bbox 664 4444 781 4523; x_wconf 81' lang='grc' dir='ltr'>εἴπωμεν</span> <span class='ocrx_word' id='word_1_567' title='bbox 792 4450 839 4517; x_wconf 77' lang='grc' dir='ltr'>τῆς</span> <span class='ocrx_word' id='word_1_568' title='bbox 893 4443 956 4505; x_wconf 88' lang='lat' dir='ltr'>nive</span> <span class='ocrx_word' id='word_1_569' title='bbox 976 4442 1173 4522; x_wconf 76' lang='lat' dir='ltr'>obrigescentes</span> <span class='ocrx_word' id='word_1_570' title='bbox 1192 4448 1344 4495; x_wconf 88' lang='lat' dir='ltr'>extremum</span> <span class='ocrx_word' id='word_1_571' title='bbox 1366 4432 1493 4513; x_wconf 88' lang='lat' dir='ltr'>spiritum</span> <span class='ocrx_word' id='word_1_572' title='bbox 1514 4430 1608 4490; x_wconf 86' lang='lat' dir='ltr'>edide-</span> 
     </span>
     <span class='ocr_line' id='line_1_44' title="bbox 65 4524 1608 4618; baseline -0.004 -30"><span class='ocrx_word' id='word_1_573' title='bbox 65 4539 169 4609; x_wconf 85' lang='grc' dir='ltr'>μακρᾶς</span> <span class='ocrx_word' id='word_1_574' title='bbox 181 4531 278 4604; x_wconf 83' lang='grc' dir='ltr'>ταύτης</span> <span class='ocrx_word' id='word_1_575' title='bbox 292 4539 378 4612; x_wconf 73' lang='grc' dir='ltr'>σιγῆς,</span> <span class='ocrx_word' id='word_1_576' title='bbox 390 4534 435 4593; x_wconf 81' lang='grc' dir='ltr'>καθ</span> <span class='ocrx_word' id='word_1_577' title='bbox 449 4534 476 4593; x_wconf 87' lang='grc' dir='ltr'>τί</span> <span class='ocrx_word' id='word_1_578' title='bbox 490 4535 588 4607; x_wconf 75' lang='grc' dir='ltr'>δι”,πατε</span> <span class='ocrx_word' id='word_1_579' title='bbox 602 4537 650 4617; x_wconf 77' lang='grc' dir='ltr'>ὀψέ</span> <span class='ocrx_word' id='word_1_580' title='bbox 664 4537 710 4596; x_wconf 84' lang='grc' dir='ltr'>καλ</span> <span class='ocrx_word' id='word_1_581' title='bbox 722 4537 840 4618; x_wconf 88' lang='grc' dir='ltr'>βραδέως</span> <span class='ocrx_word' id='word_1_582' title='bbox 892 4548 975 4595; x_wconf 88' lang='lat' dir='ltr'>runt:</span> <span class='ocrx_word' id='word_1_583' title='bbox 990 4552 1104 4612; x_wconf 83' lang='lat' dir='ltr'>quaeque</span> <span class='ocrx_word' id='word_1_584' title='bbox 1120 4529 1187 4611; x_wconf 88' lang='lat' dir='ltr'>ipsis</span> <span class='ocrx_word' id='word_1_585' title='bbox 1197 4525 1331 4607; x_wconf 71' lang='lat' dir='ltr'>fugiende</span> <span class='ocrx_word' id='word_1_586' title='bbox 1343 4524 1438 4584; x_wconf 85' lang='lat' dir='ltr'>mortis</span> <span class='ocrx_word' id='word_1_587' title='bbox 1453 4544 1533 4584; x_wconf 80' lang='lat' dir='ltr'>causa</span> <span class='ocrx_word' id='word_1_588' title='bbox 1545 4525 1608 4582; x_wconf 82' lang='lat' dir='ltr'>fue-</span> 
     </span>
     <span class='ocr_line' id='line_1_45' title="bbox 64 4615 1605 4706; baseline -0.005 -26"><span class='ocrx_word' id='word_1_589' title='bbox 64 4621 273 4700; x_wconf 72' lang='grc' dir='ltr'>ἀπεστάλκαμεν.</span> <span class='ocrx_word' id='word_1_590' title='bbox 287 4624 368 4684; x_wconf 85' lang='grc' dir='ltr'>Ούτω</span> <span class='ocrx_word' id='word_1_591' title='bbox 385 4625 437 4706; x_wconf 77' lang='grc' dir='ltr'>γὰρ</span> <span class='ocrx_word' id='word_1_592' title='bbox 451 4625 547 4695; x_wconf 88' lang='grc' dir='ltr'>πάντες</span> <span class='ocrx_word' id='word_1_593' title='bbox 561 4633 633 4705; x_wconf 76' lang='grc' dir='ltr'>ἡμᾶς</span> <span class='ocrx_word' id='word_1_594' title='bbox 648 4628 796 4700; x_wconf 88' lang='grc' dir='ltr'>ἀπέλιπον,</span> <span class='ocrx_word' id='word_1_595' title='bbox 808 4633 844 4695; x_wconf 83' lang='grc' dir='ltr'>ίις</span> <span class='ocrx_word' id='word_1_596' title='bbox 892 4640 951 4702; x_wconf 82' lang='lat' dir='ltr'>rat,</span> <span class='ocrx_word' id='word_1_597' title='bbox 964 4624 1057 4684; x_wconf 83' lang='lat' dir='ltr'>eodem</span> <span class='ocrx_word' id='word_1_598' title='bbox 1071 4622 1127 4682; x_wconf 90' lang='lat' dir='ltr'>illis</span> <span class='ocrx_word' id='word_1_599' title='bbox 1137 4618 1317 4680; x_wconf 75' lang='lat' dir='ltr'>acerbissime</span> <span class='ocrx_word' id='word_1_600' title='bbox 1327 4615 1423 4675; x_wconf 87' lang='lat' dir='ltr'>mortis</span> <span class='ocrx_word' id='word_1_601' title='bbox 1439 4636 1520 4675; x_wconf 78' lang='lat' dir='ltr'>eausa</span> <span class='ocrx_word' id='word_1_602' title='bbox 1530 4615 1583 4674; x_wconf 85' lang='lat' dir='ltr'>suit</span> <span class='ocrx_word' id='word_1_603' title='bbox 1598 4639 1605 4671; x_wconf 74' lang='grc' dir='ltr'>ε</span> 
     </span>
     <span class='ocr_line' id='line_1_46' title="bbox 64 4704 1606 4798; baseline -0.003 -28"><span class='ocrx_word' id='word_1_604' title='bbox 64 4712 132 4789; x_wconf 79' lang='grc' dir='ltr'>μηδὲ</span> <span class='ocrx_word' id='word_1_605' title='bbox 145 4715 227 4791; x_wconf 82' lang='grc' dir='ltr'>εὑρεῖν</span> <span class='ocrx_word' id='word_1_606' title='bbox 241 4738 302 4773; x_wconf 88' lang='grc' dir='ltr'>τινα</span> <span class='ocrx_word' id='word_1_607' title='bbox 312 4715 356 4774; x_wconf 87' lang='grc' dir='ltr'>τδν</span> <span class='ocrx_word' id='word_1_608' title='bbox 369 4719 454 4776; x_wconf 81' lang='grc' dir='ltr'>ἐκεῖσε</span> <span class='ocrx_word' id='word_1_609' title='bbox 466 4717 665 4797; x_wconf 69' lang='grc' dir='ltr'>ἀφικνούμενον,</span> <span class='ocrx_word' id='word_1_610' title='bbox 679 4722 737 4779; x_wconf 81' lang='grc' dir='ltr'>ἀλλ’</span> <span class='ocrx_word' id='word_1_611' title='bbox 755 4722 846 4798; x_wconf 87' lang='grc' dir='ltr'>ἀναγ-</span> <span class='ocrx_word' id='word_1_612' title='bbox 891 4737 924 4775; x_wconf 89' lang='lat' dir='ltr'>en</span> <span class='ocrx_word' id='word_1_613' title='bbox 944 4737 998 4794; x_wconf 90' lang='lat' dir='ltr'>quo</span> <span class='ocrx_word' id='word_1_614' title='bbox 1014 4727 1085 4774; x_wconf 82' lang='lat' dir='ltr'>statu</span> <span class='ocrx_word' id='word_1_615' title='bbox 1101 4733 1143 4770; x_wconf 89' lang='lat' dir='ltr'>res</span> <span class='ocrx_word' id='word_1_616' title='bbox 1155 4723 1251 4769; x_wconf 73' lang='lat' dir='ltr'>nostre</span> <span class='ocrx_word' id='word_1_617' title='bbox 1269 4707 1331 4767; x_wconf 88' lang='lat' dir='ltr'>sint.</span> <span class='ocrx_word' id='word_1_618' title='bbox 1348 4708 1415 4780; x_wconf 79' lang='lat' dir='ltr'>Quae</span> <span class='ocrx_word' id='word_1_619' title='bbox 1427 4704 1540 4785; x_wconf 88' lang='lat' dir='ltr'>quidem</span> <span class='ocrx_word' id='word_1_620' title='bbox 1552 4726 1606 4766; x_wconf 88' lang='lat' dir='ltr'>non</span> 
     </span>
     <span class='ocr_line' id='line_1_47' title="bbox 63 4798 1606 4890; baseline -0.005 -27"><span class='ocrx_word' id='word_1_621' title='bbox 63 4807 195 4873; x_wconf 77' lang='grc' dir='ltr'>κασθῆναι</span> <span class='ocrx_word' id='word_1_622' title='bbox 212 4805 256 4865; x_wconf 80' lang='grc' dir='ltr'>τὸν</span> <span class='ocrx_word' id='word_1_623' title='bbox 277 4806 387 4867; x_wconf 83' lang='grc' dir='ltr'>συνόντα</span> <span class='ocrx_word' id='word_1_624' title='bbox 406 4814 472 4887; x_wconf 79' lang='grc' dir='ltr'>ἡμῖν</span> <span class='ocrx_word' id='word_1_625' title='bbox 495 4810 673 4890; x_wconf 79' lang='grc' dir='ltr'>πρεσὸύτερον</span> <span class='ocrx_word' id='word_1_626' title='bbox 692 4813 841 4881; x_wconf 74' lang='grc' dir='ltr'>ἀναστῆσαι</span> <span class='ocrx_word' id='word_1_627' title='bbox 891 4808 1029 4882; x_wconf 85' lang='lat' dir='ltr'>diximus,</span> <span class='ocrx_word' id='word_1_628' title='bbox 1044 4818 1073 4863; x_wconf 90' lang='lat' dir='ltr'>ut</span> <span class='ocrx_word' id='word_1_629' title='bbox 1087 4817 1113 4862; x_wconf 91' lang='lat' dir='ltr'>te</span> <span class='ocrx_word' id='word_1_630' title='bbox 1128 4802 1156 4861; x_wconf 91' lang='lat' dir='ltr'>iu</span> <span class='ocrx_word' id='word_1_631' title='bbox 1181 4820 1322 4878; x_wconf 89' lang='lat' dir='ltr'>moerorem</span> <span class='ocrx_word' id='word_1_632' title='bbox 1345 4798 1606 4879; x_wconf 82' lang='lat' dir='ltr'>conjiciamus(scio</span> 
     </span>
     <span class='ocr_line' id='line_1_48' title="bbox 62 4887 1608 4986; baseline -0.005 -31"><span class='ocrx_word' id='word_1_633' title='bbox 62 4899 189 4971; x_wconf 77' lang='grc' dir='ltr'>ἐντεῦθεν,</span> <span class='ocrx_word' id='word_1_634' title='bbox 202 4898 247 4957; x_wconf 81' lang='grc' dir='ltr'>καὶ</span> <span class='ocrx_word' id='word_1_635' title='bbox 267 4899 372 4980; x_wconf 78' lang='grc' dir='ltr'>πέμψαι</span> <span class='ocrx_word' id='word_1_636' title='bbox 393 4901 458 4982; x_wconf 81' lang='grc' dir='ltr'>πρὸς</span> <span class='ocrx_word' id='word_1_637' title='bbox 476 4901 525 4976; x_wconf 78' lang='grc' dir='ltr'>τὴν</span> <span class='ocrx_word' id='word_1_638' title='bbox 545 4903 674 4986; x_wconf 82' lang='grc' dir='ltr'>ὑμετέραν</span> <span class='ocrx_word' id='word_1_639' title='bbox 693 4904 869 4982; x_wconf 78' lang='grc' dir='ltr'>θαυμαστά-Ε</span> <span class='ocrx_word' id='word_1_640' title='bbox 892 4898 992 4979; x_wconf 82' lang='lat' dir='ltr'>quippe</span> <span class='ocrx_word' id='word_1_641' title='bbox 1005 4898 1064 4957; x_wconf 74' lang='lat' dir='ltr'>hee</span> <span class='ocrx_word' id='word_1_642' title='bbox 1074 4893 1124 4955; x_wconf 90' lang='lat' dir='ltr'>tibi</span> <span class='ocrx_word' id='word_1_643' title='bbox 1140 4892 1226 4953; x_wconf 90' lang='lat' dir='ltr'>dolori</span> <span class='ocrx_word' id='word_1_644' title='bbox 1237 4892 1323 4968; x_wconf 84' lang='lat' dir='ltr'>sore),</span> <span class='ocrx_word' id='word_1_645' title='bbox 1336 4912 1432 4952; x_wconf 82' lang='lat' dir='ltr'>verum</span> <span class='ocrx_word' id='word_1_646' title='bbox 1444 4903 1474 4950; x_wconf 91' lang='lat' dir='ltr'>ut</span> <span class='ocrx_word' id='word_1_647' title='bbox 1482 4887 1608 4950; x_wconf 87' lang='lat' dir='ltr'>diuturni</span> 
     </span>
     <span class='ocr_line' id='line_1_49' title="bbox 61 4981 1607 5075; baseline -0.003 -31"><span class='ocrx_word' id='word_1_648' title='bbox 61 5011 139 5058; x_wconf 87' lang='grc' dir='ltr'>τητα.</span> <span class='ocrx_word' id='word_1_649' title='bbox 151 4986 300 5066; x_wconf 78' lang='grc' dir='ltr'>Δεξάμενος</span> <span class='ocrx_word' id='word_1_650' title='bbox 313 4991 400 5051; x_wconf 88' lang='grc' dir='ltr'>τοίνυν</span> <span class='ocrx_word' id='word_1_651' title='bbox 415 4994 492 5052; x_wconf 83' lang='grc' dir='ltr'>αθτδν</span> <span class='ocrx_word' id='word_1_652' title='bbox 505 4994 541 5062; x_wconf 82' lang='grc' dir='ltr'>ὥς</span> <span class='ocrx_word' id='word_1_653' title='bbox 552 5017 592 5053; x_wconf 87' lang='grc' dir='ltr'>σοι</span> <span class='ocrx_word' id='word_1_654' title='bbox 605 4993 721 5075; x_wconf 81' lang='grc' dir='ltr'>πρέπον,</span> <span class='ocrx_word' id='word_1_655' title='bbox 733 4994 837 5074; x_wconf 82' lang='grc' dir='ltr'>ταχέως</span> <span class='ocrx_word' id='word_1_656' title='bbox 883 4989 982 5053; x_wconf 89' lang='lat' dir='ltr'>silentii</span> <span class='ocrx_word' id='word_1_657' title='bbox 993 4986 1077 5049; x_wconf 88' lang='lat' dir='ltr'>nostri</span> <span class='ocrx_word' id='word_1_658' title='bbox 1087 5006 1197 5046; x_wconf 77' lang='lat' dir='ltr'>eausam</span> <span class='ocrx_word' id='word_1_659' title='bbox 1207 4983 1364 5065; x_wconf 80' lang='lat' dir='ltr'>aperiamus</span> <span class='ocrx_word' id='word_1_660' title='bbox 1371 5028 1380 5061; x_wconf 88' lang='lat'>,</span> <span class='ocrx_word' id='word_1_661' title='bbox 1391 4981 1511 5061; x_wconf 89' lang='lat' dir='ltr'>quidque</span> <span class='ocrx_word' id='word_1_662' title='bbox 1522 5001 1607 5039; x_wconf 78' lang='lat' dir='ltr'>cause</span> 
     </span>
    </p>
   </div>
   <div class='ocr_carea' id='block_1_5' title="bbox 96 5188 542 5261">
    <p class='ocr_par' dir='ltr' id='par_1_5' title="bbox 96 5188 542 5261">
     <span class='ocr_line' id='line_1_50' title="bbox 96 5188 542 5261; baseline 0.013 -23"><span class='ocrx_word' id='word_1_663' title='bbox 96 5202 107 5226; x_wconf 62' lang='grc' dir='ltr'>Ι</span> <span class='ocrx_word' id='word_1_664' title='bbox 124 5188 186 5239; x_wconf 75' lang='lat' dir='ltr'>Tres</span> <span class='ocrx_word' id='word_1_665' title='bbox 195 5190 254 5242; x_wconf 88' lang='lat' dir='ltr'>Mss.</span> <span class='ocrx_word' id='word_1_666' title='bbox 268 5200 384 5260; x_wconf 78' lang='grc' dir='ltr'>χωρισμὸν</span> <span class='ocrx_word' id='word_1_667' title='bbox 394 5195 542 5261; x_wconf 76' lang='grc' dir='ltr'>δλσρύραμκι.</span> 
     </span>
    </p>
   </div>
   <div class='ocr_carea' id='block_1_6' title="bbox 1429 5257 1476 5314">
    <p class='ocr_par' dir='ltr' id='par_1_6' title="bbox 1429 5257 1476 5314">
     <span class='ocr_line' id='line_1_51' title="bbox 1429 5257 1476 5314; baseline 0 0"><span class='ocrx_word' id='word_1_668' title='bbox 1429 5257 1476 5314; x_wconf 74' lang='grc' dir='ltr'>ὅθ.</span> 
     </span>
    </p>
   </div>
   <div class='ocr_carea' id='block_1_7' title="bbox 0 0 1886 5992">
    <p class='ocr_par' dir='ltr' id='par_1_7' title="bbox 0 0 1886 5992">
     <span class='ocr_line' id='line_1_52' title="bbox 0 0 1886 5992; baseline 0 0"><span class='ocrx_word' id='word_1_669' title='bbox 0 0 1886 5992; x_wconf 95' lang='lat' dir='ltr'> </span> 
     </span>
    </p>
   </div>
  </div>
 </body>
</html>
