3810 6000
573 515 617 562 DE
644 513 862 564 ADOlthTIONB
887 511 1055 563 runnosn
1083 515 1211 565 CRUCIS.

117 646 196 702 τοῦτο
209 641 233 701 οἱ
252 644 317 699 θεῖοι
340 637 510 721 ίερομύσται,
530 637 621 720 ὥσπερ
647 639 715 708 τινὲς
740 639 888 721 δορυφόροι,

117 721 257 800 προθέντες
278 718 327 792 rhu
349 719 489 798 βασιλικὴν
506 719 637 797 μα’στιγα,
651 722 694 779 διὰ
710 720 807 792 ταύτης
820 723 891 779 ἀπο,-

118 801 243 861 διώκουσι
261 810 350 859 πᾶσαν
370 799 502 859 ἀντίδικον
521 800 566 860 καὶ
591 798 733 860 ἀντίπαλον
750 800 891 880 φάλαγγα,

117 880 165 948 τάς
181 881 252 946 θείας
275 880 321 940 καὶ
346 878 486 958 βασιλικάς
508 879 605 959 δωρεὰς
627 887 681 947 τοῖς
709 887 893 958 μυσταγωγοῑς

119 960 308 1037 ἀπονέμοντες,
329 960 375 1018 καὶ
395 957 442 1019 σύν
468 961 554 1026 αὐτοῖς
573 959 617 1019 τὸν
647 959 758 1038 βασιλέα
778 959 893 1041 Χριστόν

120 1039 294 1120 γεραίροντες.

160 1119 246 1179 Ὅταν
257 1117 342 1179 τοίνυν
358 1116 505 1200 σφραγίζη,
517 1118 597 1179 ἐννόει
609 1126 655 1180 τοῦ
675 1125 788 1199 σταυροῦ
802 1129 892 1179 πᾶσαν

118 1198 167 1272 ‘rhu
182 1198 315 1271 ὑπόθεσιν,
329 1197 375 1257 καί
385 1198 488 1266 σόέσεις
498 1198 590 1274 θυμὸν,
600 1199 645 1259 καί
663 1200 750 1259 πάντα
766 1201 799 1259 rh
810 1196 894 1258 λοιπά

119 1280 202 1352 πάθη.
218 1276 305 1338 Ὅταν
321 1276 467 1359 σφραγίζῃ,
486 1281 586 1351 πολλῆς
607 1279 744 1358 ἔμπλησον
757 1279 788 1340 τὸ
810 1281 893 1358 μέτω·

119 1383 169 1418 πον
183 1358 347 1439 παρρησίας·
360 1356 502 1430 τὸστῆθος,
516 1357 550 1417 τά
572 1358 696 1437 όμματα,
714 1360 761 1418 καί
774 1371 827 1420 πᾶν
842 1362 893 1440 μί-

119 1439 165 1506 λος
184 1438 357 1519 παράστησον
370 1437 461 1498 θυσίαν
487 1439 626 1519 εθάρεοτον
645 1445 685 1520 τῷ
710 1443 781 1520 Θεῷ.
805 1445 893 1503 Τοῦτο

119 1519 172 1598 γὰρ
193 1522 213 1589 ἡ
237 1517 331 1618 λογικὴ
355 1517 473 1596 λατρεία.
491 1520 579 1578 Τοῦτο
596 1519 627 1579 τὸ
649 1529 758 1598 σημεῖον
779 1522 825 1581 καὶ
848 1522 893 1582 ἐπί

120 1601 174 1657 τῶν
197 1620 332 1678 προγονων
359 1601 435 1673 ἡμῶν
459 1595 539 1679 θύρας
563 1597 659 1680 ἀνέῳξε
688 1601 894 1739 κεκλεισμένας,

1592 521 1665 594 999

944 660 997 717 que
1019 639 1149 721 impeturn
1170 639 1296 721 profligat
1316 653 1341 700 et
1360 639 1461 702 fundit
1486 639 1557 701 Hinc
1576 640 1668 704 divini

945 719 1067 798 sacrique
1081 722 1214 780 antistites
1228 721 1303 799 quasi
1320 719 1461 802 stipatores
1471 720 1582 801 quidam
1592 724 1667 802 regio

945 797 1030 876 flagro
1052 801 1201 881 proposito,
1218 823 1250 861 eo
1264 823 1370 861 omnem
1384 803 1504 861 hostium
1517 802 1668 864 exercitum

947 878 1063 938 tundunt
1073 901 1105 938 ac
1117 881 1221 960 fugant,
1236 903 1298 940 cum
1310 880 1405 940 divina
1418 882 1545 962 regiaque
1556 902 1667 942 munera

947 955 981 1016 iis
993 958 1041 1037 qui
1055 958 1197 1019 initiantur
1217 961 1355 1036 tribuunt,
1367 961 1393 1020 in
1414 983 1468 1040 quo
1485 983 1537 1020 una
1551 982 1614 1022 eum
1628 963 1669 1023 eis

946 1057 1037 1116 regem
1048 1039 1187 1099 Christum
1201 1042 1292 1100 colunt
1305 1055 1385 1119 atque
1394 1055 1565 1101 venerantur.

987 1119 1015 1178 5.
1029 1118 1098 1177 Cum
1111 1141 1175 1199 ergo
1189 1119 1322 1200 signaris,
1342 1121 1394 1180 tihi
1408 1121 1563 1180 intuentem
1577 1120 1668 1182 reniet

946 1210 1034 1256 totum
1047 1199 1134 1258 crucis
1145 1216 1345 1278 argumentum,
1356 1222 1388 1262 ae
1401 1215 1459 1261 tum
1473 1202 1542 1260 iram
1562 1221 1668 1261 omnm·

946 1298 1000 1355 que
1015 1298 1031 1336 a
1045 1279 1147 1338 ratione
1155 1280 1355 1340 aversosanimi
1366 1281 1484 1363 impetus
1493 1280 1667 1347 exstinxeris.

948 1358 1018 1416 Cum
1038 1359 1245 1438 consignabcris,
1264 1362 1379 1420 frontem
1399 1362 1486 1421 multa
1501 1361 1575 1441 reple
1596 1360 1668 1420 lidu-

947 1443 1009 1513 cia;
1025 1452 1127 1517 pectus,
1141 1439 1232 1499 oeulos
1249 1454 1274 1499 et
1293 1441 1382 1500 omnia
1404 1442 1524 1500 membra
1538 1441 1605 1499 oller
1620 1440 1669 1500 ho·
1678 1459 1819 1510 name.

946 1516 1026 1576 stiam
1044 1518 1266 1599 Deoplacentem.
1284 1521 1342 1580 Hoc
1355 1535 1395 1580 est
1414 1519 1487 1580 enim
1510 1520 1668 1581 rationabile

947 1597 1117 1690 obsequium.
1133 1599 1190 1658 lloe
1199 1599 1281 1659 etiam
1290 1601 1398 1679 signum
1410 1602 1480 1660 fores
1493 1600 1597 1659 clausas
1607 1622 1667 1660 nra-

119 1682 197 1737 εσῦεο
210 1677 358 1757 δηλητήρια
371 1675 464 1756 ἔσβεσε
476 1679 618 1780 φάρμακα,
632 1682 709 1739 τοῦτο
725 1703 791 1741 ram
804 1707 832 1742 ω
850 1680 894 1742 δό-
910 1693 929 1742 c
944 1696 1037 1756 Jorum
1056 1692 1208 1738 nostrorum
1223 1700 1281 1739 aero
1294 1680 1408 1770 aperuit,
1430 1680 1481 1740 hoc
1500 1680 1582 1739 noxia
1595 1701 1668 1739 nior·

120 1781 199 1836 ναμιν
222 1756 338 1830 ἐξέλυσε,
361 1764 439 1819 τοῦτο
463 1764 560 1839 θηριων
583 1758 692 1821 totototo
708 1759 831 1840 δήγματα
852 1761 895 1823 θά-

121 1861 195 1898 σατο.
205 1839 238 1896 Εἰ
247 1834 299 1935 γάρ
314 1837 376 1916 ᾅδου
393 1837 477 1904 πύλας
490 1837 596 1918 ἀνέῳξε,
612 1838 658 1896 καί
679 1837 729 1900 Ιὀιί
747 1844 816 1899 σνῶν
831 1844 893 1922 ἁψῖ-

121 1918 166 1984 δας
180 1918 340 1991 ἀνεπετασε,
353 1916 399 1975 καί
420 1918 581 1997 παραδείσου
605 1918 706 1978 εἴσοδον
728 1865 893 1996 ἀνεκαίνισε,

120 1996 166 2057 καὶ
178 2004 225 2056 τοῦ
235 1995 358 2056 διαόόλω
378 1995 413 2055 τά
434 2005 514 2076 νεῦρα
533 1997 652 2078 ἐξέκοψε,
665 1998 692 2058 τί
706 2000 857 2077 θαυμαστὸν
869 2005 893 2061 εί

140 2076 267 2156 αρμάκων
290 2074 457 2155 δηλητηρίων
486 2076 667 2156 περιγίνεται;
692 2080 779 2139 Τοῦτο
807 2080 893 2140 τοίνυν

119 2101 265 2257 έγκολαψον
279 2159 313 2235 τῇ
328 2155 430 2236 διανοίᾳ
447 2161 480 2236 τῇ
502 2162 551 2238 σῇ,
564 2156 609 2215 καὶ
625 2155 674 2229 τὴν
696 2159 827 2239 σωτηρίαν
843 2184 893 2219 πε-

121 2235 243 2318 ριπτυξαι
262 2239 314 2294 τῶν
327 2233 464 2317 ἡμετέρων
478 2241 580 2317 ψυχῶν.
593 2227 679 2304 Οῦτος
690 2236 741 2316 γάρ
755 2243 769 2298 ό
783 2238 894 2320 σταυρθς

119 2314 168 2386 τὴν
190 2314 344 2392 οἰκουμένην
367 2314 467 2390 ἐσωσε,
484 2316 532 2388 rip
557 2317 662 2388 πλάνην
681 2318 820 2392 ἀπήλασε,
842 2318 892 2391 rhu

119 2394 245 2466 ἀλήθειαν
266 2396 430 2475 ἐπανήγαγε,
443 2396 492 2467 rhu
506 2401 556 2476 γῆν
572 2396 680 2476 οὐρανόν
695 2396 819 2470 ἐποίησε,
832 2397 893 2468 τοὺς

119 2473 273 2554 ἀνθρώπους
290 2474 416 2553 ἀγγελους
437 2475 586 2556 εἰργάσατο.
613 2475 666 2535 Διά
690 2482 781 2537 τοῦτον
795 2480 819 2537 ol
835 2478 892 2538 δαί·

119 2578 197 2632 μονες
219 2557 267 2613 οὐκ
294 2554 334 2612 ίιι
362 2553 484 2635 φοόεροί,
502 2557 560 2615 ἀλλ’
577 2555 814 2636 εθκαταφρόνητοι,
834 2557 892 2620 ούδί

118 2638 134 2693 θ
154 2632 264 2702 θάνατος
278 2635 404 2707 θάνατος,
415 2636 473 2694 ἀλλ’
488 2636 568 2704 ῦπνος
580 2634 625 2694 καί
638 2635 821 2717 ἐγρηγόρησις.
839 2637 892 2698 Διά

117 2720 209 2773 τοῦτον
230 2714 264 2772 ed
286 2718 336 2786 τῆς
360 2715 457 2795 σαρκὸς
478 2715 550 2786 πάθη
575 2713 609 2775 rh
640 2718 808 2793 πολεμοῦντα
832 2718 893 2785 τοθς

118 2792 307 2866 νηστεύοντας,
334 2794 570 2874 ἀπομαραίνονται.
583 2793 630 2854 Ἂν
653 2792 740 2855 τοίνυν
758 2797 828 2859 εἴποι
851 2797 893 2858 σοί

117 2896 159 2939 τις
183 2877 236 2932 τῶν
261 2871 412 2933 Ἰουδαίων·
435 2875 480 2934 τὸν
501 2873 699 2956 ἐσταυρωμένον
720 2886 892 2958 προσκυνεῖς;

947 1756 1077 1836 tiseraque
1090 1778 1189 1818 venena
1201 1760 1342 1836 exstinxit,
1351 1759 1402 1820 hoc
1417 1760 1511 1820 cimrtae
1519 1760 1577 1820 vim
1588 1760 1667 1838 eluit,

947 1835 999 1895 hoc
1012 1836 1129 1916 denique
1140 1839 1291 1898 belluarum
1303 1853 1494 1899 venenatarum
1506 1861 1611 1898 morsus
1621 1861 1669 1898 cu-

948 1917 1027 1977 rarit.
1045 1919 1075 1978 Si
1089 1918 1160 1976 enim
1176 1919 1323 1992 interorum
1333 1934 1424 2000 portas
1437 1919 1576 1996 reseravit,
1583 1933 1609 1978 et
1618 1940 1669 1978 car·

947 1994 1035 2055 lorum
1045 1997 1152 2078 apsides
1161 1999 1278 2080 aporuit,
1310 1998 1575 2076 aradisiqueaditum
1589 2020 1669 2059 reno·

947 2075 1032 2148 ravit,
1040 2091 1065 2134 et
1072 2076 1175 2135 diaboli
1187 2100 1281 2137 nervos
1289 2021 1370 2168 liegit
1378 2103 1385 2135 ι
1394 2079 1462 2158 quid
1471 2079 1571 2137 mirum
1579 2077 1669 2138 rideri

947 2154 1035 2229 dehet,
1054 2156 1076 2215 si
1095 2157 1176 2214 noxia
1192 2178 1293 2216 venena
1313 2158 1398 2216 vincit
1419 2172 1445 2216 et
1465 2158 1594 2238 superat?
1611 2158 1669 2218 Hoc

946 2254 1009 2314 ergo
1023 2235 1051 2293 in
1063 2249 1202 2295 mentetua
1213 2236 1345 2317 insculpe,
1355 2238 1668 2315 animorumquenostro-

946 2335 1038 2373 rorum
1060 2316 1174 2375 salutem
1188 2317 1358 2397 amplectere.
1371 2317 1435 2375 Hac
1449 2317 1522 2375 euim
1537 2337 1607 2375 crux
1622 2338 1668 2376 or·

945 2395 1008 2453 bem
1020 2408 1095 2453 terrae
1108 2397 1293 2473 conservavit,
1305 2417 1423 2454 errorem
1435 2394 1553 2476 expulit,
1567 2396 1668 2455 verita·

945 2486 1000 2532 tem
1014 2475 1163 2542 revocavit,
1173 2488 1273 2536 terram
1285 2477 1381 2535 carlum
1398 2475 1462 2535 fecit
1473 2520 1481 2550 ,
1494 2474 1669 2554 hominesque

945 2555 1064 2633 angelos.
1092 2556 1204 2637 Propter
1236 2576 1342 2615 crucem
1372 2554 1508 2614 daemones
1535 2576 1587 2613 non
1610 2557 1669 2636 jam

946 2633 1089 2693 horribiles
1100 2648 1173 2713 sunt,
1184 2649 1231 2695 aut
1239 2634 1387 2709 metuendi,
1400 2635 1449 2694 sed
1462 2635 1667 2694 contemnendi:

947 2734 995 2775 nec
1008 2734 1081 2773 mors
1094 2730 1133 2774 est
1146 2736 1230 2787 mors,
1244 2714 1293 2774 sed
1302 2728 1466 2775 somnusaut
1481 2713 1584 2792 vigilia.
1597 2714 1669 2777 Hinc

947 2793 1035 2853 carnis
1048 2795 1177 2873 allectus,
1195 2800 1241 2874 qui
1252 2796 1404 2876 jejunantes
1423 2816 1439 2853 o
1459 2807 1578 2876 pugnat,
1596 2816 1670 2855 mnr-

948 2886 1064 2933 cescunt.
1077 2875 1158 2946 Quod
1180 2876 1201 2934 si
1226 2876 1287 2952 quis
1305 2874 1417 2937 Jndaeus
1438 2816 1489 2932 lioc
1506 2873 1556 2931 tibi
1576 2873 1668 2934 dicate

118 2949 289 3052 είπὲφαιδρᾷ
317 2953 362 3011 καὶ
383 2956 495 3053 μεγάλη
520 2960 553 3028 τῇ
579 2959 674 3034 φωνῇ,
703 2956 749 3014 καὶ
770 2957 894 3035 γεγηθότι
911 2968 931 3017 n
948 2952 1020 3013 Eum
1040 2953 1086 3032 qui
1104 2955 1179 3014 cruci
1195 2954 1313 3014 suffixus
1332 2954 1393 3027 suit,
1411 2952 1564 3014 adoras?ei
1585 2954 1669 3019 alacri

117 3035 158 3112 τῷ
181 3054 329 3112 προσωπῳ,
350 3055 409 3102 ναι,
433 3035 479 3094 καὶ
500 3037 656 3135 προσκυνῶ,
671 3034 716 3092 καὶ
737 3038 767 3096 οθ
788 3036 893 3097 παύσο-

118 3134 171 3188 μαι
198 3117 368 3194 προσκυνῶν·
395 3112 443 3172 κάν
467 3116 588 3194 γελαση,
613 3113 742 3193 δόκρυσον
765 3115 808 3176 ὅτι
830 3116 892 3190 μαί·

116 3214 205 3259 νεται,
219 3191 265 3250 καί
286 3194 316 3250 οὐ
331 3201 412 3252 murtei
428 3192 455 3251 τί
492 3192 628 3273 θέγγεται·
648 3194 748 3275 καὶτῷ
770 3196 893 3270 Δεσπύτη

116 3270 229 3350 Χριστῷ
254 3270 456 3352 εθγαρίστησον,
472 3218 514 3333 ότι
528 3280 637 3334 τοιαῦτα
659 3277 730 3352 ἡμᾶς
752 3263 894 3362 εθεργέτηῖ

117 3371 175 3424 σεν,
197 3348 214 3407 θ
237 3339 304 3429 μηδέ
324 3358 416 3428 μαθεῖν
441 3351 551 3413 δύναταί
578 3377 618 3422 τις
663 3354 727 3435 ωρίς
747 3361 794 3427 τῆς
820 3356 893 3415 ἀνοι-

116 3433 162 3489 θεν
173 3429 374 3510 ἀποκαλύψεως.
391 3431 444 3492 Διά
467 3440 543 3493 τοῦτο
566 3434 612 3492 καί
631 3376 705 3501 oleo<
728 3437 793 3515 γελᾷ
804 3442 831 3505 ⁰,
850 3434 894 3494 ότι

115 3509 241 3589 Ψυρικθς
266 3511 402 3591 ἄνθρωπος
426 3515 455 3572 οθ
480 3511 587 3592 δέχεται
601 3513 636 3574 eh
658 3518 704 3574 τοῦ
729 3513 893 3592 Πνεύματυς.

116 3578 198 3646 'tall
209 3589 236 3648 τί
248 3613 326 3671 φησιν
337 3591 538 3672 όφρενόληπτος
550 3592 597 3654 καὶ
613 3594 744 3673 ἀγνώμων
757 3592 803 3652 καί
817 3597 893 3652 ἀπει-

116 3666 166 3740 θὴς
180 3668 318 3742 Ἰουδαίος,
332 3672 366 3730 Εἰ
377 3662 421 3730 οῦν
433 3670 501 3738 Θεός
515 3676 586 3732 ἐστιν
597 3677 612 3731 θ
622 3673 752 3756 Χριστὸς,
766 3671 801 3740 ῶς
811 3696 891 3752 φατε,

116 3746 164 3805 καί
178 3749 248 3809 Θεοῦ
257 3750 338 3824 Υἱὸς,
352 3750 398 3809 καί
413 3750 455 3810 ἐπὶ
473 3752 591 3833 σωτηρία
601 3758 654 3813 τῶν
672 3752 816 3832 ἀνθρώπων
830 3753 892 3826 ἐλή-

114 3826 193 3899 λυθε,
210 3826 272 3887 “tit
291 3829 318 3887 τί
334 3829 445 3911 τοιούτῳ
460 3831 564 3917 θανότῳ
579 3815 696 3915 ἀσχήμῳ
711 3831 892 3934 ἐσταύρωται,

113 3906 189 3988 Πρὸς
202 3907 230 3968 ὃν
244 3910 353 3985 ἐροῦμεν
372 3908 448 3990 ὀλίγα
466 3914 519 3968 τῶν
541 3917 683 3995 προφητῶν
704 3910 890 3991 ἐκλεξαμενοι·

112 3983 170 4045 ἔδει
193 3983 237 4046 τόν
258 3989 373 4071 Χριστὸν
397 3993 600 4069 σταυρωθῆναι,
629 3982 652 4052 ἀι
681 3991 820 4072 παράνομα
844 3993 891 4054 καὶ

110 4064 246 4145 ἀγνώμων
258 4066 384 4143 Ἰουδαῑε,
395 4069 436 4128 ότι
448 4069 550 4146 θνόμος
559 4070 605 4131 καί
622 4076 647 4132 oi
665 4094 701 4152 πρ
736 4075 799 4143 ἥται
809 4070 891 4142 οῦτως

111 4144 256 4227 ἐκήρυξαν,
271 4146 400 4217 σώζεσθαι
419 4149 468 4222 τὴν
482 4151 675 4250 ἀνθρωπότητα
697 4154 723 4211 δι
763 4153 888 4231 Χριστοῦ.

110 4225 291 4327 Πριῗιτοςγγάρ
309 4230 426 4299 Μωῦαῆς
441 4228 527 4309 λέγει,
542 4233 649 4312 Οψισθε
670 4230 720 4305 ehu
731 4228 801 4304 ζωὴν
814 4236 889 4310 ὑμῶν
907 4243 925 4289 tt

107 4327 283 4384 κρεμαμενην
304 4307 432 4367 ἀπέναντι
453 4314 507 4368 τῶν
521 4311 664 4391 ὀφθαλμῶν
686 4316 772 4388 ὑμῶν,
787 4311 833 4370 καί
859 4315 888 4372 ού

109 4383 153 4463 μὴ
170 4385 327 4459 πιστεύσητε
347 4392 382 4467 τῇ
404 4391 458 4460 ζωῆ
483 4392 566 4466 ὑμῶν.
587 4391 642 4452 Καὶ
658 4388 816 4459 θἯσαίας·
840 4389 888 4461 Ὡς

107 4461 246 4544 πρόόατον
260 4467 304 4526 ἐπὶ
315 4466 418 4549 σφαγὴν
431 4455 515 4549 ἤχθη,
525 4467 571 4528 καί
580 4473 617 4539 ῶς
625 4469 709 4549 ἀμνθς
716 4469 832 4533 ἐναντίω
840 4476 887 4531 τοῦ

107 4544 244 4701 έέίέέίίίς
259 4546 535 4695 ύύίθλείφίίςκὲιύαέ
548 4548 888 4693 ὁάείθμείόςίἀῗῦτίνιίέ

108 4725 163 4762 καν
179 4649 327 4783 mihipte
342 4707 420 4765 αὐτοῦ
443 4711 481 4775 είς
497 4653 642 4790 τδνμάγρθν
661 4678 708 4770 τοῦ
732 4674 886 4793 κεραμέως,

108 4780 320 4924 καθάἱσυγέταξέ
334 4786 496 4889 μοινίίύριος.
508 4788 887 4930 ΚαψὲτιδθεόρέέστινθοστΕαμ·

64 4924 69 4933 ”
106 4866 224 5020 diffisi<
240 4887 540 5023 lidhidihadiriiideidtu
547 4892 604 5015 τθιςσ
613 4892 821 5030 iguem,
840 4895 886 5010 ahl

108 5019 200 5090 σώσας
229 5022 279 5095 rhu
303 5023 480 5106 Ἰερουσαλὴμ
502 5026 642 5087 κατέναντι
667 5032 722 5088 τῶν
743 5032 886 5111 ὀφθαλμῶν

143 5180 158 5216 b
175 5179 246 5232 Unus
253 5181 319 5235 cod.
328 5188 427 5250 σίραιον
435 5188 514 5243 πύλας.
522 5181 599 5235 Paulo
609 5197 667 5250 port
673 5183 783 5238 Sarilin
792 5202 871 5254 marg.

107 5264 215 5328 ἐξέκοψε,
226 5262 297 5312 etsie
308 5262 386 5314 etiam
397 5260 449 5314 duo
458 5263 517 5314 λίνα.
530 5262 619 5315 λίοιεί.
631 5271 706 5333 ἄορι.

144 5353 154 5376 ·
174 5339 229 5391 Duo
240 5338 300 5391 tter.
313 5348 349 5395 δτι
361 5349 465 5412 saprade
476 5350 602 5411 ἄνθρωπος·

947 3053 1098 3111 magnaque
1112 3055 1195 3109 voce,
1210 3056 1242 3093 ac
1255 3035 1315 3094 laeto
1329 3035 1407 3094 vultu
1427 3031 1575 3114 responde:
1591 3037 1670 3095 Certe

947 3112 1041 3189 adoro,
1052 3134 1101 3173 nee
1112 3115 1191 3172 srnem
1206 3113 1336 3174 adorandi
1345 3114 1441 3173 sariam
1456 3138 1462 3171 :
1478 3127 1518 3188 et,
1532 3111 1555 3170 si
1569 3114 1666 3194 rideat,

947 3192 1011 3273 luge
1022 3213 1083 3251 enm
1097 3193 1170 3272 quod
1183 3216 1275 3253 amens
1288 3194 1336 3269 sit,
1350 3215 1398 3254 nec
1412 3194 1479 3254 sciat
1492 3191 1558 3272 quid
1572 3193 1669 3272 loqua-

947 3286 1008 3330 tur:
1023 3273 1114 3333 Christ
1151 3296 1184 3333 οε
1193 3275 1310 3335 Domino
1323 3294 1374 3353 age
1386 3277 1496 3353 gratias,
1511 3272 1585 3351 quod
1598 3274 1670 3410 εγίιε·

947 3351 1020 3411 modi
1036 3354 1062 3411 in
1077 3296 1267 3412 nosohenesrcia
1282 3353 1405 3427 contulit,
1416 3375 1476 3430 quae
1493 3353 1552 3412 sine
1571 3373 1607 3410 cae
1620 3353 1669 3414 esti

946 3430 1095 3510 divinaque
1107 3433 1291 3492 enuntiatione
1300 3433 1403 3492 discere
1416 3453 1494 3491 nemo
1511 3431 1606 3510 possit.
1625 3434 1670 3493 Ob

946 3531 1005 3569 eam
1018 3512 1090 3569 enim
1103 3532 1211 3571 causam
1222 3510 1271 3571 iste
1281 3512 1361 3571 etiam
1369 3510 1449 3582 ridet,
1460 3511 1668 3589 quodAru'ma-
1682 3549 1701 3580 1,
1714 3534 1768 3582 cor.
1779 3553 1803 3584 2,

947 3590 984 3649 lis
997 3593 1084 3651 homo
1094 3612 1153 3650 non
1167 3596 1247 3677 capit
1263 3612 1299 3650 ea
1311 3604 1455 3672 quaesunt
1469 3592 1489 3651 S
1507 3595 1602 3651 in‘tus.
1614 3593 1668 3654 Sed
1682 3599 1716 3657 Ιί-

966 3669 1076 3731 uiduam
1096 3671 1135 3729 ait
1148 3692 1254 3744 amens,
1275 3671 1413 3750 ingratus,
1425 3692 1470 3751 per
1483 3672 1598 3749 rdusque
1615 3675 1666 3733 Ju-

946 3690 1043 3808 daeus?
1055 3751 1085 3811 Si
1099 3770 1163 3830 ergo
1175 3751 1299 3810 Christus
1314 3764 1353 3810 est
1364 3752 1448 3824 Deus,
1465 3763 1495 3808 ut
1508 3749 1666 3830 defenditis,

945 3831 1037 3889 acDei
1051 3831 1150 3906 Filius,
1162 3831 1241 3890 saluti
1284 3851 1308 3888 re
1320 3829 1462 3889 hominum
1476 3851 1554 3891 causa
1570 3830 1664 3890 venit:

945 3930 994 3968 eur
1005 3910 1050 3970 tali
1061 3924 1157 3986 morte,
1167 3932 1227 3990 quar
1239 3852 1377 3971 iiilionesta
1385 3923 1436 3986 est,
1446 3909 1523 3984 obiit,
1530 3925 1556 3970 et
1567 3909 1595 3968 in
1606 3930 1666 3969 eru·

944 4010 1002 4049 cem
1021 4004 1097 4049 actus
1110 3990 1168 4049 est?
1182 3990 1233 4051 Cui
1249 3989 1342 4072 paucis
1355 3989 1590 4070 respondebimus,
1605 4012 1666 4070 quae

945 4091 978 4129 ex
993 4070 1131 4153 prophetis
1145 4070 1254 4131 collecta
1275 4083 1338 4129 sunt
1354 4071 1505 4151 :oportuit
1524 4070 1734 4135 Christumcm
1744 4106 1816 4152 apro·

944 4151 1018 4209 cruci
1037 4149 1122 4230 alfigi,
1136 4150 1233 4230 elegis
1249 4150 1373 4223 violator,
1383 4163 1410 4208 et
1424 4150 1529 4229 ingrate
1547 4149 1643 4211 ludere
1654 4149 1662 4212 l
1674 4154 1748 4208 priori·
1760 4170 1814 4214 pm

1673 4216 1743 4261 clieta.

964 4243 1084 4312 ropterea
1097 4229 1170 4309 quod
1180 4231 1225 4288 lex
1236 4241 1262 4287 et
1275 4229 1412 4309 prophetae
1423 4229 1460 4289 ita
1470 4229 1663 4308 predixerant,

942 4250 1001 4368 ihre
1013 4323 1043 4368 ut
1056 4330 1140 4389 genus
1148 4306 1315 4371 hominuma
1328 4308 1437 4367 Christo
1447 4322 1660 4370 conservaretur.

942 4390 1051 4449 Primus
1074 4384 1145 4448 enirh
1166 4392 1276 4468 Moyses
1301 4387 1386 4448 dicit:
1404 4390 1546 4450 Wdebr'tr's
1565 4392 1663 4448 uitam
1672 4406 1741 4451 neue.
1757 4405 1797 4455 σε.

941 4482 1074 4531 vestram
1099 4488 1269 4549 suspensam
1289 4472 1321 4527 in
1345 4469 1437 4527 oculis
1462 4473 1582 4540 vestris,
1610 4468 1710 4528 ιιεοθᾶ·

940 4552 1013 4609 or‘toe
1023 4563 1130 4609 νοείτω
1127 4549 1226 4631 fidem
1238 4549 1391 4608 habebitis.
1399 4546 1434 4607 Et
1439 4546 1564 4608 Hesaias:
1575 4549 1663 4607 Tam·
1672 4564 1731 4610 Ιεω.
1739 4562 1779 4612 53.
1787 4580 1811 4627 7.

941 4651 1031 4709 quam
1050 4633 1113 4691 oris
1137 4629 1179 4688 ad
1197 4630 1305 4688 caedem
1325 4629 1431 4686 ductus
1454 4640 1508 4699 est,
1524 4641 1553 4687 et
1575 4630 1662 4709 quasi

940 4729 1035 4791 agmts
1056 4729 1157 4769 eoram
1174 4710 1312 4768 tondente
1333 4728 1363 4766 se
1377 4709 1529 4767 obmutuit.
1543 4708 1663 4787 ltemque

939 4788 1069 4849 Jeremias
1083 4791 1211 4858 :Venite
1228 4786 1326 4866 inquit,
1342 4790 1534 4846 immittamus
1548 4787 1721 4867 lignumter.
1731 4811 1812 4862 ¹¹⁴9·

939 4871 972 4927 in
983 4872 1045 4950 ejus
1054 4888 1171 4947 panem.
1180 4870 1228 4940 Et,
1244 4868 1396 4926 Dederuut
1408 4871 1535 4946 pretium
1548 4871 1612 4949 ejus
1628 4871 1662 4926 ιἰι
1671 4888 1757 4934 praue,
1770 4901 1810 4950 ²7·

939 4969 1043 5028 agrum
1054 4948 1161 5030 figuli,
1172 4947 1417 5028 quemadmodum
1432 4949 1505 5005 mihi
1514 4949 1660 5006 Dominus
1672 4964 1709 4997 ¹⁰·

940 5029 1201 5088 coustituit.Denm
1220 5039 1311 5087 autem
1334 5047 1390 5085 esse
1400 5027 1539 5086 Christum
1561 5026 1609 5105 qui
1631 5025 1660 5085 in

920 5168 948 5216 ’ί
964 5185 1058 5251 Omne(
1069 5183 1131 5239 Μαι.
1141 5190 1202 5241 treet
1209 5190 1280 5244 ου’τως
1290 5184 1484 5252 ἀσχήμονιίιιιιιιε
1495 5185 1603 5255 ἀεχημῳ)
1617 5193 1662 5245 θα,

901 5276 960 5336 serp
971 5270 1122 5337 ἐσταύρωται.
1132 5272 1189 5335 πρὸς
1200 5270 1225 5318 ἐν
1234 5273 1370 5336 ἀποκριτέον
1381 5269 1455 5331 ὀλίγα.
