3764 5992
614 486 658 534 DE
683 481 901 534 auonsntohtt
924 478 1095 531 PBE‘l'lOM
1119 480 1248 533 mucis.

730 912 1147 1045 MONITUM

461 1226 513 1302 ru
538 1223 776 1301 nournnuu
801 1224 865 1299 ns
889 1214 1200 1301 anonnrrorus
1223 1216 1402 1321 cuncis.

199 1460 279 1535 llanc
293 1473 450 1535 concionetn
463 1472 585 1534 Savilius
597 1472 668 1533 inter
680 1469 903 1554 ἀμφιίαλλίμτνα
913 1492 959 1531 seo
969 1470 1054 1531 dubia
1062 1492 1143 1554 opera
1156 1471 1261 1555 rejeeit;
1272 1472 1470 1535 Frontoautem
1480 1474 1701 1559 Ducaeosinspu·

152 1565 210 1625 riis
220 1564 322 1626 locavit
328 1587 338 1643 3
349 1587 365 1624 a
377 1564 443 1646 styli
454 1564 582 1625 videlicet
594 1585 691 1645 genere
699 1563 781 1623 ambo
794 1562 918 1644 permoti.
930 1564 1001 1623 Nam
1010 1563 1056 1623 hic
1066 1577 1167 1637 orator,
1178 1563 1242 1624 licet
1252 1564 1354 1645 alioqui
1363 1586 1417 1626 non
1427 1565 1545 1648 ineptus,
1556 1565 1702 1631 dictionem

150 1657 237 1717 effert
252 1655 439 1738 chrysostomi
448 1655 608 1735 eloquentia
628 1655 708 1735 longe
720 1654 874 1714 absimilem
887 1678 894 1711 ε
908 1655 1034 1735 epithetis
1044 1669 1134 1715 autem
1149 1655 1268 1717 abundat
1281 1679 1356 1718 more
1365 1659 1523 1718 Graeoerum
1534 1657 1617 1719 medii
1628 1660 1700 1739 aevi,

151 1746 316 1830 hujusmodi
329 1762 402 1819 sunt,
417 1749 600 1815 πανσέῦαστος
622 1747 668 1807 καλ
683 1745 821 1829 φωσφόρος
833 1737 966 1824 fetuel«,
978 1748 1128 1829 τρισόλὸιος
1143 1749 1189 1809 καὶ
1211 1750 1337 1820 ζωοποιὸς
1350 1751 1477 1833 σταυρὸς,
1490 1751 1703 1831 ττροσιιονήσιμος

151 1840 263 1925 ἡμέρα,
272 1840 448 1920 θιολαμτιίσιν
460 1844 579 1923 ἀρεταῖς,
594 1853 620 1899 et
633 1837 734 1899 similia
749 1839 836 1896 molta
846 1858 907 1916 quae
920 1836 956 1897 ad
969 1858 1094 1898 nauseam
1108 1860 1195 1918 usque
1206 1841 1308 1921 passim
1316 1855 1469 1902 occurrunt.
1482 1840 1557 1901 Licet
1567 1842 1639 1902 enim
1651 1863 1701 1902 eo-

152 1953 221 1992 rum
235 1931 416 2013 epithetonrm
425 1930 551 2010 quedam
564 1931 592 1989 in
607 1928 742 2010 germanis
753 1928 939 2010 Ghrysostomi
953 1929 1080 2011 operibus
1093 1944 1245 2003 occurrant,
1259 1945 1288 1990 at
1297 1952 1351 1991 non
1361 1931 1428 1992 solet
1436 1931 1482 1990 ille
1490 1932 1524 1991 iis
1536 1945 1610 1993 tanta
1623 1933 1701 2014 copia

151 2034 185 2085 'et
199 2023 340 2084 confertim
353 2022 404 2082 nti.
420 2022 516 2105 Stylus
525 2022 627 2101 alioqui
641 2022 771 2084 remissus
783 2021 879 2097 alium,
892 2042 977 2101 quam
990 2014 1227 2102 chrysostomum,
1237 2019 1338 2081 indicat
1351 2020 1554 2081 auctorem.Hic
1567 2021 1660 2102 agitur
1667 2021 1703 2083 de

154 2117 315 2178 adoratione
329 2116 437 2193 Crucis,
451 2137 510 2195 qua
524 2116 553 2175 iu
573 2114 662 2176 media
682 2114 889 2196 quadragesima
906 2110 1036 2174 celebrari
1058 2110 1160 2173 solebat
1174 2137 1181 2170 ι
1195 2134 1249 2192 qua
1263 2112 1290 2174 in
1304 2113 1461 2175 solennitate
1472 2112 1567 2174 habita
1579 2113 1642 2194 luit,
1656 2115 1700 2177 rel

152 2208 253 2269 habita
265 2208 347 2268 fuisse
360 2207 473 2287 fingitur
486 2208 543 2268 haec
554 2206 677 2266 homilia.
693 2206 786 2267 Codex
799 2227 869 2267 nnus
883 2205 985 2287 Regius
999 2204 1027 2264 in
1041 2204 1097 2264 fine
1107 2204 1219 2286 hujusce
1230 2204 1348 2265 homiliae
1362 2205 1448 2264 multa
1470 2205 1573 2286 adjecta
1584 2207 1702 2287 praefert,

154 2323 227 2382 qua,
237 2314 267 2359 ut
281 2301 309 2360 in
324 2314 386 2359 nota
402 2300 505 2359 ibidem
516 2298 629 2375 dieitur,
644 2300 766 2359 consulto
776 2298 953 2380 praetermissa
964 2299 1081 2357 tuomet.
1094 2298 1166 2357 Nam
1177 2310 1208 2357 ut
1223 2297 1250 2356 in
1268 2297 1423 2379 praefatione
1435 2297 1518 2380 primi
1533 2292 1615 2359 Tomi
1628 2298 1702 2360 dixi·

154 2410 229 2466 mus,
243 2414 278 2452 ex
292 2391 412 2452 homiliis
431 2392 487 2452 illis
510 2413 572 2470 qnae
594 2391 788 2474 chrysostomo
806 2389 954 2451 alibi-ariis
967 2403 992 2449 et
1005 2388 1139 2449 Graeculis
1152 2387 1294 2469 adscripta
1312 2390 1396 2462 fuere,
1411 2410 1456 2449 eas
1471 2389 1582 2468 quidem
1595 2411 1699 2466 omnes,

154 2507 217 2566 quae
227 2485 296 2546 vela
310 2484 414 2545 Savilio
423 2484 496 2544 vela
510 2484 644 2542 Frontone
655 2487 756 2544 Ducaeo
766 2481 910 2563 publicata
921 2483 1006 2561 fuere,
1022 2484 1050 2542 in
1062 2481 1113 2540 hac
1127 2479 1255 2541 Editione
1264 2482 1445 2562 proferemus:
1455 2481 1483 2541 in
1494 2481 1597 2542 ceteris
1610 2495 1700 2543 autern

152 2576 256 2656 aliquis
265 2575 385 2637 delectus
393 2573 547 2635 habebitur.
555 2575 627 2635 Nam
637 2574 694 2657 ipse
704 2573 825 2635 Savilius
835 2574 937 2635 multas
950 2573 1103 2636 istiusmodi
1117 2575 1257 2634 conciones
1266 2575 1387 2634 consulto
1397 2574 1699 2657 praetermisit,quarum

152 2669 307 2749 catalogum
317 2669 404 2730 texuit
418 2668 447 2728 in
455 2667 534 2728 Notis
543 2668 618 2745 Te,
628 2690 656 2749 p.
662 2667 730 2729 85⁷.
745 2667 830 2750 Cujus
840 2667 966 2749 exemplo
979 2688 1028 2728 nos
1043 2667 1125 2728 etiam
1138 2665 1173 2727 ab
1187 2665 1221 2727 iis
1233 2680 1295 2747 quae
1310 2658 1413 2727 nullius
1422 2667 1502 2751 pretii
1514 2681 1590 2749 sunt,
1604 2670 1628 2730 si
1641 2669 1700 2750 qui·

152 2759 216 2821 dein
226 2760 347 2820 nondum
358 2759 503 2841 publicata
517 2759 627 2836 fuerint,
640 2758 847 2819 abstinebimus.

193 2863 380 2945 Interpretatio
390 2862 486 2922 Latina
500 2877 540 2923 est
552 2863 687 2925 Joachimi
697 2862 828 2943 Perionii,
840 2883 923 2943 quam
935 2863 1040 2943 aliquot
1052 2861 1082 2921 in
1093 2861 1160 2923 locis
1173 2861 1375 2943 castigavimus.

154 3070 1686 3103 mm

150 3260 215 3323 ΕΙΣ
250 3261 328 3324 ΤΗΝ
370 3258 644 3324 ΠΡΟΣΚΥΝΗΣΙΝ
676 3262 755 3323 ΤΟΥ
787 3252 925 3324 ΤῙΜΙΟΥ
941 3253 960 3313 b
978 3260 1031 3322 IN
1044 3260 1259 3324 PRETIOSAE
1278 3261 1529 3342 VITAHSQUE
1551 3262 1697 3325 CRUCIS

189 3353 236 3414 καί
261 3358 388 3423 ζωοποιῶ
410 3363 543 3439 σταυροῦ,
566 3360 600 3435 τῇ
630 3354 699 3435 ρίσῃ
724 3355 852 3434 streptu
869 3357 922 3415 τῶν
1019 3355 1233 3428 odorationem,
1249 3355 1348 3414 media
1371 3356 1694 3437 hebdomadap'ejuuio-

189 3449 345 3519 ’νηστειῶν
1016 3466 1092 3504 rum.

187 3620 273 3689 'ttxsv
286 3634 350 3707 ἡμῖν
363 3630 491 3697 ἐνιαύσιος
510 3630 618 3711 ἡμίρα,
638 3636 656 3703 ἡ
680 3631 862 3698 τανσίίαστος
876 3632 923 3690 καὶ
1017 3632 1044 3690 1.
1060 3629 1144 3691 Venit
1156 3630 1235 3691 nobis
1256 3629 1457 3692 anniversarius
1469 3630 1528 3693 dies
1543 3632 1617 3694 omni
1629 3634 1692 3695 reli·

147 3708 285 3790 φωσρόρος
297 3712 350 3767 τῶν
364 3709 446 3788 ίγίων
458 3715 586 3782 νηστειῶν
602 3717 620 3784 ἡ
642 3710 711 3790 μίση
726 3708 855 3789 fridegode,
876 3711 920 3770 τὸν
975 3708 1055 3803 gione
1064 3708 1201 3784 colendus,
1216 3732 1248 3771 ae
1261 3711 1349 3770 lucem
1362 3712 1475 3772 afferens
1488 3726 1643 3774 sanctorum
1649 3715 1692 3796 je·

146 3812 163 3846 τ
183 3789 297 3848 ισολῦιον
315 3789 361 3847 καί
384 3789 509 3857 ζωοποιὸν
527 3795 573 3848 τοῦ
598 3793 723 3873 Σωτῆρος
740 3792 817 3868 ἡμῶν
832 3793 921 3862 Ἰησοῦ
970 3789 1111 3869 Juniorutn
1127 3790 1215 3849 media
1228 3789 1386 3866 hebdomas,
1404 3813 1465 3870 quae
1485 3805 1511 3851 et
1530 3805 1572 3853 ter
1584 3792 1691 3856 butam

146 3812 265 3928 Χριστοῦ
275 3867 386 3949 σταυρὸν
401 3868 687 3948 προακομίζουσα,καὶ
696 3877 787 3931 τοῦτον
796 3875 921 3952 rpente-
973 3869 1136 3948 vitalemque
1165 3870 1359 3930 conservatoris
1389 3870 1472 3931 nostri
1497 3874 1562 3934 lesu
1589 3872 1690 3936 Christi

181 3971 213 4019 νη
230 3951 268 4015 εἰς
288 3947 481 4029 προσκύνησιν,
490 3948 536 4007 καί
546 3948 605 4018 τοὺς
617 3955 829 4030 προσκυνοῦντας
843 3951 920 4010 αὐτὸν
973 3969 1080 4008 cruoem
1095 3950 1206 4030 profert,
1227 3963 1253 4009 et
1267 3948 1433 4010 adorandam
1475 3951 1593 4034 reponit,
1605 3966 1633 4013 et
1644 3974 1691 4016 eos

144 4028 281 4107 εἰλικρινεῖ
297 4026 394 4107 καρδίᾳ
422 4028 469 4087 καί
504 4029 591 4106 ἁγνοῖς
615 4030 731 4111 χειλεσιν
754 4031 917 4108 ἁγιάζουσα,
973 3973 1689 4125 quicamsinrerocorderastisquelabiiqumntur,

142 4106 190 4165 οιαὶ
204 4107 269 4189 πρὸς
291 4106 335 4166 τὸν
352 4104 411 4177 ἑξῆς
430 4112 476 4167 τοῦ
496 4107 603 4168 σταδίου
624 4115 678 4169 τῶν
692 4110 774 4190 ἁγίων
790 4111 918 4184 νηστειῶν
972 4121 1079 4168 sanctos
1088 4108 1182 4183 efficit,
1195 4123 1275 4188 atque
1288 4108 1325 4167 ad
1338 4110 1474 4188 reliquum
1487 4110 1570 4172 stadii
1583 4126 1690 4174 sancto·

143 4187 159 4244 δ
183 4185 240 4264 ’μον
264 4185 449 4265 εὐτονωτέρους
467 4186 512 4245 καὶ
539 4188 728 4270 ἀκμαιατίρονς
755 4188 916 4250 δεικνύουσα.
970 4204 1033 4246 τοττι
1040 4187 1206 4267 je'uniornm
1222 4209 1331 4248 cursum
1343 4191 1490 4271 paratiores
1512 4188 1689 4255 robustiores·

167 4265 265 4346 ήμερον
284 4271 420 4346 τοιγαροῦν
436 4267 648 4348 προσκυνήσιμος
664 4269 752 4349 ἡγιέρα
771 4267 916 4346 τοῦτιμίου
970 4287 1047 4344 quer
1080 4265 1131 4327 dit.
1141 4267 1214 4343 Quia
1228 4267 1313 4348 igitur
1325 4267 1474 4330 hodiernus
1486 4270 1544 4330 dios
1565 4271 1688 4353 pretiose
1712 4274 1767 4321 Μ·
1784 4272 1839 4321 ⁸⁸⁰·

142 4352 255 4424 σταυροῦ
275 4346 439 4419 καθέστηκε,
453 4345 499 4405 καὶ
513 4347 604 4417 δεῦτε,
626 4336 649 4407 ὦ
671 4348 757 4429 φίλοι,
771 4347 805 4429 φό
870 4347 917 4407 καί
970 4347 1058 4406 crucis
1079 4346 1231 4407 adorationi
1255 4347 1414 4407 constitutus
1431 4363 1487 4425 est,
1508 4349 1564 4410 hnc
1584 4350 1684 4431 adeste,
1696 4338 1840 4412 metantem·

141 4425 215 4506 πόθῳ
243 4430 334 4484 τοῦτον
358 4423 611 4506 ι’ττεριιιτυξοίμεθα
634 4429 692 4497 Τῆς
712 4426 762 4507 γὰρ
849 4450 916 4497 eaor<
970 4426 1253 4496 rarissimi‚eamcum
1268 4441 1341 4486 metu
1356 4441 1437 4506 atque
1446 4428 1579 4491 desiderio
1588 4432 1685 4513 ample·
1695 4411 1838 4508 {luffm'

141 4501 258 4585 Χριστοῦ
272 4504 320 4573 τὰς
336 4504 418 4582 αὐγὰς
431 4504 603 4584 enudetur,
623 4507 723 4573 πάντας
740 4530 797 4587 qur
823 4532 846 4567 ει
868 4507 914 4566 καί
969 4519 1081 4566 ctamur.
1092 4506 1307 4567 Resurrectionis
1320 4507 1392 4567 enim
1404 4508 1505 4568 Christi
1516 4510 1686 4591 splendorem

141 4582 243 4659 ἁγιάζει
256 4592 313 4651 ταῖς
326 4586 405 4643 αὐτοῦ
427 4584 536 4664 χάρισι·
557 4586 598 4645 διὸ
620 4592 710 4646 τοῦτον
731 4586 913 4665 ἀσπασώμεθα
922 4614 959 4658 ⁸20
968 4586 1099 4661 emittens,
1112 4586 1269 4646 muneribus
1282 4586 1340 4646 suis
1351 4609 1441 4647 omnes
1452 4588 1571 4649 illustrat
1584 4604 1611 4650 et
1624 4612 1685 4652 san·

141 4662 259 4741 ψοχικῦς
282 4662 465 4741 ἀγαλλόμενοι.
489 4663 610 4744 Σήμερον
625 4664 698 4745 χαρὰ
710 4664 810 4746 γίνεται
824 4669 852 4725 ἐν
871 4669 914 4725 οὐ·
931 4678 951 4723 Α
968 4666 1082 4726 ctifirat:
1092 4666 1153 4726 ideo
1162 4688 1221 4726 earn
1231 4688 1264 4726 ex
1276 4667 1367 4725 animo
1378 4666 1684 4747 gaudentessalutemus.
1715 4720 1718 4725 .

141 4744 225 4821 ρανῷ,
237 4741 282 4800 καὶ
297 4743 418 4903 &apg-'c’
432 4742 498 4804 ὅτιὸ
513 4749 559 4804 τοῦ
574 4746 691 4825 Χριστοῦ
708 4745 855 4849 ραεσρόρος
867 4745 913 4804 καί
967 4743 1055 4805 Hodie
1077 4745 1133 4804 caeli
1155 4760 1236 4824 atque
1255 4761 1333 4806 terrae
1353 4747 1446 4806 incolae
1465 4748 1566 4825 ingenti
1589 4748 1685 4810 letitia

140 4820 263 4888 ζωοποιὸς
277 4844 344 4881 orsu
400 4823 542 4904 τῷκόσρῳ
556 4823 742 4905 ἐμφανίζεται,
756 4826 782 4885 δι
807 4817 912 4886 oble(-
967 4824 1202 4904 afficiuntur,quia
1212 4825 1301 4886 lucem
1310 4826 1573 4907 afferensvitalisque
1582 4828 1683 4889 Christi

169 5035 181 5060 a
199 5019 279 5068 Notat
289 5017 418 5069 Perionlos
428 5015 454 5068 in
472 5020 584 5086 margine
599 5027 622 5074 ῖν
639 5024 746 5089 toleratu
766 5034 812 5076 τῶν
829 5030 897 5087 αἠῖοιν
921 5024 996 5079 2030.
1007 5033 1033 5072 et
1044 5022 1119 5073 2032.

140 5104 237 5160 ιιόόζων,
249 5096 306 5162 quia
325 5097 351 5145 in
366 5094 477 5162 quodam
489 5096 625 5164 exemplari
637 5099 674 5150 sic
692 5099 830 5168 legebatur.
846 5100 897 5152 Sed
958 5103 969 5138 ¹»
987 5101 1066 5150 Notat
1078 5101 1103 5148 in
1120 5097 1232 5161 murgiue
1245 5098 1352 5151 Savilius
1364 5106 1680 5173 mprmfopaoa‚q1m12.

143 5193 160 5228 n
180 5174 250 5226 nollo
270 5173 393 5225 Coilicurn
413 5186 557 5227 nostrorum
576 5179 610 5226 ito
630 5177 897 5243 legitur.Coutulimus
923 5182 975 5230 ctio
997 5179 1074 5244 magis
1095 5175 1198 5229 arridet.
1221 5177 1291 5231 Editi
1311 5188 1515 5252 προσπτυξώμιθσ.
1538 5183 1595 5236 llos
1617 5204 1680 5241 unus

140 5267 219 5306 antem
243 5252 309 5304 hanc
330 5253 460 5313 homiliam
485 5273 543 5305 cum
565 5253 703 5310 Codicibus
720 5259 804 5328 Regiis
823 5261 896 5325 tutu,
923 5258 1172 5325 Ιιοίιοῖεαῖὰγλαῖζιι.
1798 5249 1802 5256 ’
