3810 6000
250 409 321 508 276
566 428 596 476 s.
623 427 763 476 ioannis
788 423 970 473 canrsosr.
1000 422 1156 472 asennaa.
1185 423 1455 474 consranmnor.

248 559 301 620 nisi
310 556 413 618 adesset
424 555 481 615 vita
494 566 575 614 tanta
588 552 681 633 gratiae
693 571 817 627 oonsona,
832 570 868 610 ex
880 547 968 610 veteri
1021 547 1106 624 οὐδὲν,
1130 547 1162 609 δν
1178 547 1222 627 pi,
1245 548 1366 608 πολιτεία
1388 553 1476 630 προσῇ
1501 556 1682 633 συμρωνοῦσα
1702 554 1735 632 τῇ
1753 572 1796 612 τα·

248 651 362 711 historia
377 649 449 730 ipsos
462 644 560 706 erudit.
1021 639 1104 721 σαόιῃ
1119 639 1225 722 χάριτι,
1240 641 1271 699 ἐκ
1286 643 1402 708 παλαιᾶς
1421 639 1515 711 ottob<
1527 641 1648 703 παιδεύει
1671 641 1794 724 templus

289 746 320 802 θ.
343 745 377 800 At
391 739 443 799 hoo
463 739 555 821 ipsum
574 736 672 796 multas
685 733 874 816 complectitur
894 753 969 812 quae·
1060 732 1139 792 ’ant
1163 733 1299 793 καὶτοῦτο
1318 733 1383 794 αότδ
1402 733 1483 793 πάλιν
1498 735 1601 807 πολλῆς
1619 733 1698 816 γόμει
1715 733 1791 808 ζησό-

248 835 358 896 stiones.
371 832 427 892 cur
437 851 491 890 non
506 851 540 889 ex
553 827 645 888 verbis
667 827 769 886 Christi
787 827 816 885 in
830 824 969 907 evangelio
1021 847 1095 892 σεως.
1107 823 1185 893 Τίνος
1196 823 1283 884 ἕνεκεν
1298 827 1346 885 οὐκ
1359 824 1475 887 άπδτῶν
1484 829 1532 884 τοῦ
1540 827 1660 909 Χριστοῦ
1672 826 1790 908 ῥημάτιον

246 925 344 1009 positis
363 943 424 983 eum
448 922 515 1003 ipsis
536 920 676 1001 disputet?
691 940 741 979 eur
754 939 807 978 non
821 917 970 998 gehennam
1021 917 1109 985 αὐτοῖς
1123 915 1273 995 διαλέγεται
1295 920 1347 975 τῶν
1368 920 1396 977 ἐν
1411 917 1556 998 εὐαγγελίῳ
1570 916 1713 998 κειμίνων,
1735 916 1785 979 oid

247 1029 387 1091 memoret,
400 1034 454 1073 non
464 1012 587 1072 tenebras
602 1010 758 1088 exteriores,
772 1031 825 1069 non
849 1030 969 1087 nenena7
986 1025 1006 1075 n
1021 1005 1127 1086 γεέννης
1138 1006 1232 1076 αὐτοὺς
1241 1008 1454 1085 ἀναμιμνήσκει,
1470 1008 1517 1069 καί
1530 1009 1642 1077 σκότους
1655 1007 1781 1090 ἰξοτίροσ,

247 1125 307 1170 tum
321 1127 452 1181 vermem,
467 1125 519 1164 non
535 1104 643 1165 vincula
655 1117 796 1186 perpetua,
812 1124 865 1163 non
879 1104 968 1184 ignem
1022 1096 1068 1157 καί
1085 1096 1222 1170 σκώληκος
1241 1098 1360 1174 ίοόόλοο,
1381 1100 1425 1159 καλ
1448 1101 1552 1178 δεσμῶν
1575 1099 1724 1174 ἀθανάταν,
1743 1098 1780 1159 καί

246 1214 372 1282 paratum
388 1198 497 1259 diabolo
509 1210 536 1256 et
554 1196 657 1277 angelis
676 1197 745 1276 ejus,
756 1216 808 1255 non
827 1194 970 1257 stridorem
1022 1187 1104 1270 πυρὸς
1113 1192 1159 1247 τοῦ
1174 1190 1371 1269 ἡτοιμασμένον
1389 1194 1427 1272 τῷ
1448 1191 1566 1274 διαθόλιρ
1581 1190 1628 1250 καὶ
1646 1198 1699 1257 τοῖς
1714 1189 1777 1271 ini·

246 1291 379 1368 dentium,
390 1305 417 1350 et
426 1290 480 1351 alia
491 1286 679 1349 inenarrabilia
690 1287 847 1369 supplicia?
856 1287 886 1347 si
898 1289 970 1349 enim
1022 1280 1078 1346 λθῑῖ
1091 1283 1182 1353 atem,
1205 1280 1251 1340 ml
1270 1289 1316 1342 1⁰³3
1331 1286 1449 1363 βρυγμθῦ
1463 1285 1516 1341 τῶν
1537 1281 1669 1354 blitum,
1683 1282 1725 1341 καί
1735 1283 1776 1341 siit
1801 1298 1808 1345 '.

247 1398 347 1443 terrere
361 1383 459 1460 voluit,
475 1404 490 1441 a
505 1378 676 1462 gravioribus
687 1377 877 1439 idiaeiendum
888 1401 971 1462 opor·
1022 1370 1108 1431 ων*
1130 1374 1184 1430 τῶν
1202 1373 1359 1454 &militm
1382 1374 1532 1449 ⁸0h4⁰2fflt3
1552 1376 1587 1434 El
1607 1373 1660 1454 tl?
1678 1375 1775 1455 afim
1800 1378 1808 1447 ἶ

248 1476 309 1552 tuit,
324 1497 377 1535 non
396 1490 486 1536 autem
504 1475 539 1533 ab
553 1472 599 1549 iis,
615 1493 674 1550 quae
688 1471 716 1531 in
733 1470 838 1532 deserto
851 1474 971 1554 eontige-
1022 1462 1158 1538 ίὸθῦδῑτθν
1168 1464 1221 1524 ἀπὸ
1231 1469 1284 1524 τῶν
1300 1465 1425 1544 μῑῑζὸνων
1446 1471 1525 1526 wilto
1542 1470 1655 1538 ποθῆσαι
1667 1468 1775 1540 llus&
1794 1478 1808 1563 ’ζ

248 1581 319 1626 nunt.
335 1567 380 1626 illi
393 1567 476 1645 enim,
494 1563 599 1625 etiamsi
613 1562 686 1645 plexi
702 1563 766 1641 sint,
787 1579 815 1624 at
826 1565 970 1626 mitioreet
1023 1556 1076 1616 ἀπὸ
1088 1561 1142 1615 τῶν
1160 1559 1186 1615 ἰν
1200 1562 1233 1637 τῇ
1248 1557 1349 1641 ἐρήμῳ.
1365 1557 1479 1619 Ἐκεῖνοι
1501 1558 1549 1638 μίν
1562 1558 1630 1642 γάρ,
1643 1559 1719 1619 siaul
1729 1560 1776 1619 ίκι·
1803 1626 1807 1645 7

248 1673 416 1740 temporanea
427 1679 515 1740 poena,
530 1670 611 1734 atque
624 1675 677 1713 urna
685 1668 792 1714 tantum
802 1655 847 1716 die
853 1681 862 1734 ς
876 1656 906 1716 hi
916 1679 968 1717 au·
1021 1647 1174 1722 λάσθησανν
1188 1651 1248 1709 ἄλλ’
1267 1649 1435 1730 binatim*
1453 1649 1499 1710 καί
1515 1651 1697 1732 πΡΟΜίρωίν
1707 1651 1775 1713 “lb
1799 1700 1808 1761 ρ

248 1766 303 1812 tem
316 1751 463 1811 immortali
482 1771 514 1810 ae
536 1746 654 1829 graviori
678 1760 740 1806 sunt
761 1749 896 1831 supplicio
913 1750 971 1831 ple·
1023 1739 1110 1821 ’iniat
1125 1749 1175 1820 μῑᾷ
1188 1763 1194 1776 ·
1209 1730 1281 1800 οὗτοι
1296 1741 1323 1801 δὲ
1338 1743 1458 1802 tilium
1479 1741 1606 1820 amm*
1623 1747 1777 1824 τῑμθθῑῖθθῦ
1798 1756 1808 1817 ’.·

181 1864 186 1873 ’
248 1843 347 1904 otendi.
362 1845 419 1904 Cur
438 1864 501 1924 orgo
518 1841 579 1902 illos
593 1860 647 1899 non
658 1859 693 1897 ex
706 1838 780 1899 hisee
796 1842 904 1920 terruit,
922 1862 968 1902 ne·
1022 1832 1067 1891 ml
1089 1830 1273 1913 χαλεπώτερα·
1296 1836 1322 1894 Τ
1324 1833 1375 1903 ίνῡς
1399 1825 1444 1894 οὗ*
1469 1833 1558 1894 itm*
1581 1837 1680 1895 ἐκεῖθεν
1701 1832 1777 1903 &tlt
1803 1836 1808 1908 ff

247 1956 299 2014 quo
314 1935 415 1996 Christi
428 1935 501 1994 dieta
521 1930 879 1994 commemoravittpoterat
895 1933 969 1993 enim
1021 1922 1165 2003 ἕθόὅησῑνν
1187 1924 1244 1984 Οὖδθ
1267 1924 1401 2004 &dmm
1425 1930 1479 1985 τῶν
1503 1930 1550 1986 '⁶05
1574 1928 1691 2008 Χθῑπθῧ
1705 1926 1780 2007 ίθθθῖ
1806 1996 1808 2009 ,

247 2022 303 2082 illis
316 2022 414 2098 dicere,
427 2022 496 2083 Nolo
509 2042 558 2083 vos
573 2021 706 2100 ignorare,
723 2019 829 2098 fratres,
845 2042 912 2098 quas
929 2022 969 2081 le·
1020 2038 1090 2090 τίθη
1105 2015 1159 2075 Καί
1182 2015 1233 2098 γὰρ
1247 2016 1362 2088 ἠδύνατο
1374 2018 1461 2097 λέγειν
1474 2017 1541 2100 πρὸς
1561 2017 1654 2087 αὐτούς
1664 2042 1672 2056 ·
1684 2022 1712 2080 ὠ
1725 2016 1779 2078 ⁰⁰¹

248 2132 294 2192 ges
306 2112 431 2172 Christus
441 2111 563 2193 posuerit
569 2110 614 2184 iis,
624 2108 672 2186 qui
680 2125 743 2167 cum
751 2106 834 2168 fidem
843 2108 968 2185 habeant,
983 2123 1003 2170 n
1022 2106 1050 2166 δὲ
1061 2110 1130 2186 ὑμᾶς
1144 2111 1262 2186 ἀγνοεῖν,
1277 2109 1394 2190 ἀδελφοί,
1406 2109 1477 2179 tione
1489 2116 1504 2170 ὁ
1524 2112 1641 2194 Χριστὸς
1660 2111 1735 2183 ίθηια
1747 2108 1779 2172 τό
1804 2176 1808 2193 Ι

247 2205 333 2264 vitam
345 2218 434 2266 umen
447 2202 578 2285 optimam
588 2224 642 2263 non
656 2203 793 2264 exhibent
807 2199 912 2260 Etenim
925 2222 970 2262 eos
1023 2221 1088 2278 μους
1107 2198 1169 2279 περί
1181 2203 1235 2258 τῶν
1254 2201 1345 2260 πίστιν
1361 2203 1408 2280 μίν
1429 2203 1559 2283 ἐχόντων,
1573 2203 1630 2283 βίον
1645 2203 1673 2265 a
1690 2204 1781 2285 ἄριστα
1805 2208 1808 2283 ζ

248 2296 340 2372 etiam,
350 2296 397 2376 qui
406 2295 537 2355 miracula
548 2295 692 2377 patrabant
703 2309 730 2356 et
738 2292 887 2375 prophetia
897 2293 968 2354 dono
1022 2293 1070 2350 οὐκ
1089 2291 1321 2370 ἐπιδεικνυμίνων.
1340 2293 1395 2353 Καὶ
1415 2293 1467 2375 γάρ
1491 2294 1616 2372 θαύματα
1637 2296 1782 2368 ποιήσαντες
1803 2302 1808 2365 J

249 2388 398 2468 fulgebant,
424 2388 567 2448 exdusita
587 2409 668 2469 regno
691 2387 831 2461 oaelorum,
854 2384 968 2446 dicens:
1023 2382 1190 2465 ἀνθρώπους,
1205 2385 1251 2444 καί
1265 2384 1429 2466 προφητείαν
1449 2387 1679 2466 ίπῑδεῑκννμὶννντ
1692 2386 1784 2473 illiti(
1804 2374 1808 2417 s

250 2481 342 2539 Multi
354 2481 453 2540 dicent
466 2481 540 2538 mibi
552 2484 585 2539 in
599 2482 647 2539 die
669 2480 738 2556 itte,
754 2481 891 2552 Domine,
907 2481 970 2538 Do·
1021 2480 1070 2548 tiit
1081 2475 1217 2553 βασιλείας
1226 2480 1279 2535 τῶν
1293 2479 1421 2560 οὐρανῶν,
1431 2476 1515 2557 λέγων
1527 2502 1533 2516 ·
1544 2479 1647 2540 Πολλοί
1657 2477 1781 2562 ίρῶοίμ
1804 2530 1808 2549 ,

133 2600 140 2613 ·
186 2599 193 2612 ·
251 2576 340 2649 mine,
353 2593 450 2630 nonne
471 2575 504 2630 in
524 2575 642 2644 nomine
656 2585 705 2631 tuo
718 2573 865 2630 daemonia
882 2574 970 2653 ejeci·
1022 2567 1781 2653 ἐνέκείνριῇθ]ίθθ’θθ.ίιῙ(”Ῥίῑ’Κθθῑθιοθτῖθσθ’ίίθίκιι
1806 2648 1808 2669 ,

251 2684 325 2740 mus,
338 2677 367 2723 et
376 2668 408 2722 in
422 2668 539 2724 nornine
551 2678 601 2724 tuo
608 2667 855 2746 prophetavimus,
867 2677 895 2723 et
909 2668 971 2723 oir·
1021 2660 1146 2738 δαιμόνια
1159 2659 1333 2739 ίξεόάλομεν,
1348 2660 1394 2720 καῖ
1406 2666 1446 2743 τῷ
1457 2667 1497 2744 σῷ
1512 2663 1625 2742 ὀνόματι
1637 2658 1783 2747 προτρηταί·Ι
1804 2680 1808 2743 ,·

252 2769 327 2816 tutes
341 2757 450 2815 multas
461 2758 655 2836 [σοιίιιιεεθΕε
666 2770 736 2816 tune
747 2757 908 2836 confitebor
916 2761 968 2829 eis,
1022 2777 1120 2830 σαμεν,
1140 2754 1187 2813 καλ
1203 2753 1326 2832 δυνάμεις
1349 2755 1449 2823 πολλὰς
1469 2757 1652 2836 ἰποιήσαμενς
1674 2755 1784 2819 tarta
1805 2760 1808 2773 “

252 2849 387 2907 Recedite
401 2869 421 2907 a
433 2870 489 2920 me,
505 2871 561 2906 non
576 2852 644 2906 novi
662 2868 727 2921 vos,
743 2853 796 2928 qui
809 2851 973 2928 operamini
1023 2847 1181 2925 ὁμολογήσω
1194 2848 1299 2921 αὐτοῖς,
1313 2847 1429 2927 ὑπάγετε
1441 2851 1488 2909 ἀπ’
1499 2852 1574 2928 ἐμοῦ,
1588 2853 1638 2911 οὐκ
1649 2841 1707 2911 οἶδα
1717 2844 1786 2933 θμΙςῖ

100 2963 188 3010 ως,
202 2963 241 3009 25,
252 2942 448 3019 iniquitatem.
462 2939 499 2999 Et
512 2938 631 3017 virgines
643 2959 751 3018 quoque
761 2959 815 2998 non
829 2937 864 2998 de
878 2938 933 2998 side
945 2952 972 2999 et
1023 2941 1048 2998 ol
1062 2936 1231 3020 ἐργαζόμενοι
1250 2938 1299 3013 ris
1318 2939 1443 3018 ἀνομίαν.
1466 2941 1521 3001 Καὶ
1541 2940 1590 3010 τὰς
1608 2936 1780 3026 παρθίνωςδθ
1806 3006 1808 3012 ,

102 3037 216 3075 ¹⁰···¹²·
253 3029 425 3111 dogmatibus
450 3051 576 3110 arguens,
590 3029 637 3089 sed
659 3029 694 3090 de
715 3053 843 3111 perversa
864 3031 931 3109 sita,
946 3031 1075 3130 etmoig
1089 3030 1280 3111 θπὲρπίστεως
1296 3035 1415 3112 ἐγκαλῶν
1430 3031 1475 3092 καλ
1489 3034 1645 3113 δογμάτων,
1660 3030 1783 3114 ἀλλ’ίὴ

253 3122 448 3182 inhumanitate
464 3136 491 3182 et
514 3121 683 3199 erudelitate,
698 3121 813 3182 exclusit
825 3144 840 3182 e
853 3123 973 3184 thalamo
988 3147 1009 3193 Α
1027 3121 1084 3200 βίου
1097 3122 1288 3210 διεφθαρμένου
1309 3123 1355 3183 καλ
1376 3125 1568 3205 ἀπανθρωπίας
1586 3127 1633 3186 καλ
1649 3126 1786 3206 ὠμότητας

99 3241 189 3286 mm„
203 3253 242 3286 ῃ,
254 3213 369 3296 nuptiali
375 3238 384 3291 ρ
398 3214 478 3273 ilium
499 3235 564 3273 vero
583 3213 631 3291 qui
654 3213 771 3274 sordidis
792 3212 905 3276 indutus
917 3229 974 3276 erat
1026 3213 1167 3274 ἀπέκλεισε
1179 3220 1225 3275 τοῦ
1241 3221 1377 3296 νυμρῶνος
1388 3241 1394 3253 ·
1407 3218 1452 3276 καὶ
1468 3218 1512 3277 τὸν
1533 3218 1568 3278 τά
1583 3219 1783 3302 ρυπαρδένθτθι·

103 3303 211 3350 ¹¹·-¹³·
253 3303 383 3381 vestibus,
393 3303 454 3363 ideo
462 3302 585 3364 vinctum
596 3301 674 3383 ejecit
682 3325 688 3358 ε
696 3323 750 3361 non
760 3301 834 3380 qnod
844 3301 974 3382 dogmata
1026 3307 1102 3385 μένον
1114 3308 1210 3385 ἱμάτια
1219 3307 1263 3368 διά
1272 3317 1349 3369 τοῦτο
1361 3309 1496 3389 δεδεμένον
1507 3310 1641 3387 ἕξέόαλεν,
1650 3314 1698 3373 οὐκ
1706 3307 1782 3384 tmen

253 3409 324 3456 reeta
338 3417 392 3455 non
411 3407 521 3472 teneret,
534 3393 581 3453 sed
595 3392 670 3472 qnod
689 3394 775 3454 vitam
796 3393 934 3453 sordidam
947 3407 974 3454 et
1026 3398 1145 3478 δόγματα
1169 3403 1216 3459 οὐκ
1236 3392 1307 3481 εἶχεν
1322 3401 1403 3483 όρθδ,
1418 3403 1477 3462 ἀλλ’
1492 3402 1585 3476 ἐπειδὴ
1609 3404 1665 3483 βίον
1686 3401 1783 3487 ρυκσρὶ

100 3511 187 3556 naun,
202 3511 241 3558 25,
253 3488 388 3570 impuram
400 3486 496 3568 egisset
507 3509 516 3563 ς
527 3485 590 3545 illos
610 3486 686 3556 item,
700 3506 768 3564 quos
781 3485 881 3545 abduci
892 3485 974 3567 jussit
1026 3489 1070 3548 καί
1091 3490 1239 3572 ἀκάθαρτον
1253 3515 1259 3529 ·
1275 3493 1321 3551 καί
1341 3495 1386 3562 οθς
1405 3492 1541 3555 ἐκέλευσεν
1560 3499 1599 3563 είς
1621 3496 1652 3557 τὸ
1668 3501 1720 3575 πῦρ
1731 3494 1798 3555 tf

100 3575 142 3632 l¹·
252 3580 388 3661 inignem
408 3591 535 3660 paratum
557 3576 666 3637 diabolo
680 3577 822 3657 etangelis
838 3577 907 3659 ejus,
920 3599 972 3639 non
1025 3586 1150 3661 νεχθῆναι
1168 3583 1198 3641 τὸ
1219 3584 1414 3662 ἡτοιμασμένον
1428 3590 1467 3666 τῷ
1487 3588 1605 3669 διαόόλιμ
1625 3588 1790 3668 xolsoielr'

252 3684 391 3752 propterea
402 3671 449 3730 illo
461 3670 545 3746 misit,
559 3668 663 3748 quoda
677 3668 732 3729 fide
744 3669 918 3750 excidissent,
926 3670 974 3731 sed
1026 3673 1112 3752 γελοις
1123 3678 1217 3750 αὐτοῦ,
1232 3679 1260 3735 οὐ
1275 3675 1318 3736 διὰ
1332 3684 1408 3739 τοῦτο
1425 3679 1543 3762 ἔπεμψεν
1562 3684 1634 3752 ἐκεῖ,
1648 3679 1735 3754 ἐπειδὴ
1744 3682 1790 3752 τῖς-

251 3763 326 3841 quod
355 3763 458 3822 nullius
490 3783 619 3840 umquam
650 3761 752 3822 miserti
785 3776 881 3823 essent.
908 3763 973 3824 Haeo
1026 3764 1140 3835 πίστεως
1159 3758 1228 3839 ἦσαν
1246 3770 1460 3847 ἐκπεπτωκότες,
1482 3774 1542 3831 ἀλλ’
1563 3772 1657 3845 ἐπειδὴ
1678 3771 1785 3834 eddim

252 3854 342 3914 omnia
360 3868 386 3913 et
410 3853 511 3913 similia
525 3875 734 3914 oommemorare
757 3869 871 3935 poterat,
884 3876 916 3914 ae
928 3854 974 3915 di·
1027 3858 1119 3919 οὐδένα
1137 3861 1264 3933 ἠλέησαν.
1287 3861 1396 3922 Τούτων
1415 3863 1522 3924 πάντων
1540 3864 1587 3925 καλ
1606 3870 1659 3926 τῶν
1676 3864 1784 3926 motus

255 3965 323 4021 cere,
337 3945 408 4005 Nolo
422 3966 470 4004 vos
486 3944 619 4023 ignorare,
636 3946 742 4020 iratres,
754 3945 803 4004 hos
817 3968 909 4005 omnes
920 3946 973 4006 ba-
1030 3950 1123 4020 αὐτοὺς
1140 3956 1293 4030 ἀναμνῆσαι
1306 3954 1432 4029 ἠδύνατο,
1451 3955 1496 4016 καὶ
1517 3959 1665 4018 alnetum&
1685 3951 1785 4018 θάλωΙ

252 4036 382 4118 ptismum
396 4058 451 4096 esse
465 4049 640 4114 consequutos
658 4051 684 4095 et
697 4037 887 4117 mysteriorum
906 4059 971 4118 par·
1027 4048 1096 4122 ὑμᾶς
1111 4049 1227 4125 ἀγνοεῖν,
1242 4047 1364 4127 ἀδελφοί,
1379 4048 1420 4107 ότι
1434 4040 1505 4109 οὗτοι
1519 4049 1618 4118 πάντες
1639 4050 1687 4110 καί
1705 4046 1784 4130 βαπτί-

252 4129 347 4211 tieipes
359 4129 477 4205 esseotos,
489 4128 603 4187 multam
618 4128 776 4188 exhibuisse
787 4128 879 4207 iidem,
888 4131 973 4191 scien·
1027 4160 1128 4214 σματος
1158 4137 1268 4218 ἔτυχον,
1291 4139 1336 4197 καὶ
1360 4141 1510 4222 μυστηρίων
1534 4141 1725 4217 ἐκτινόντων,
1748 4138 1792 4199 xd-

253 4222 319 4281 tiam
342 4221 469 4282 habuisse
487 4222 644 4303 periectam3
663 4219 710 4280 sed
733 4221 797 4300 quia
811 4223 896 4283 vitam
909 4224 973 4284 fidei
1028 4228 1117 4289 πίστιν
1133 4229 1235 4304 πολλὴν
1249 4230 1431 4305 ἐπεδείξαντο,
1445 4233 1490 4292 καί
1505 4237 1604 4312 γνῶσιν
1624 4226 1696 4316 εἶχον
1714 4237 1784 4316 άπερ·

253 4336 397 4374 consonam
413 4336 466 4374 uon
480 4314 664 4389 instituerunt,
675 4335 691 4373 a
704 4335 786 4394 regno
798 4315 933 4392 exclusos,
948 4330 974 4377 et
992 4339 1010 4385 n
1027 4322 1174 4400 τισμίνην·
1190 4325 1248 4382 ἀλλ’
1273 4324 1364 4396 ἐπειδὴ
1385 4325 1442 4403 βίον
1464 4330 1494 4385 ob
1512 4326 1695 4409 παρίσχοντῇ
1712 4326 1785 4388 πίστι

253 4406 310 4486 igni
323 4407 435 4467 traditos
450 4406 540 4466 fuisse.
556 4407 610 4465 Cur
622 4426 685 4487 orgo
695 4406 754 4465 haee
767 4428 819 4466 non
832 4407 915 4486 dixit,
926 4408 972 4468 sed
1028 4415 1188 4495 συνᾴδοντα,
1198 4419 1246 4486 τῆς
1261 4418 1397 4494 βασιλείας
1419 4417 1613 4494 ἐξεόλήθησαν,
1626 4421 1674 4480 καί
1688 4413 1785 4502 effingi

253 4499 297 4559 bis
310 4499 398 4559 missis
412 4499 549 4577 omnibus,
565 4498 604 4558 sio
617 4498 746 4578 loquutus
763 4513 802 4559 est
811 4501 903 4559 :Nolo
917 4523 975 4560 ou·
1028 4505 1221 4585 παρεδόθησαν.
1235 4511 1260 4566 T
1263 4508 1314 4577 ίνος
1327 4499 1370 4566 οὗν
1383 4508 1470 4568 ἕνεκεν
1487 4513 1517 4570 οὐ
1535 4517 1619 4572 ταῦτα
1632 4502 1719 4586 εἶπεν,
1729 4504 1785 4571 ant

255 4606 312 4651 tem
323 4614 379 4652 vos
394 4597 539 4672 ignorare,
548 4594 670 4672 fratres,
683 4593 869 4672 quodpatres
881 4607 974 4654 nostre
1028 4605 1114 4658 ταῦτα
1132 4599 1220 4658 πάντα
1245 4600 1333 4680 ripole,
1354 4599 1422 4660 οθιω
1435 4601 1492 4669 πώς
1513 4624 1610 4682 φησιν,
1623 4606 1665 4664 Οὔ
1686 4603 1749 4664 θέλω
1763 4596 1787 4660 Ι

255 4706 354 4744 omnes
366 4689 418 4746 sub
432 4691 509 4745 nube
521 4687 657 4765 suerunt,
670 4699 695 4744 et
708 4707 738 4744 ea
750 4706 971 4766 commemorans,
1028 4694 1098 4766 ὑμᾶς
1112 4695 1227 4770 ἀγνοεῖν,
1243 4693 1364 4773 ἀδελφοί,
1384 4695 1425 4752 ότι
1437 4698 1461 4754 ol
1481 4695 1597 4774 πατέρες
1616 4702 1694 4772 ἡμῶν
1707 4694 1789 4761 πάντας

255 4797 315 4854 quae
336 4776 372 4835 ad
392 4778 515 4858 llioysem
546 4777 715 4856 spectabant,
732 4798 791 4854 quae
810 4781 844 4837 ad
859 4783 974 4859 gratiam
1028 4783 1081 4842 ὑπὸ
1102 4783 1151 4856 τὴν
1179 4785 1289 4864 νεφελην
1316 4777 1399 4860 ἦσαν,
1417 4786 1463 4845 καὶ
1481 4791 1535 4846 τῶν
1557 4789 1695 4858 Μωῦαόως
1713 4784 1792 4855 αὐτὰ

255 4867 422 4946 pertinebant
442 4867 549 4927 tacuit?
562 4870 623 4927 Non
638 4882 736 4928 temere
750 4890 799 4928 nee
817 4871 874 4929 sino
894 4892 974 4932 causa
1029 4874 1257 4954 ἀναμιμνήσκων,
1276 4877 1309 4936 τά
1329 4878 1373 4937 ἐπὶ
1394 4881 1443 4949 τῆς
1463 4878 1573 4959 χάριτος
1592 4880 1661 4948 τέως
1681 4881 1801 4962 oeristet-

254 4959 292 5017 sie
314 4961 370 5038 agit
376 4984 385 5036 ;
408 4960 495 5020 multa
517 4959 617 5040 quippe
641 4960 771 5041 sapientia
791 4962 886 5042 plenus
908 4979 971 5026 erat.
1028 4970 1090 5047 Οὐχ
1102 4969 1207 5040 άπλῶς,
1221 4968 1281 5028 οὐδὲ
1293 4970 1354 5028 ἄνευ
1367 4970 1446 5050 λόγου
1455 4969 1526 5038 τινός
1542 4977 1621 5033 τοῦτο
1634 4983 1725 5034 ποιεῖ·
1739 4972 1797 5033 κτλ·

254 5050 306 5108 Sol
320 5073 379 5128 cur,
396 5066 422 5111 et
435 5065 546 5134 propter
558 5050 645 5130 quid?
657 5053 770 5112 Duabus
782 5052 854 5113 bisce
863 5053 898 5114 de
909 5077 973 5115 cau·
1027 5060 1076 5130 λῆς
1087 5058 1138 5139 γάρ
1160 5059 1252 5140 σορίας
1266 5053 1298 5133 ἦν
1315 5061 1538 5143 πεπληρωμένος..
1547 5062 1628 5125 Ἀλλὰ
1647 5067 1675 5125 τί
1694 5067 1797 5138 δήποτε,

255 5143 305 5218 sis'3
320 5157 350 5202 ut
363 5143 488 5205 videlicet
502 5145 563 5205 illos
578 5158 709 5224 tangeret,
731 5145 866 5224 simulque
882 5162 972 5208 osten·
1028 5152 1073 5210 καὶ
1085 5151 1128 5212 δεδι
1139 5153 1178 5227 τί,
1189 5159 1268 5214 Δυοῖν
1279 5154 1356 5214 ἕνεκα
1368 5153 1467 5215 τούτων
1479 5181 1484 5190 ·
1498 5161 1564 5234 όμοῦ
1575 5182 1604 5217 τε
1617 5163 1706 5220 αὐτῶν
1719 5157 1800 5241 §mli-

254 5235 338 5315 deret,
350 5258 475 5317 magnam
488 5259 544 5297 esse
558 5238 741 5318 cognationem
757 5241 845 5300 Vetus
866 5241 934 5302 inter
947 5256 973 5302 ot
991 5258 1009 5307 c
1029 5269 1104 5323 μενος
1113 5246 1282 5325 καθάψασθαι
1294 5250 1404 5326 μᾶλλον,
1415 5248 1460 5307 xri
1468 5247 1551 5316 δεῖξαι
1560 5253 1609 5323 τῆς
1617 5255 1736 5322 παλαιῶς
1745 5259 1802 5314 Δια·
