3764 5992
249 445 285 493 ΙΝ
311 444 426 511 tumn,
452 445 686 494 DILIGENTIBIIS
710 446 804 493 nitunt
827 446 938 496 ustum
966 449 1065 498 COOP·
1095 452 1129 499 IN
1155 452 1283 501 nonunt.

144 567 345 637 Ιζάανταιτύθον
359 568 455 650 ἔχοντα
474 569 535 651 περὶ
549 569 594 630 τὸν
607 571 677 632 Θεὸν
687 569 760 630 οῦδὲν

144 661 259 733 νήσεταί
268 685 334 722 ποτε
341 667 390 733 τῆς
396 664 462 742 πρὸς
469 662 511 722 τδν
524 660 662 735 Δεσπότην
671 686 760 722 συνου·

144 751 201 833 pdp,
211 756 304 833 θθσθνν
316 754 426 834 tultos
442 754 494 833 ἐγώ
509 757 581 831 εἰμι,
595 755 640 813 καί
650 758 679 814 ού
693 755 761 820 θεὸς
779 757 796 803 Ρ

147 843 198 903 καί
212 844 295 904 πάλιν
316 848 448 926 ἀλλαχοῦ,
468 845 529 906 Ἔτι
549 847 690 915 λαλοῦντός
713 869 759 904 σου

144 936 257 1017 ιάρειμι.
272 935 357 997 Ἔνθα
368 938 420 1018 γδρ
436 929 497 1018 dud
514 936 616 997 διάνοια
625 938 758 1018 νήφουσα,

144 1026 290 1107 λλογισμδς
308 1027 355 1088 καὶ
369 1028 586 1089 ἀπαλλάττεται·
607 1034 643 1100 ὡς
661 1033 759 1106 εἰπεῖν,

144 1142 190 1179 ιω
203 1126 252 1180 τοῦ
264 1119 401 1201 σώματος,
410 1122 457 1182 καλ
470 1123 535 1202 πρὸς
547 1123 592 1183 τδν
601 1123 760 1202 ποθούμενον

159 1212 268 1285 καὶτῆς
283 1218 332 1293 γῆς
346 1217 479 1296 θπερορᾷ,
493 1214 538 1273 καὶ
554 1217 606 1274 τῶν
620 1215 761 1296 δρωμένων

146 1302 275 1381 νάμενος,
287 1305 353 1386 πρὸς
367 1308 464 1365 ἐκεῖνον
475 1305 607 1385 ἐπείγεται
621 1329 628 1344 ·
642 1306 657 1366 θ
671 1305 703 1380 δὴ
715 1308 761 1366 καὶ

144 1394 208 1474 γύων
233 1396 333 1457 τούτων
354 1397 501 1477 γεγένηται.
523 1395 598 1479 Ὅρα
627 1397 681 1480 γάρ
712 1398 761 1472 τὴν

144 1487 321 1567 ιτῶνθμνων
335 1488 475 1568 ἐνέργειαν,
499 1490 545 1548 καὶ
566 1493 638 1558 ὅπως
665 1490 711 1551 καί
732 1494 760 1550 ἐν

1464 434 1529 507 ι85

813 586 937 631 cancrent
960 572 1109 653 quidquam
1124 576 1264 658 impediri.
1281 577 1403 659 Vigilem
1421 582 1493 641 enirn
1503 596 1530 643 et

813 675 954 741 attentum,
963 678 990 723 et
1002 665 1107 726 ardenti
1121 667 1149 726 in
1173 669 1262 728 Deum
1275 690 1367 729 amoro
1374 685 1529 751 correptum

791 787 797 802 .
813 752 882 810 nihil
895 775 1024 833 umquam
1038 758 1135 837 poterit
1147 781 1163 817 a
1178 760 1311 839 colloquio
1334 783 1397 821 curn
1411 762 1529 821 DomIno

813 844 976 922 prohibere:
991 850 1072 908 Deus
1082 849 1163 924 enim,
1178 850 1273 930 inquit,
1291 858 1529 934 appropinquans
1538 873 1622 915 terem.
1642 870 1680 916 23.

813 955 866 1015 ego
879 958 953 1008 sum,
969 952 998 998 et
1012 961 1073 998 non
1090 944 1171 1001 Deus
1181 944 1281 1023 longe;
1305 959 1332 1004 ct
1344 945 1411 1004 alihi
1423 967 1528 1021 rursus,
1539 934 1579 979 ²³·

815 1025 926 1087 Adhuc
940 1029 1077 1109 loquente
1090 1045 1119 1090 te
1127 1034 1236 1107 dicam,
1258 1037 1337 1095 Ecce
1343 1038 1458 1096 adsum.
1474 1037 1529 1097 Ubi
1543 1047 1599 1091 isat.
1641 1040 1680 1088 ⁵8·

814 1116 948 1195 siquidem
957 1120 1075 1201 vigilans
1087 1123 1194 1184 animus
1208 1126 1297 1202 fuerit,
1308 1127 1441 1188 excitator
1448 1129 1528 1205 ratio,
1539 1124 1564 1169 9·

815 1206 850 1265 et‘
857 1212 1054 1292 propemodum
1078 1214 1199 1296 corporis
1208 1215 1327 1276 vinculis
1347 1216 1490 1297 liberetur,
1505 1235 1532 1280 et

815 1300 903 1361 evolat
925 1301 1033 1364 adeum
1046 1328 1126 1385 quem
1137 1305 1239 1387 diligit,
1256 1321 1354 1369 terram
1364 1310 1489 1391 despicit,
1504 1324 1531 1371 et
1592 1332 1632 1375 vis
1643 1332 1685 1393 ty-

815 1408 949 1469 quaesuut
969 1397 1054 1457 oculis
1069 1399 1191 1479 subjecta
1213 1394 1378 1480 exsuperans
1404 1402 1530 1463 adillum
1579 1410 1684 1467 ΨΜ

815 1484 939 1546 festinat:
952 1489 1026 1567 quod
1036 1489 1129 1568 ntique
1142 1491 1241 1551 sanctis
1251 1493 1333 1551 etiam
1341 1492 1401 1552 istis
1408 1494 1530 1575 contigit.
1539 1465 1621 1519 quant·
1629 1465 1667 1499 Μ’

144 1606 161 1660 μ
182 1580 321 1661 γενόμενοι
340 1582 385 1639 καί
405 1585 444 1661 τῷ
458 1580 526 1664 ξύλῳ
540 1583 807 1667 τροσδεδεμένοιηω
817 1577 890 1641 vide
910 1601 1026 1660 namque
1041 1583 1153 1643 celerem
1174 1597 1200 1644 et
1215 1583 1350 1644 efficacem
1364 1583 1531 1665 hymnorum

144 1671 233 1745 σίτων
251 1672 297 1731 καὶ
321 1672 461 1751 ’δεσμίων
482 1674 717 1754 συναναμιγέντες,
731 1679 760 1736 οὐ
779 1689 799 1729 ,ι
816 1670 885 1744 vim,
900 1686 926 1732 et
938 1695 994 1751 quo
1006 1689 1087 1756 pacto
1101 1697 1164 1735 cum
1182 1676 1211 1736 in
1227 1696 1331 1736 carcere
1346 1691 1530 1749 remanentem,

144 1787 161 1823 ν
180 1763 403 1846 reputatam,
420 1765 489 1825 ἀλλά
500 1765 546 1825 καί
564 1765 646 1845 ταύτῃ
660 1769 761 1843 μᾶλλον

144 1901 146 1917 .
172 1856 221 1916 καλ
235 1860 276 1938 τῷ
295 1857 362 1937 φωτὶ
375 1862 424 1929 τῆς
437 1855 534 1925 οἰκείας
548 1860 644 1938 ἀρετῆς
662 1860 762 1931 κατηύ-

144 1970 203 2016 πας
213 1947 311 2016 τοδςτδ
323 1949 500 2029 δεσμωτήριον
512 1952 654 2017 οἰκοῦντας.
667 1950 701 2011 ‘II
710 1951 762 2032 γδιρ

144 2042 226 2125 ἱερῶν
240 2040 330 2118 ύμνοεν
341 2039 445 2101 ἐκείνων
461 2043 496 2108 εἰς
514 2039 561 2113 τλν
576 2038 688 2101 ἑκάστου
709 2047 761 2102 τῶν

145 2133 268 2193 εἰσιοῦσαι
291 2131 393 2213 ψυχὴν,
412 2130 589 2209 μετὲπλαττεν
607 2132 702 2207 αύπλν,
725 2138 761 2201 ὡς

151 2224 369 2303 μετερρύθμιζεν.
385 2222 472 2304 Ἄρνω
486 2220 547 2303 γδιρ,
558 2224 639 2304 φησὶ,
655 2225 761 2303 σεισμὸς

144 2339 207 2395 γας,
225 2314 296 2374 διατι
310 2318 468 2388 σαλευθῆναι
488 2315 522 2375 τά
537 2315 647 2394 θεμέλια
661 2323 706 2377 τοῦ
721 2318 761 2376 δε-

144 2452 155 2481 ,
182 2406 356 2488 ἀνεῴχθησάν
379 2431 408 2466 τε
428 2410 597 2489 παραχρῆμα
626 2413 654 2468 αί
686 2409 762 2489 θύραι

144 2498 183 2559 coi
202 2500 309 2560 νεάνισιν
333 2498 368 2558 cd
382 2499 467 2578 δεσμά
494 2499 584 2572 ἀνέθη.
620 2491 696 2569 Εἶδες
709 2506 761 2561 τῶν

144 2592 209 2656 rel<
232 2592 278 2650 τὸν
292 2590 361 2651 Θεὸν
384 2591 434 2663 τὴν
457 2591 588 2671 δύναμιν,
612 2594 653 2650 ot
684 2592 761 2671 μόνον

144 2681 281 2755 πιλήσεως
305 2680 457 2746 ἀπύλαυσαν
479 2684 504 2742 oi
517 2681 576 2751 τοὺς
589 2682 684 2761 ύμνους
698 2686 762 2744 ἀνα·

815 1775 841 1821 ct
864 1762 968 1844 alligati
981 1765 1057 1846 ligno
1080 1779 1176 1846 esseut,
1200 1781 1281 1847 atque
1296 1767 1489 1848 impostonlrus
1503 1782 1532 1827 et

815 1854 931 1936 captivis
945 1856 1073 1936 admixti,
1092 1879 1146 1918 non
1159 1858 1240 1919 modo
1254 1856 1324 1919 nihil
1333 1858 1407 1939 passi
1416 1858 1472 1918 sint
1484 1859 1532 1919 de·

815 1945 946 2022 trimonti,
957 1948 1003 2009 sed
1016 1963 1043 2009 et
1062 1951 1113 2011 hac
1136 1951 1238 2011 ratione
1247 1950 1446 2032 splendidiores
1464 1972 1532 2011 eva·

816 2038 914 2118 serint,
939 2053 965 2101 et
987 2063 1093 2118 omnes,
1125 2044 1173 2123 qni
1206 2064 1339 2103 carcerem
1372 2043 1533 2119 incolebant,

815 2128 926 2191 virtutis
935 2153 990 2192 suae
1003 2132 1087 2193 radiis
1101 2134 1293 2194 collustrarint.
1311 2134 1422 2215 Quippe
1430 2135 1478 2194 illa
1491 2156 1534 2195 sa·

815 2239 923 2281 crorum
939 2245 995 2285 vox
1006 2225 1173 2306 hymnorum
1185 2247 1248 2285 cnm
1263 2226 1291 2285 in
1305 2227 1425 2286 animam
1435 2226 1534 2286 unius-

815 2313 946 2393 cujusque
965 2316 1133 2397 captivomm
1150 2331 1321 2399 penetrasset,
1343 2319 1535 2380 transmutavit

814 2403 889 2463 illam
904 2407 1151 2488 propemodum,ac
1166 2409 1331 2470 reformavit.
1341 2410 1442 2469 Subito
1452 2410 1534 2486 cuim,
1546 2431 1685 2482 Acerdao.

815 2496 914 2574 inquit,
937 2512 1021 2569 ταντα
1036 2513 1131 2561 motus
1140 2503 1241 2580 factus
1252 2514 1295 2562 est
1304 2523 1439 2583 magnus,
1450 2506 1494 2562 ito
1504 2517 1537 2564 ut

816 2604 1007 2650 mouerentur
1020 2593 1225 2671 fundamenta
1243 2588 1382 2665 carceris,
1394 2607 1423 2653 et
1436 2599 1537 2654 statem

815 2695 919 2760 aperta
941 2696 1010 2742 sunt
1036 2687 1136 2743 omnia
1163 2689 1249 2758 ostio,
1279 2698 1308 2744 et
1335 2689 1537 2745 rtnioersontm

144 2772 207 2835 tut
225 2774 271 2832 καὶ
284 2772 390 2833 πάντων
404 2773 438 2834 τδ
450 2774 537 2852 δεσμὰ
554 2778 665 2847 λυθῆναι
681 2800 764 2857 παρε·
780 2792 797 2837 n
815 2774 939 2833 vincula
960 2776 1058 2834 soluta
1076 2788 1155 2834 sunt.
1177 2775 1262 2837 Vides
1285 2776 1464 2857 hymnorum,
1491 2778 1539 2856 qui

160 2864 208 2925 ἵνα
229 2866 321 2947 δειχθῇ
346 2864 390 2925 διά
411 2870 463 2925 τῶν
482 2867 648 2947 πραγμάτων
663 2872 760 2938 αὐτῶν,

144 2980 151 3025 ς
170 2958 297 3036 ἀγαπῶσι
316 2959 361 3018 τδν
378 2957 447 3019 Θεδν
466 2959 553 3018 πάντα
582 2969 701 3043 συνεργεῖ
726 2964 762 3028 εἰς

144 3047 182 3109 vr
196 3049 250 3128 γὰρ
261 3049 306 3109 καὶ
316 3049 435 3128 πληγαί,
448 3049 493 3109 καὶ
512 3050 703 3130 δεσμωτήριον,
713 3052 759 3111 καί

144 3166 148 3199 ·.
174 3141 244 3220 μετὰ
267 3144 319 3200 τῶν
343 3140 444 3219 δημίων
468 3142 602 3222 διαγωγὴ,
618 3144 664 3202 καὶ
690 3145 762 3222 ἀμυις

144 3236 196 3293 θῶν
210 3233 332 3302 ὑπόθεσις
350 3233 489 3313 γεγένηται
508 3235 554 3295 καί
568 3237 762 3314 εύδοκιμήσεως

144 3328 170 3387 iat
185 3327 275 3394 αύτοῑς
289 3326 377 3405 μόνον,
391 3326 448 3386 οὐδὲ
470 3336 523 3394 τοίς
545 3331 644 3388 οἰκοῦσι
670 3329 700 3389 τδ
719 3332 760 3389 δε·

152 3418 288 3496 δισμίοα,
303 3419 372 3479 ἀλλά
383 3420 515 3500 zolorin}
524 3424 562 3500 τῷ
573 3421 762 3502 δεσμοφύλακι.

144 3509 208 3593 γάρ,
223 3511 303 3591 φησὶ,
327 3511 492 3590 γενύμενοςδ
513 3513 694 3593 δεσμοφύλαξ,
718 3513 763 3573 καί

144 3602 216 3685 λύρας
230 3603 396 3684 ἀνεῳγμένας
409 3607 456 3674 τῆς
471 3606 602 3684 φυλακῆς,
620 3604 763 3681 σπασάμε-

144 3716 209 3775 pm,
232 3693 341 3772 ἔμελλεν
364 3696 455 3754 ἑαυτὸν
485 3700 622 3774 ἀναιρεῖν,
654 3696 764 3775 νομίσας

815 2866 872 2924 Deo
900 2880 1044 2944 canuntur,
1065 2866 1214 2928 virtutem?
1236 2869 1295 2927 Non
1318 2867 1357 2926 illi
1372 2866 1465 2945 modo,
1489 2873 1538 2947 qui

814 2955 972 3016 obtulerunt
997 2958 1124 3040 hymnos,
1137 2956 1265 3019 solatium
1283 2972 1469 3041 perceperunt,
1490 2958 1539 3019 scd

813 3049 895 3108 etiam
911 3050 1110 3124 effeceruncut
1124 3051 1246 3109 omnium
1258 3051 1368 3111 vincula
1391 3050 1431 3110 sol
1443 3072 1538 3111 veren-

815 3152 877 3198 tur:
891 3140 1008 3200 utlactis
1023 3140 1088 3221 ipsis
1098 3140 1341 3221 Innotescerct,quo
1352 3155 1431 3223 pacto
1441 3143 1538 3202 Deum

813 3233 1005 3312 dlligentt'bns
1032 3236 1131 3291 omnia
1157 3247 1346 3313 cooperentur
1372 3238 1404 3293 in
1421 3236 1536 3294 bonum.

816 3322 887 3383 Ecce
895 3345 1010 3402 namque
1022 3322 1145 3398 verbera,
1156 3345 1257 3401 career,
1267 3323 1419 3405 compedes,
1427 3323 1462 3383 ‘et
1475 3345 1538 3383 cum

816 3415 988 3476 carnificibus
1014 3411 1191 3486 conversatio,
1214 3428 1240 3474 et
1270 3429 1358 3475 tamen
1373 3413 1536 3474 haecomnia

815 3510 950 3569 bonorum
959 3508 1070 3569 materia
1083 3509 1192 3566 suerunt
1208 3522 1237 3567 et
1248 3508 1353 3567 occasio
1367 3507 1471 3586 glorie,
1484 3526 1538 3564 non

816 3601 883 3683 ipsis
895 3614 1010 3675 tantum,
1022 3620 1071 3658 nec
1095 3596 1211 3675 illisqui
1236 3618 1369 3656 carcerem
1383 3595 1535 3656 incolebant

815 3692 942 3773 captivis,
959 3690 1005 3751 sod
1015 3706 1041 3750 et
1051 3689 1104 3770 ipsi
1115 3688 1220 3749 custodi
1241 3688 1365 3748 carceris.
1379 3691 1534 3769 Experge-
1547 3695 1582 3739 lb·
1593 3707 1616 3743 v,
1626 3706 1664 3753 25·

144 3808 179 3845 νει
201 3784 263 3852 τοῦς
284 3785 413 3864 δεσμίους.
434 3784 507 3868 Ὅρα
530 3811 575 3865 μοι
593 3790 705 3848 ἐνταῦθα
717 3794 763 3846 τοῦ
808 3787 915 3866 sactus
928 3784 1011 3858 enlm,
1023 3781 1120 3859 lnquit,
1132 3793 1229 3840 custos
1241 3783 1379 3853 carceris,
1395 3781 1536 3839 etoiderts

144 3877 333 3959 νιλσνθροιτίαν
346 3878 434 3938 πάντα
456 3878 760 3958 λόγονὺπερθαίνουσαν.
780 3881 924 3959 fijanuas
946 3887 1066 3956 apertas
1088 3876 1224 3945 carceris,
1255 3876 1411 3952 evaginato
1433 3870 1534 3951 gladio

144 3968 234 4029 ἶναεν
250 3970 319 4030 κατθ
333 3971 364 4031 τδ
382 3971 551 4048 μεσονύκτιον
561 3970 666 4030 ἅπαντα
680 3981 762 4033 ταῦτα

144 4062 237 4129 θδενδς
259 4062 348 4143 ἑτέρου
371 4063 467 4143 χάριν,
491 4065 549 4122 ἀλλ’
570 4063 614 4123 ἵνα
636 4064 762 4144 ἀθύρυύον

144 4152 190 4234 [iq
201 4154 234 4213 τδ
246 4162 358 4232 πρᾶγμα
366 4158 542 4233 οθιονομηθῇ,
554 4156 602 4215 καὶ
617 4155 666 4229 τλν
676 4181 764 4228 σωτη·

144 4243 325 4305 mulonem
347 4252 393 4305 τοῦ
414 4246 619 4326 δεσμοφύλακος.
635 4250 691 4307 Τοῦ
712 4248 763 4328 γὰρ

144 4335 268 4414 ινομένον
291 4337 336 4395 καί
358 4341 410 4396 τῶν
429 4342 514 4419 θυρῶν
529 4342 715 4420 ἀνοιχθεισῶν,
729 4340 764 4399 τθ

144 4429 293 4502 ίηπάντων
311 4433 363 4488 τῶν
379 4429 480 4501 αύτύθι,
501 4431 547 4490 καλ
572 4434 656 4500 οὐδεὶς
676 4435 762 4492 αὐτῶν

158 4521 343 4603 συνεχωρήθη.
366 4519 468 4582 Σκόπει
492 4547 538 4601 μοι
558 4524 604 4583 καὶ
623 4525 706 4598 ἀλλην
721 4529 763 4584 ἐν·

144 4617 159 4673 Ιν’
170 4611 276 4693 σοφίαν.
287 4612 331 4672 Τά
343 4611 391 4691 μὲν
402 4615 454 4694 γὰρ
469 4614 538 4674 ἀλλα
548 4614 636 4674 πάντα
646 4617 761 4695 γέγονεν,

161 4704 250 4783 λίγεε,
269 4704 348 4776 καὶὴ
369 4710 515 4786 τῶνθυρῶν
528 4706 637 4781 ἄνοιξις,
651 4708 694 4768 ἵνα
710 4709 765 4788 μά-

144 4795 275 4876 ΰνῖργιυν
286 4794 419 4870 ἅπαντες,
436 4798 504 4865 τίνες
524 4787 593 4869 ἦσαν
609 4803 633 4858 οἱ
658 4800 717 4860 τότε
735 4802 767 4861 τδ

144 4910 172 4950 ov
184 4891 330 4959 οἰκοῦντες,
342 4889 388 4948 καὶ
408 4889 449 4948 ὅτι
469 4892 518 4969 οὐχ
532 4892 555 4950 οἱ
567 4890 690 4971 τυχόντες
702 4894 766 4953 εἰσὶν

151 4979 239 5041 οὐθενὶ
254 4979 285 5040 δὲ
300 4978 412 5048 ἐξελθεῖν
428 4980 551 5060 ἐγένετο,
565 4981 609 5041 ἵνα
624 4982 661 5061 μὴ
677 4983 769 5043 κινδύ-

144 5234 227 5294 εει...

144 5324 204 5367 tol.
231 5327 284 5365 III.

817 3971 938 4029 volebat
948 3988 979 4028 se
988 3965 1163 4045 interficere,
1184 3965 1454 4046 aestr‘manssugt'sse
1464 3967 1535 4022 utin-

817 4078 888 4125 ctos.
907 4064 951 4121 Tu
978 4059 1047 4119 mihi
1063 4058 1187 4118 hocloco
1201 4058 1251 4117 Dei
1264 4057 1457 4136 benignitatem
1469 4077 1535 4115 con-

818 4156 1003 4231 sidera‚quam
1015 4151 1094 4212 nulla
1107 4150 1260 4230 exprimere
1268 4164 1355 4230 potest
1369 4149 1467 4210 oratio.
1478 4149 1535 4207 Cur
1581 4147 1631 4252 ἓν*
1642 4146 1686 4189 ¹¹¹”0

817 4251 890 4308 enim
913 4244 1003 4305 modia
1027 4257 1105 4303 nocte
1126 4242 1198 4301 fiunt
1215 4241 1273 4300 haec
1294 4240 1404 4300 omnia?
1423 4239 1532 4299 Nullam
1543 4223 1686 4315 ffiffss'f

817 4342 898 4401 aliam
910 4339 945 4397 ob
954 4355 1074 4411 causam,
1099 4333 1151 4392 nisi
1173 4346 1203 4391 ut
1227 4331 1411 4413 provideatur,
1422 4343 1453 4388 ut
1477 4329 1534 4388 sine

817 4432 904 4494 turbis
914 4444 941 4489 et
954 4425 1101 4504 tranquille
1118 4446 1159 4484 res
1175 4424 1310 4496 succedat,
1320 4436 1347 4481 et
1356 4422 1439 4495 saluti
1446 4435 1534 4480 custo·

816 4524 861 4585 dis
871 4519 986 4583 carceris
1005 4515 1169 4577 consulatur.
1188 4515 1258 4574 Cum
1272 4513 1344 4573 enim
1357 4526 1434 4572 terrae
1445 4526 1535 4573 motus

817 4612 968 4685 accidisset,
984 4622 1011 4669 et
1022 4619 1144 4666 reserata
1164 4605 1235 4664 Iorcs
1248 4617 1346 4683 essent,
1356 4602 1478 4663 omnium
1488 4602 1537 4681 qui

818 4719 894 4767 erant
908 4702 947 4763 ibi
971 4701 1059 4761 soluta
1077 4711 1139 4758 sunt
1159 4696 1277 4773 vincula,
1291 4716 1339 4755 nec
1353 4694 1402 4755 ulli
1421 4695 1537 4776 permis·

820 4818 881 4858 sum
898 4807 978 4855 estut
1000 4791 1064 4850 inde
1080 4787 1241 4849 discederet.
1266 4788 1356 4848 Aliam
1369 4808 1478 4867 quoque
1486 4787 1539 4847 Dei

821 4886 981 4970 sapientiam
1002 4883 1049 4942 hic
1068 4880 1257 4962 contemplare.
1277 4883 1348 4941 Nam
1362 4879 1415 4938 alia
1429 4877 1540 4959 quidem

821 4990 978 5055 evenerunt,
1004 4990 1081 5035 terrae
1100 4987 1200 5047 motus,
1227 4971 1349 5051 inquam,
1370 4984 1397 5030 et
1415 4971 1541 5031 reseratio

144 5068 290 5151 ἡγίνςται
305 5075 384 5132 τοῦτο
399 5075 438 5153 τῷ
451 5072 639 5153 δεσμοφύλακι.
664 5077 718 5136 Καὶ
727 5074 770 5137 ὅτι
787 5092 809 5153 ι)ο
820 5076 976 5156 januamm,
1000 5082 1032 5127 ut
1049 5066 1130 5128 rebus
1157 5063 1225 5146 ipsis
1250 5082 1343 5125 ornnes
1364 5060 1544 5143 Intelligerent
