3764 5992
713 506 715 511 -
740 476 919 525 srrsroun.
1526 462 1598 536 665

59 604 159 686 ράσχου
173 604 329 684 συμμαχίαν
345 608 420 682 ἡμῖν,
433 602 477 663 ive
498 625 527 662 σε
547 606 695 683 ὁλοσχερῶς
711 600 827 684 ίίαρπά-
881 601 1014 662 beatiores
1034 623 1091 664 esse
1104 618 1277 680 oensuerunt3
1292 626 1378 685 neque
1400 607 1472 667 enim
1488 621 1545 669 tam
1569 612 1597 669 in

58 720 147 774 σωμεν
170 701 218 769 τῆς
239 704 336 777 πικρᾶς
359 699 411 755 τῶν
425 698 559 773 λογισμῶν
583 691 776 774 αἰχμαλωσίας.
795 695 830 752 El
882 715 973 753 rerum
984 707 1092 773 namra,
1107 716 1189 775 quam
1207 696 1235 756 in
1257 696 1399 758 bominum
1416 701 1598 782 menteaoju·

57 787 111 869 γάρ
122 786 161 865 μὴ
177 787 330 867 βουληθείης
341 786 387 847 καί
402 785 468 858 αὐτὴ
481 784 610 858 τοσαύτην
625 784 742 855 σπουδὴν
753 784 829 856 ποιή·
882 784 954 845 dicio
962 786 1049 867 posita
1062 800 1102 847 est
1116 789 1297 867 tranquillitas
1307 795 1375 864 (non
1386 790 1458 851 enim
1470 791 1545 853 istud
1557 814 1599 861 as·

59 886 172 954 σασδαι,
187 878 250 951 άσην
267 878 400 957 ιιαὶὴρεῖς
410 922 418 950 ,
430 876 504 936 οὐδὲν
520 876 686 957 ημῑνάρελος
698 875 772 936 ἔσται
783 880 830 948 τῆς
883 876 1245 954 sidueinculcaredesinam)
1261 903 1342 942 :rave
1349 881 1471 944 animum
1478 883 1599 965 dejicias,

60 971 186 1051 ἰατρείας.
203 970 256 1031 Καὶ
271 970 297 1029 τί
312 968 474 1048 θαυμαστὸν,
490 971 513 1028 εἰ
532 971 573 1048 ἐφ’
587 973 651 1047 ἡμῖν
669 975 746 1028 τοῦτο
758 992 830 1045 συμ-
882 991 978 1029 verum
989 985 1015 1030 te
1023 971 1111 1031 excita
1127 985 1207 1051 atque
1217 974 1300 1052 erigo,
1310 995 1474 1053 manumque
1483 975 1601 1036 sermoni

60 1063 163 1139 6αίνιι,
176 1062 230 1124 Καί
241 1062 295 1144 γὰρ
305 1067 320 1123 ὁ
330 1062 419 1121 πάντα
436 1060 577 1139 δυνάμενος
597 1061 682 1133 Θεὸς,
698 1058 761 1119 ὅταν
775 1084 830 1119 πα·
884 1075 975 1121 nostro
987 1063 1106 1144 porrige,
1127 1084 1159 1123 ac
1176 1063 1334 1145 preclaram
1349 1066 1419 1126 bane
1429 1066 1508 1128 nobis
1521 1088 1600 1150 opem

61 1159 138 1235 ραινῇ
152 1154 197 1215 καί
212 1152 390 1232 συμύουλεύῃ,
405 1157 420 1212 δ
436 1151 464 1210 δὲ
476 1150 578 1212 ἀκούων
590 1152 627 1230 μὴ
641 1150 766 1225 πείθηται
778 1161 832 1220 τοῖς
884 1153 985 1233 praebe,
997 1167 1027 1212 ut
1040 1166 1066 1214 te
1080 1176 1115 1213 ex
1125 1155 1221 1215 acerba
1239 1155 1431 1236 cogitationum
1443 1160 1601 1240 captivitate

59 1245 227 1326 λεγομένοις,
247 1246 393 1306 ‘oudinum
414 1243 515 1323 γίνεταί
536 1268 564 1303 τι
587 1244 677 1319 πλέον,
695 1242 765 1303 tut
787 1244 833 1304 καί
886 1265 995 1323 prorsus
1007 1246 1189 1306 extrahamus.
1208 1247 1341 1308 Namnisi
1353 1248 1412 1331 ipsa
1424 1263 1599 1312 tantumstu-

61 1336 178 1414 μείζονος
199 1335 274 1394 ἔσται
299 1336 432 1403 κολάσεως
457 1335 558 1417 ἐρόδιον
571 1343 647 1396 τοῦτο
665 1340 705 1416 τῷ
718 1333 756 1413 μὴ
770 1357 832 1393 πει-
884 1331 923 1391 dii
938 1333 1206 1416 adbiberevolueris,
1218 1353 1349 1417 quantum
1363 1360 1413 1403 nos
1423 1340 1599 1420 adhibemus,

60 1429 158 1489 σθένει,
179 1429 233 1488 Καὶ
249 1435 327 1489 τοῦτο
347 1431 435 1500 δηλῶν
451 1435 465 1489 ὁ
480 1430 594 1510 Χριστὸς
614 1429 720 1509 ἔλεγεν·
740 1431 774 1489 Et
795 1427 832 1505 μὴ
850 1443 869 1492 e
886 1425 989 1485 nullam
1015 1428 1093 1488 nohis
1117 1429 1222 1490 errratio
1241 1430 1388 1491 utilitatem
1409 1432 1524 1495 allatura
1549 1449 1599 1495 est.

59 1513 141 1593 ἦλθον
160 1520 205 1580 καί
218 1522 339 1593 ἐλάλησα
359 1524 461 1594 αὐτοῖς,
474 1519 607 1600 ἁμαρτίαν
623 1523 671 1582 οὐκ
690 1512 774 1601 εἶχον·
788 1526 833 1580 νῦν
886 1516 963 1588 Quid
978 1533 1068 1578 autem
1081 1521 1190 1601 mirum,
1206 1522 1229 1582 si
1244 1523 1338 1584 hocin
1353 1525 1432 1587 nobis
1447 1527 1602 1607 contingat?

62 1613 90 1672 δὲ
104 1612 234 1692 πρόφασιν
243 1615 292 1672 οὐκ
303 1612 394 1693 ίχουσι
404 1612 465 1692 περί
474 1616 523 1685 τῆς
534 1613 667 1695 ἁμαρτίας
676 1616 771 1674 αὐτῶν.
782 1611 834 1672 aa
886 1606 957 1665 Nam
980 1609 1070 1682 eliam,
1096 1631 1159 1669 cum
1190 1632 1281 1672 rerum
1304 1613 1425 1690 omnium
1451 1630 1603 1698 prepotens

62 1703 95 1776 δὴ
106 1703 238 1763 τοῦτοκαὶ
248 1704 296 1776 τὴν
307 1702 486 1785 Ἰερουσαλὴμ
497 1708 599 1784 θρηνιῖιν
612 1702 704 1763 τούτου
714 1727 745 1783 γε
755 1705 835 1762 αὐτοῦ
887 1700 961 1758 Deus
984 1699 1090 1778 aliquid
1113 1716 1249 1763 monetae
1270 1703 1375 1783 suadet,
1398 1720 1479 1786 atque
1496 1707 1604 1768 auditor

61 1795 162 1867 ἕνεκεν,
173 1793 274 1874 ἔλεγεν·
289 1793 484 1873 Ἰερουσαλὴμ,
497 1793 675 1875 Ἰερουσαλὴμ
685 1799 703 1867 ἡ
714 1792 835 1854 ἀποκτεί-
887 1790 973 1872 ipsius
994 1793 1084 1853 verbis
1103 1794 1217 1855 minime
1234 1796 1413 1878 obtemperat,
1442 1798 1511 1859 nibil
1526 1799 1605 1859 aliud

61 1909 144 1945 νουσα
166 1883 225 1952 τοὺς
248 1884 399 1966 προφήτας,
420 1884 466 1945 καί
489 1885 662 1946 λιθοβολοῦσα
682 1883 742 1952 τοὺς
771 1887 836 1944 άπε-
888 1881 952 1942 binc
966 1883 1066 1962 evenit,
1080 1907 1166 1963 quam
1176 1887 1250 1964 quod
1263 1885 1293 1945 id
1311 1888 1443 1969 majorem
1461 1889 1605 1973 eipoenam

62 1975 226 2053 σταλμίνους
250 1977 315 2057 πρὸς
340 1976 431 2048 αιίτλν,
455 1976 567 2045 ποσάκις
589 1976 707 2051 ἠθέλησα
724 1978 834 2036 ἐπισυν-
888 1975 1010 2048 acoersit,
1028 1976 1076 2057 qui
1098 1977 1172 2037 dicto
1185 1978 1338 2038 audientem
1351 2000 1405 2041 non
1428 2001 1457 2041 se
1475 1981 1602 2062 praebuit.

63 2077 172 2148 αγαγεῖν
186 2066 220 2128 τά
242 2068 321 2128 τέκνα
341 2070 427 2146 ὑμῶν,
452 2068 498 2128 καὶ
518 2072 566 2128 οὐκ
588 2067 748 2143 ἠθελήσατε,
766 2067 834 2128 Ἰδοὺ
888 2065 970 2137 Quod
982 2066 1064 2127 etiam
1073 2068 1198 2129 Christus
1208 2070 1252 2130 his
1262 2071 1351 2131 verbis
1364 2071 1501 2133 indicabat
1516 2097 1524 2131 ι
1538 2076 1607 2135 rust
1613 2093 1684 2139 toan.
1719 2091 1755 2137 rt.

63 2159 170 2239 ἀφίεται
185 2163 199 2218 δ
211 2148 280 2227 οἶκος
291 2163 366 2238 ὑμῶν
379 2157 484 2243 ἔρημος.
889 2163 1035 2219 venissem
1049 2173 1077 2218 et
1090 2161 1228 2239 loquutus
1239 2163 1364 2242 fuissem
1377 2167 1429 2236 eis,
1452 2177 1606 2246 peecatum
1615 2167 1653 2201 ²²·

889 2271 949 2309 non
973 2251 1115 2310 haberent
1136 2276 1145 2307 .·
1168 2273 1245 2312 nuno
1271 2267 1369 2314 autem
1390 2261 1608 2318 exeusationem

888 2362 949 2400 non
964 2344 1074 2401 habent
1086 2343 1124 2400 de
1134 2357 1256 2422 peccato
1274 2366 1336 2404 suo.
1351 2346 1396 2406 Oh
1409 2366 1520 2427 eamque
1538 2369 1606 2408 cau-

888 2454 947 2492 sam
970 2454 1032 2492 cum
1050 2434 1199 2495 Jerusalem
1212 2436 1265 2495 hoe
1277 2435 1336 2518 ipso
1358 2439 1468 2499 nomine
1490 2439 1605 2520 lugeret,

888 2525 933 2584 his
946 2525 1037 2584 verbis
1059 2525 1185 2586 utebatur
1202 2551 1209 2584 :
1225 2530 1403 2604 Jerusalem,
1425 2533 1605 2611 Jerusalem,
1617 2558 1703 2602 arans,
1716 2558 1755 2604 2³.

890 2637 956 2694 que
964 2618 1073 2676 occidis
1082 2620 1249 2697 prophetas,
1263 2634 1291 2680 et
1306 2623 1422 2702 lapidas
1438 2645 1486 2685 eos
1501 2629 1554 2707 qui
1565 2620 1654 2686 adh·
1663 2619 1702 2666 ³⁸·

893 2720 922 2766 te
935 2711 1016 2767 missi
1027 2721 1105 2781 suut,
1122 2714 1235 2791 quoties
1243 2713 1328 2773 volui
1338 2733 1515 2798 congregare
1518 2716 1606 2798 filios

890 2811 1014 2874 vestros,
1029 2812 1060 2861 et
1070 2801 1228 2864 noluistr's?
1249 2805 1329 2864 Eece
1347 2806 1531 2888 relinquetur
1554 2810 1605 2868 do-

889 2913 953 2953 mus
965 2907 1066 2955 nestra
1081 2898 1206 2956 deserta.

101 2980 200 3056 Ταῦτα
226 2983 270 3056 σύν
292 2994 390 3066 εῖδυῖα,
412 2992 537 3053 δέσποινά
553 3016 603 3072 μου
627 2990 833 3072 θεοφιλεστάτη,
852 3002 872 3048 1)
930 2991 959 3047 a.
973 2987 1037 3048 llaec
1044 2987 1131 3068 igitur
1138 3011 1200 3049 cum
1210 2990 1261 3050 tihi
1272 3006 1410 3074 perspecta
1418 2995 1482 3075 sint,
1495 2997 1604 3059 domim

63 3089 151 3167 κάμνε
166 3088 212 3148 καὶ
224 3086 383 3168 φιλονείκει,
399 3086 444 3145 καὶ
459 3085 548 3164 βιάζου
560 3084 607 3158 τλν
624 3085 677 3144 ἀπδ
690 3089 742 3144 τῶν
763 3087 836 3165 ιίρη-
891 3100 949 3140 moa
963 3079 1174 3160 religiosissima,
1190 3082 1293 3158 labora,
1307 3084 1411 3164 tibique
1422 3087 1480 3147 vim
1493 3087 1604 3167 adhibe,

64 3181 152 3257 μένων
167 3179 263 3259 ἔχουσα
283 3177 452 3258 συμμαχίαν,
467 3176 618 3245 ἐξωθεῖσθαι
632 3176 679 3237 καί
697 3175 837 3237 ίνιύάλλειν
890 3185 970 3251 atque
979 3195 1074 3233 eorum
1094 3196 1183 3253 quaea
1206 3175 1283 3235 nobis
1303 3194 1510 3242 commemorata
1531 3197 1617 3261 suot,

65 3271 135 3348 μετδι
156 3272 257 3342 πολλῆς
275 3273 324 3341 τῆς
346 3267 521 3350 σφοδρότητα
537 3268 597 3336 τοδς
617 3267 838 3348 reprimentem
890 3284 942 3345 ope
951 3286 983 3325 ae
996 3265 1119 3326 subsidio
1132 3268 1248 3344 munita,
1257 3266 1286 3327 in
1298 3268 1327 3328 id
1335 3270 1444 3348 enitere,
1459 3286 1490 3331 ut
1505 3273 1606 3355 cogita-

63 3360 219 3442 λογισμοὺς,
232 3359 278 3420 καί
287 3356 396 3439 θύρυύον
407 3358 453 3418 καί
462 3360 544 3431 ζάλην
556 3363 730 3437 ἐμποιοῦντας
743 3357 838 3419 τοσαύ-
890 3353 977 3415 tiones
991 3377 1108 3435 easque
1122 3359 1290 3439 perturbant,
1304 3382 1336 3419 ac
1346 3374 1433 3421 tantos
1448 3379 1537 3424 motus
1546 3379 1606 3425 tan·

62 3479 123 3526 την.
135 3454 205 3512 Ἀλλ’
216 3451 257 3512 ὅτι
269 3450 316 3530 μίν
328 3451 428 3532 ἐργάσῃ
442 3458 519 3510 τοῦτο
531 3453 577 3511 καί
592 3451 668 3533 ἀνίξη
678 3456 726 3523 τῆς
736 3475 837 3534 eruper-
890 3460 1000 3525 tamque
1013 3461 1196 3529 tempestatem
1212 3449 1293 3527 cient,
1312 3472 1484 3532 magnorum
1502 3455 1606 3537 impetu

61 3544 160 3610 νέσεως
169 3547 217 3614 τῆς
225 3540 374 3619 ἡμετέρας,
389 3541 482 3601 οὐδένα
497 3533 572 3620 οἶμαι
582 3544 635 3601 δεῖν
646 3543 836 3622 άμριύάλλειν·
890 3538 1018 3598 extrudas
1031 3545 1063 3599 a'c
1078 3540 1226 3622 propulses.
1246 3543 1351 3602 Verum
1367 3544 1432 3621 quin
1449 3544 1605 3626 idiaotura,

63 3637 105 3693 δεῖ
116 3633 146 3692 δέ
160 3656 202 3693 σοι
221 3632 417 3692 κατασκευάσαι
435 3632 526 3693 λοιπὸν
543 3631 604 3714 ξίρη
618 3632 664 3692 καὶ
678 3633 777 3711 δόρατα
791 3633 837 3692 καί
892 3629 1056 3708 consilioque
1069 3643 1159 3690 nostro
1169 3631 1290 3711 paritura
1305 3632 1351 3706 sis,
1362 3634 1463 3694 nemini
1473 3636 1605 3697 dubitan-

61 3725 143 3796 το”ςα,
156 3725 202 3785 καί
216 3723 300 3803 βίλη,
316 3725 362 3784 καὶ
375 3723 498 3808 θώρακα,
515 3726 560 3785 καί
571 3724 671 3785 ἀσπίδα
686 3724 730 3783 καί
743 3733 837 3803 κνημῖ-
891 3720 959 3780 dum
970 3742 1026 3780 esse
1036 3721 1164 3781 arbitror.
1177 3725 1240 3783 Jam
1253 3723 1307 3782 tihi
1318 3723 1435 3804 gladios,
1452 3725 1553 3802 hastas,
1563 3750 1607 3789 ar·

63 3820 127 3893 δας,
143 3816 213 3877 ὥστε
226 3826 280 3886 τοῖς
295 3815 343 3894 μὲν
358 3817 532 3900 ρράττεσθαι,
545 3825 599 3884 τοῖς
614 3818 642 3877 δὲ
663 3817 769 3896 βάλλειν
791 3816 837 3876 καί
891 3833 938 3872 cus
960 3825 986 3871 et
1005 3812 1128 3892 sagittas,
1148 3812 1296 3892 thoracem,
1312 3815 1439 3897 clypeum
1454 3818 1606 3904 ettibialia

61 3907 292 3982 testamento,
305 3908 351 3967 καί
364 3907 469 3988 νεαρούς
479 3907 579 3967 τιθέναι
590 3908 648 3977 τοίις
663 3906 784 3976 ίπιάντας
796 3933 838 3970 σοι
891 3925 1077 3985 eomparemus
1096 3917 1200 3985 oportet
1215 3927 1290 3984 :quo
1309 3907 1411 3988 partim
1435 3908 1478 3970 bis
1499 3924 1525 3971 te
1547 3933 1607 3973 mu-

64 4004 113 4071 εῆς
126 4005 246 4081 ταραχῆς
265 3998 415 4078 λογισμούς.
436 3999 521 4059 Πόθεν
542 3992 586 4058 οὖν
607 4023 649 4060 σοι
667 3999 701 4060 εδ
715 4000 838 4079 μηχανή·
857 4018 876 4065 ις
892 3995 961 4071 nias,
976 3995 1077 4076 partim
1086 4017 1138 4070 eas,
1150 4017 1209 4075 quae
1222 4009 1249 4056 te
1259 3999 1460 4077 perturbatione
1475 4002 1608 4080 afficiunt,

66 4115 140 4170 ματα
152 4098 236 4150 ταῦτα
246 4091 293 4150 καί
302 4090 349 4159 τὰς
361 4089 501 4170 σφενδόνας
516 4091 759 4170 κατασκευάσομεν,
768 4090 838 4151 ὥστε
868 4137 870 4142 .
893 4088 1065 4168 ongitationes
1078 4102 1241 4169 prosternas,
1254 4102 1333 4169 atque
1345 4091 1488 4154 obtruncet
1501 4107 1527 4154 et
1542 4094 1610 4157 inte·

66 4183 136 4263 μηδί
150 4182 226 4263 ἐγγὺς
240 4187 345 4264 άριῑναι
365 4183 503 4264 προσιέναι
526 4182 584 4250 τοὺς
607 4183 762 4262 πολεμίους,
778 4185 837 4243 ἀλλ’
892 4182 983 4241 rimas.
996 4179 1138 4240 Undeoam
1151 4179 1234 4259 igitur
1244 4182 1383 4242 machinas
1397 4184 1460 4245 istas
1470 4185 1608 4247 aelundas

65 4282 102 4344 ι’νις
113 4276 278 4356 πορρωτάτω
290 4274 360 4354 μετὰ
378 4278 479 4348 πολλῆς
497 4276 652 4336 ἀπελαύνειν
664 4282 713 4349 τῆς
726 4277 839 4358 ὑπερύο-
893 4273 942 4334 tibi
956 4273 1138 4349 conficiemus,
1158 4285 1189 4331 ot
1213 4294 1247 4331 ne
1262 4273 1352 4334 hostes
1372 4276 1484 4355 quidem
1496 4279 1609 4360 propius

65 4366 207 4441 λῆς;Ἀπδ
221 4371 270 4438 τῆς
281 4367 393 4446 ἀθυμίας
408 4371 505 4442 αὐτῆς,
526 4367 602 4448 ὀλίγα
614 4367 673 4427 τινὰ
686 4369 748 4448 περὶ
759 4372 840 4440 αὐτῆς
892 4365 1018 4426 accedere
1030 4365 1114 4442 sinas,
1128 4386 1225 4425 verum
1247 4387 1291 4425 eos
1312 4388 1394 4444 quam
1409 4366 1565 4448 longissime
1578 4392 1611 4431 ao

65 4458 302 4539 φιλοσοφήσαντες,
317 4459 363 4518 καί
377 4458 506 4528 δείξαντες
517 4459 587 4527 ὅπως
600 4459 667 4541 βαρίι
679 4460 710 4519 τὸ
726 4469 840 4541 πρᾶγμα
894 4457 969 4518 nullo
980 4458 1086 4537 negotio
1100 4457 1279 4516 submoveas?
1292 4457 1335 4515 Ab
1352 4458 1410 4538 ipso
1424 4481 1537 4522 moerore
1548 4485 1556 4519 τ
1567 4461 1611 4525 ni-

66 4550 113 4609 καί
127 4550 252 4629 ἐπαχθές.
265 4549 300 4610 Ἦ
315 4550 367 4630 γάρ
387 4550 488 4628 ἀθυμία
501 4554 594 4632 ψυχῶν
606 4555 662 4610 ἐστι
678 4549 840 4629 βασανιστή-
849 4606 885 4645 m
894 4549 994 4608 mirum
1006 4551 1029 4608 si
1044 4548 1078 4608 de
1094 4569 1125 4607 eo
1140 4568 1192 4607 non
1208 4547 1277 4607 nihil
1292 4547 1464 4628 disseramus,
1475 4574 1612 4633 quamquo

67 4665 122 4720 ριον
149 4641 278 4721 χαλεπὸν,
301 4642 379 4714 ὀδύνη
406 4666 445 4709 τις
474 4644 603 4724 άββητος,
617 4642 663 4702 καί
684 4642 744 4712 δίκη
766 4642 840 4713 δίκης
859 4661 878 4707 Α
894 4640 1150 4722 gravisacmolesta
1164 4640 1261 4716 iussit,
1272 4639 1496 4703 demonstremus.
1508 4648 1612 4707 Moeror

66 4733 175 4804 ἁπάσης
188 4733 234 4792 καί
246 4734 376 4815 τιμωρίας
396 4735 551 4814 πικροτάρα.
567 4735 622 4794 Καὶ
640 4733 692 4815 γὰρ
712 4732 840 4808 σκώληκα
893 4735 966 4795 enim
992 4755 1075 4815 grave
1095 4733 1249 4792 animorum
1272 4745 1435 4793 tormentum
1458 4748 1509 4810 est,
1533 4736 1613 4800 dolor

67 4832 190 4902 μιμεῖται
209 4824 320 4896 ίούύλον,
339 4825 399 4905 οὐχὶ
418 4829 467 4896 τῆς
489 4826 586 4906 σαρκδς
609 4825 697 4904 μόνον,
713 4826 781 4885 ἀλλὰ
795 4826 840 4887 καί
893 4847 1000 4886 omnem
1011 4824 1141 4885 sermonis
1167 4823 1225 4883 vim
1235 4823 1375 4899 excedens,
1390 4847 1421 4885 ac
1445 4828 1613 4909 supplicium

68 4918 148 4986 αὐτῆς
169 4916 358 4993 καθαπτομίνη
384 4922 432 4988 τῆς
446 4918 550 4997 ψυχῆς,
564 4918 610 4976 καί
634 4918 683 4991 σάς
697 4921 766 4977 ἐστιν
783 4920 841 5000 οὐχὶ
895 4916 968 4978 omni
982 4916 1115 4998 supplicio
1132 4929 1159 4974 et
1172 4916 1291 4975 cruciatu
1315 4917 1448 4991 acerbius,
1472 4919 1613 5000 Siquid-

66 5006 165 5068 ὄστίων
187 5006 276 5085 μόνον,
290 5007 359 5067 άλλίι
373 5008 419 5067 καί
439 5008 569 5075 διανοίας·
584 5008 630 5067 καί
643 5008 736 5087 δήμιος
758 5010 843 5083 διηνε·
894 5010 1051 5090 pestiferum
1061 5029 1181 5069 vermem
1194 5006 1325 5082 imitatur,
1346 5028 1400 5068 non
1412 5029 1519 5072 tarnem
1533 5011 1616 5073 dum-

102 5159 387 5214 eresrificnurvronro
395 5164 577 5215 Petronianum
587 5161 709 5215 Codicem
718 5165 834 5219 babuisse
859 5185 930 5236 pres:
943 5185 974 5217 ue
985 5178 1036 5217 tum
1047 5167 1163 5235 quidem,
1176 5177 1226 5218 eto.

70 5245 121 5295 emt
134 5251 199 5304 roez,
211 5257 288 5305 qrram
301 5239 435 5295 lectionem
447 5254 564 5310 sequutus
576 5241 657 5294 tuerat
669 5258 739 5298 setus
751 5247 834 5299 loter-
891 5247 905 5288 d
924 5247 994 5300 unus
1004 5254 1180 5317 καταπράττειν.
1458 5320 1497 5377 Γ

216 5327 278 5365 ΤΟΜ
303 5328 352 5365 lll.
1479 5338 1498 5378 ν)
