3810 6000
257 504 322 578 152
570 525 600 573 s.
626 523 767 572 tonsurs
792 484 973 568 cnnr'sosr.
1002 482 1170 591 rucrint»,
1187 517 1456 568 consrtsrruor.

250 652 381 735 pinquius
393 649 550 731 exemplum
572 669 695 729 propero.
708 645 816 705 Etenim
830 658 856 703 et
871 642 975 702 Filium
1028 645 1073 699 τοῦ
1095 641 1161 700 Υῖοῦ
1182 643 1311 718 ἤκουσαν,
1332 642 1378 702 καί
1391 641 1474 709 οθτως
1492 639 1609 713 ἤκουσαν
1633 641 1669 706 ὡς
1693 638 1799 699 Παῦλοι

250 743 405 818 audierunt,
418 757 501 821 atque
513 741 550 799 ita
560 740 742 799 audieruntut
759 734 862 794 Paulus
875 732 974 791 audie·
1027 729 1137 803 ἤκουσε,
1153 733 1198 792 καί
1212 736 1240 791 ἐν
1254 737 1338 814 καιρῷ
1354 732 1463 814 τοιούτῳ
1481 732 1612 805 ἥκουσαν,
1626 730 1674 810 οἵῳ
1694 729 1798 795 Παῦλος

250 845 304 905 rat,
321 847 346 891 et
360 832 442 891 simili
462 830 752 907 audierunttempore,
765 821 970 901 atqnoPaulus,
1027 822 1139 896 ἤκουσε,
1158 824 1204 883 καί
1224 824 1281 885 οῦδὲ
1304 825 1385 894 ούτως
1406 824 1573 886 ἐπίστευσαν.
1595 820 1723 900 Καθάπερ
1747 819 1797 901 γδρ

251 945 337 1003 neque
359 938 446 982 tamen
460 921 687 981 siccrediderunt.
703 919 772 976 Nam
786 914 857 973 sicut
872 913 975 974 Paulus
1028 916 1134 982 Παῦλος
1153 915 1197 975 ότε
1217 915 1354 995 ἐμαίνετο,
1371 917 1413 978 ότε
1428 915 1594 999 ηγριαίνετο,
1607 913 1651 973 ότε
1673 911 1796 989 ἐπολέμει

251 1033 313 1073 cum
328 1015 503 1088 sureret‚cum
519 1011 633 1070 ferocior
646 1022 723 1084 esset,
740 1028 801 1066 cum
824 1002 972 1084 discipulos
1026 1015 1080 1073 τοῖς
1096 1013 1241 1084 μαθηταῖς,
1258 1008 1354 1079 ἤκουσε
1374 1011 1548 1083 τῆςφωνῆς,
1569 1004 1637 1065 olleo
1659 1005 1706 1063 καὶ
1728 1001 1796 1062 Ἰου-

251 1104 429 1186 impugnaret,
440 1124 532 1163 vocem
549 1100 667 1171 audivit,
680 1100 716 1158 ita
732 1111 757 1157 et
768 1096 869 1158 Judaei.
896 1095 971 1156 Ubi-
1026 1099 1103 1157 δαῖοι.
1125 1100 1198 1172 Ποῦ,
1215 1099 1260 1158 καὶ
1282 1100 1361 1174 πότε;
1380 1098 1506 1172 Ἐξῆλθον
1528 1102 1555 1158 ἐν
1576 1100 1610 1175 τῇ
1630 1095 1708 1155 νυκτί
1728 1093 1794 1174 μετὰ

251 1217 325 1273 nam,
341 1211 366 1255 et
378 1196 487 1274 quando
499 1195 512 1253 Ρ
526 1193 634 1275 Egressi
649 1205 711 1250 sunt
731 1203 811 1247 noctu
827 1208 889 1247 eum
900 1186 971 1245 saci·
1024 1190 1112 1266 φανῶν
1134 1189 1179 1248 καί
1194 1192 1343 1269 λαμπάδων
1357 1193 1393 1259 εἰς
1411 1191 1460 1263 τὴν
1476 1190 1607 1270 σύλληψιν
1629 1190 1710 1247 αιἰτοῦ
1722 1209 1729 1222 ·
1740 1184 1794 1245 ἐνό-

250 1287 302 1346 bus
316 1301 342 1346 et
354 1286 526 1367 lampadibus
540 1284 575 1342 ad
589 1278 870 1363 comprehendendum
878 1278 969 1354 illum,
1024 1284 1099 1357 μιζον
1123 1281 1175 1365 γὰρ
1195 1282 1325 1365 ἀνθρώπῳ
1347 1287 1417 1365 ψιλῷ
1441 1282 1614 1344 ἐπιτίθεσθαι.
1632 1276 1793 1356 Βουλόμενος

249 1378 383 1458 putabant
396 1378 468 1436 enim
479 1396 620 1435 semerom
633 1371 769 1432 bominem
780 1369 890 1428 adoriri.
899 1370 970 1427 Cum
1023 1370 1109 1430 τοίνυν
1124 1372 1216 1442 αὐτοὺς
1237 1373 1338 1444 διδάξαι
1352 1374 1400 1448 τἠν
1421 1375 1530 1453 δύναμιν
1549 1374 1599 1446 τὴν
1621 1375 1730 1443 ἑαυτοῦ,
1748 1368 1792 1430 καί

249 1468 335 1548 igitur
354 1490 398 1528 eos
421 1490 495 1528 suam
517 1466 598 1527 vellet
617 1464 712 1524 docere
731 1462 870 1536 virtutem,
889 1481 970 1538 seque
986 1465 1006 1514 C
1023 1461 1064 1521 ότι
1081 1463 1149 1532 Θεός
1170 1470 1244 1540 ἐστι,
1257 1467 1302 1527 καί
1324 1468 1390 1548 πρδς
1412 1467 1508 1549 κέντρα
1530 1464 1703 1535 λακτίζουσι,
1722 1461 1791 1540 λίγτι

248 1560 338 1620 Deum
347 1582 411 1636 esse,
423 1562 649 1641 ipsosquecontra
665 1553 804 1615 stimulum
820 1552 969 1629 calcitrare,
1024 1556 1125 1626 αὐτοῖς,
1148 1558 1217 1616 Τίνα
1234 1561 1349 1633 (uestra
1362 1558 1532 1638 Ἐμπροαθεν
1554 1560 1633 1617 αὐτοῦ
1653 1555 1700 1614 καὶ
1719 1556 1791 1627 πλη-

99 1660 170 1705 Ιοαιι.
188 1657 226 1707 ιθ.
249 1651 317 1711 dicit
332 1653 397 1728 illis,
419 1655 511 1730 Quem
537 1652 689 1731 quaeritis?
704 1647 801 1705 Coram
816 1665 847 1704 eo
862 1659 888 1702 et
901 1665 968 1725 pro·
1023 1646 1078 1707 σίον
1093 1648 1275 1723 είστήκεισαν,
1294 1652 1341 1710 καλ
1354 1654 1405 1732 οὐχ
1418 1649 1506 1730 ἑώρων
1530 1649 1626 1710 αὐτόν·
1643 1650 1703 1709 ἀλλ’
1716 1644 1791 1713 αὐτὸς

99 1719 124 1780 4.

103 4788 242 4840 hwa&
252 4773 308 4818 rat:
323 4779 385 4817 cum
399 4755 587 4829 surrexissent,
600 4753 698 4811 iterum
714 4751 782 4811 dicit
795 4752 859 4827 iltis,
880 4756 970 4830 Quem

248 1744 323 1804 xime
336 1743 453 1819 stabant,
470 1762 556 1820 neque
578 1741 656 1800 illum
671 1737 799 1798 videbant
806 1760 815 1813 3
828 1757 922 1796 verum
945 1735 968 1793 is
1022 1742 1037 1797 ό
1058 1738 1215 1819 ζητούμενος
1235 1741 1327 1809 αὐτοὺς
1349 1741 1521 1826 ἐχειραγώγει
1541 1741 1608 1821 πρὸς
1628 1739 1678 1812 τὴν
1693 1737 1789 1819 εὕρεσιν

249 1836 317 1915 ipse,
334 1835 380 1912 qui
395 1834 573 1911 quaerebatur,
587 1832 658 1912 ipsos
671 1827 887 1904 manuducebat,
901 1839 931 1884 ut
940 1845 968 1884 se
1022 1828 1070 1901 τὴν
1084 1835 1192 1905 ἑαυτοῦ,
1205 1831 1250 1891 ἵνα
1269 1834 1403 1912 μάθωσιν,
1414 1835 1455 1894 ότι
1467 1836 1514 1893 οῦκ
1527 1833 1599 1892 ἄκων
1612 1830 1659 1892 ἐπὶ
1669 1831 1701 1891 τδ
1712 1829 1789 1894 πάθοι

250 1925 410 1998 invenirent,
426 1939 456 1984 ut
469 1925 618 1984 ediscerent
633 1922 724 2002 ipsum
738 1940 792 1978 non
807 1919 923 1979 invitum
932 1915 968 1977 ad
1022 1920 1145 2002 ἔρχεται,
1164 1924 1219 1997 ὅτι,
1242 1928 1266 1984 εί
1289 1926 1326 2005 μὴ
1349 1926 1470 1987 scottus
1490 1930 1680 2006 συγχωρῆσαι,
1692 1925 1740 1984 οῦκ
1760 1919 1788 1979 δν

248 2017 407 2099 patiendum
429 2017 530 2087 venire,
550 2030 587 2092 et,
611 2015 633 2075 si
648 2015 705 2095 ipse
718 2034 770 2072 non
786 2011 966 2088 concessisset,
1022 2013 1214 2095 περιεγίνοντο.
1236 2020 1299 2084 Πῶς
1316 2017 1383 2099 pipi,
1399 2023 1423 2079 οἱ
1437 2018 1505 2097 μηδὲ
1520 2020 1602 2100 εὑρεῖν
1619 2015 1698 2075 αὐτὸν
1715 2015 1788 2088 δυνη·

225 2176 228 2181 ,
249 2132 398 2189 numquam
414 2110 475 2170 illos
486 2131 543 2168 rem
549 2109 712 2190 perfecturos
722 2105 813 2163 luisse.
826 2102 969 2175 Quomodo
1022 2104 1108 2173 θέντες
1117 2130 1125 2178 ;
1138 2105 1175 2165 Τί
1187 2105 1273 2185 λέγω,
1292 2114 1375 2189 εὑρεῖν
1390 2109 1466 2170 αὐτὸν
1486 2108 1523 2188 μὴ
1538 2106 1704 2180 δυνηθέντεςς
1722 2104 1787 2166 Ἀλλ’

249 2203 331 2277 enim,
346 2223 408 2260 cum
430 2222 479 2261 nee
491 2200 612 2260 invenire
627 2197 706 2257 illum
719 2209 837 2278 possent,
859 2195 914 2253 imo
936 2214 969 2253 ne
1021 2195 1081 2257 οὔτε
1107 2199 1170 2257 ἰδεῖν
1197 2200 1274 2258 αὐτὸν
1305 2202 1425 2286 παρόντα
1446 2202 1557 2283 ἴσχυσαν
1577 2223 1583 2236 ·
1604 2202 1635 2259 οῦ
1661 2197 1785 2277 μόνονδί

248 2293 343 2354 videre
368 2292 478 2372 quidem
500 2303 657 2373 praesentem
671 2288 684 2346 ἱ)
698 2289 758 2346 Non
782 2286 863 2344 modo
877 2298 969 2344 autem
1020 2288 1140 2372 παρόντα
1168 2294 1216 2350 οὐκ
1240 2290 1350 2372 ίσχυσαν
1374 2296 1451 2367 ἰδεῖν,
1488 2293 1557 2354 αἰλλδ
1585 2291 1632 2352 καλ
1661 2293 1784 2373 ἐρωτῶντι

249 2371 406 2466 presentem
428 2384 523 2444 videre
536 2403 589 2440 non
603 2392 767 2459 potuerunt;
782 2376 831 2436 scd
843 2375 967 2435 cumsci-
1022 2381 1238 2464 ἀποκρινόμενοι,
1252 2384 1310 2444 οὐδὲ
1335 2383 1415 2454 οθτως
1438 2385 1534 2464 ᾔδεσαν
1556 2384 1629 2454 ὅστις
1649 2383 1715 2445 met
1731 2375 1784 2457 lul

249 2476 357 2536 scitanti
377 2476 576 2557 responderent,
594 2471 682 2533 nesio
705 2469 815 2549 quidem
827 2469 969 2542 sciebant,
1021 2472 1131 2553 παρών·
1147 2475 1215 2534 οὕτω
1236 2481 1293 2553 μεθ’
1314 2479 1460 2557 ὑπερύολῆς
1478 2478 1583 2551 ἁπαίοης
1604 2478 1783 2560 ἀπετύρλωσεν

250 2568 373 2646 quisnam
388 2582 451 2627 tune
465 2586 582 2649 praesens
597 2577 683 2623 esset:
700 2561 866 2641 usqueadeo
877 2560 969 2620 oculos
985 2577 1006 2624 n
1022 2569 1106 2625 αὐτῶν
1125 2565 1186 2634 τοὺς
1206 2569 1365 2648 ὀφθαλμούς.
1382 2570 1435 2630 Καί
1456 2574 1486 2630 οῦ
1505 2578 1582 2631 τοῦτο
1605 2570 1701 2649 μόνον,
1723 2566 1784 2629 illd

249 2682 341 2721 eorum
354 2674 541 2721 excecaverat.
557 2661 617 2718 lmo
628 2679 661 2717 ne
675 2656 704 2716 id
724 2656 834 2734 quidem
850 2668 966 2729 tantum,
1022 2660 1068 2718 καὶ
1088 2659 1194 2727 ὑπτίους
1215 2661 1319 2743 ἔρριψεν
1334 2662 1427 2729 αὐτοὺς
1439 2667 1473 2743 τῇ
1487 2669 1580 2745 φωνῇ·
1596 2665 1714 2730 εἰπόντος
1729 2661 1783 2744 γδρ,

249 2752 390 2813 sedetiam
409 2774 474 2813 voce
485 2752 547 2811 illos
565 2749 675 2831 supinos
689 2746 833 2828 prostravit
838 2769 846 2819 ;
861 2767 924 2804 nam
939 2756 969 2802 ιιι
1022 2751 1091 2810 Τίνα
1103 2755 1219 2823 ζητεῖτε,
1231 2756 1349 2825 ἀνῆλθον
1364 2756 1460 2823 πάντες
1477 2757 1515 2822 ,ις
1527 2754 1561 2815 τὰ
1574 2755 1661 2816 ὀπίσω
1680 2753 1732 2816 ἀπὸ
1741 2757 1783 2836 ‘li

249 2844 332 2921 dixit,
352 2847 443 2924 Quem
454 2847 607 2924 queritis?
621 2840 745 2898 abierunt
759 2859 850 2896 omnes
869 2852 969 2896 retror-
1022 2846 1109 2921 φωνῆς
1118 2841 1227 2916 ταύτης.
1243 2841 1349 2926 Ὥσπερ
1360 2845 1412 2927 γὰρ
1422 2848 1467 2905 τὸν
1480 2849 1589 2907 Παῦλον
1601 2852 1619 2918 ἡ
1632 2846 1705 2928 φωνὴ
1714 2845 1783 2906 κατί·

215 2946 219 2953 '
249 2956 309 2994 sum
323 2935 359 2993 ab
383 2935 434 2993 bac
449 2955 515 2994 voce
535 2931 616 3014 pulsi.
644 2927 881 3001 Quemadmodum
897 2928 970 2987 enim
1023 2935 1103 3008 ὅαλε,
1119 2936 1164 2995 καὶ
1187 2942 1275 3017 πρηνῆ
1298 2944 1400 2999 κεῖσθαι
1420 2939 1557 3013 ἐποίησεν,
1576 2939 1647 2999 οίίτω
1668 2939 1714 2999 καλ
1732 2936 1783 2998 τοί·

249 3044 303 3085 vox
313 3025 429 3084 Paulum
441 3023 539 3102 dejecit
551 3036 577 3081 et
590 3019 767 3099 resupinavit,
780 3018 819 3076 sic
832 3031 923 3078 etvox
933 3019 970 3077 il·
1022 3048 1081 3092 τους
1101 3026 1206 3106 ῆφωνῆ
1229 3029 1329 3097 πάντας
1351 3029 1456 3111 ἔμμρε,
1480 3029 1589 3098 ὑπτιους
1605 3055 1612 3069 .
1628 3031 1675 3091 ,αν
1701 3029 1783 3111 gm,
1825 3024 1828 3029 '

249 3117 292 3176 los
309 3138 401 3176 omnes
413 3115 558 3197 prostravit
569 3113 679 3193 supinos
685 3133 694 3188 ;
706 3125 731 3170 et
743 3109 969 3188 quemadmodum
1022 3107 1096 3183 alito<
1118 3121 1165 3177 οὐκ
1184 3119 1278 3180 ἔῦλεπε
1291 3122 1335 3182 τδν
1352 3122 1509 3200 διωκόμενον
1528 3125 1574 3183 ὑπ’
1588 3127 1686 3198 αὐτοῦ,
1710 3122 1783 3192 οὕτως

249 3209 296 3268 ille
309 3230 362 3268 non
375 3208 485 3268 videbat
508 3227 580 3280 eum,
594 3226 674 3283 quem
689 3203 909 3283 persequebatur,
932 3202 970 3261 ita
1022 3211 1116 3269 ἐκεῖνοι
1126 3211 1173 3269 οῦκ
1184 3211 1294 3271 ἔόλεπον
1301 3214 1345 3272 τὸν
1357 3213 1514 3293 ζητούμενον
1526 3218 1571 3274 ὑπ’
1586 3216 1688 3275 αὐτῶν·
1702 3216 1783 3296 ὥσπερ

249 3314 277 3360 et
288 3299 328 3358 illi
345 3321 397 3358 non
411 3299 537 3360 videbant
548 3318 623 3368 eum,
638 3317 718 3373 quern
732 3293 903 3371 querebant3
919 3293 971 3352 sic·
1022 3290 1095 3367 ebroe
1107 3305 1133 3361 ἐν
1145 3305 1184 3381 τῷ
1199 3307 1284 3384 καιρῷ
1296 3310 1344 3376 τῆς
1360 3305 1454 3382 μανίας
1470 3305 1647 3387 ἀπντυρλώθη
1655 3353 1664 3380 ‚
1677 3311 1784 3367 κάκεῖνα

224 3385 228 3399 '
249 3403 280 3448 ut
295 3389 342 3447 ille
364 3402 483 3468 tempore
495 3385 594 3445 futuris
607 3383 649 3443 sui
665 3396 815 3441 excoecatus
831 3396 880 3459 est,
895 3383 969 3441 itaet
1022 3393 1049 3450 ἐν
1064 3395 1134 3469 αὐτῷ
1148 3398 1186 3473 τῷ
1200 3398 1284 3476 καιρῷ
1298 3399 1345 3467 τῆς
1366 3397 1462 3474 μανίας
1480 3398 1717 3479 ἀπετυφλόιθησαν.
1737 3397 1784 3461 Καὶ

250 3479 292 3539 illi
303 3493 423 3560 tempore
431 3477 532 3537 luroris
540 3476 581 3535 sui
589 3473 794 3534 suntexcaecati.
804 3473 969 3532 Etenimille
1021 3481 1073 3563 γὰρ
1086 3487 1195 3557 ἐκεῖνος,
1210 3484 1254 3546 ότε
1271 3489 1410 3569 ἐπορεύετο
1425 3492 1504 3561 δῆσαι
1518 3490 1576 3558 τοὺς
1596 3492 1732 3569 μαθητδς,
1745 3489 1784 3552 καί
1820 3504 1827 3519 “

250 3591 313 3630 cum
327 3571 378 3629 iret
389 3569 511 3630 vinctum
525 3565 682 3646 discipulos,
697 3578 722 3622 et
741 3563 771 3622 bi
791 3584 853 3621 cum
865 3563 970 3622 exirent
987 3588 1006 3635 Β
1021 3565 1109 3649 οὗτοι,
1122 3574 1166 3635 ὅτε
1178 3575 1283 3647 ἐξῆλθον
1297 3581 1376 3651 δῆσαν
1390 3581 1434 3640 τὸν
1444 3582 1574 3660 Χριστὸν,
1589 3584 1674 3645 ταῦτὰ
1687 3585 1783 3647 ἔπαθον,

249 3662 390 3743 alligatum
398 3661 548 3737 Christum,
563 3658 657 3717 eadem
669 3655 742 3737 passi
757 3669 827 3714 sunt.
837 3655 898 3714 lllic
909 3655 969 3715 vio·
1021 3666 1074 3727 Καὶ
1086 3671 1140 3727 ἐκεῖ
1154 3668 1253 3748 δεσμὰ,
1265 3671 1310 3729 καί
1321 3675 1432 3733 ἐνταῦθα
1444 3674 1530 3753 δεσμοί
1542 3699 1548 3713 ·
1563 3677 1610 3736 καί
1624 3681 1680 3737 ἐκεῖ
1695 3677 1787 3754 δίωξις,

250 3754 320 3830 cula,
334 3769 360 3813 et
374 3754 420 3813 hic
433 3773 540 3831 quoque
552 3748 680 3824 vincula;
706 3747 764 3806 illic
776 3747 967 3827 persequutio,
1021 3756 1068 3817 καὶ
1081 3761 1194 3818 ἐνταῦθα
1209 3759 1314 3830 δίωξις·
1329 3764 1375 3822 καί
1389 3768 1443 3824 ἐκεῖ
1457 3767 1590 3846 πήρωσις,
1612 3769 1659 3830 καί
1681 3772 1785 3831 ἐνταῦθα

249 3844 296 3903 bic
313 3844 394 3903 etiam
411 3841 602 3924 persequuti03
619 3840 674 3898 illic
685 3839 811 3915 cacitas,
834 3837 881 3897 hic
905 3838 969 3897 item
1021 3849 1141 3928 πήρωσις
1155 3873 1162 3886 ·
1178 3850 1224 3909 καὶ
1246 3856 1299 3912 ἐκεῖ
1323 3855 1414 3935 φωνὴ,
1439 3856 1484 3916 καὶ
1504 3862 1616 3920 ἐνταῦθα
1640 3863 1716 3942 φωνή
1728 3886 1736 3900 ·
1747 3859 1785 3922 καί

251 3935 355 3994 caecitas
364 3958 373 4011 3
389 3935 445 3993 illic
458 3955 524 4008 vox,
536 3932 695 4010 hicquoque
706 3951 761 3989 Vox
772 3952 779 3985 ἕ
790 3928 886 3990 Similis
897 3944 970 3988 ⁰1¹⁰·
1021 3940 1100 4020 ὁμοία
1114 3948 1162 4014 τῆς
1180 3950 1226 4004 τοῦ
1247 3946 1363 4027 Χριστοῦ
1384 3948 1517 4025 δυνάμεως
1536 3956 1554 4023 ἡ
1578 3952 1699 4030 ἔνδειξις,
1714 3954 1785 4034 όμυια

250 4026 332 4103 bique
355 4023 458 4084 Christi
479 4023 604 4104 potentiae
635 4020 846 4097 demonstratio,
869 4021 970 4080 similia
1022 4033 1056 4093 τὰ
1074 4033 1214 4117 ράρμακα,
1238 4039 1296 4095 ἀλλ’
1321 4041 1369 4119 οὐχ
1388 4042 1467 4119 ὁμοία
1484 4047 1501 4114 ἡ
1525 4043 1682 4124 διόρθωσις·
1696 4051 1721 4108 οἱ
1739 4047 1785 4128 γδρ

250 4115 388 4176 remedia:
404 4128 432 4173 at
445 4135 498 4173 non
514 4112 610 4172 similis
622 4110 792 4183 emendati03
807 4110 877 4169 inter
890 4132 972 4190 egro·
1022 4125 1166 4204 κάμνοντες
1189 4128 1290 4200 πολλὴν
1319 4121 1390 4210 εἶχον
1415 4134 1552 4215 διαροραίν.
1581 4137 1619 4197 Τί
1641 4139 1694 4218 γὰρ
1719 4142 1783 4199 ἀναν.

251 4222 338 4268 tantes
351 4207 423 4267 enim
437 4227 567 4286 magnum
578 4203 733 4262 discrimen.
747 4201 822 4274 Quid
833 4203 904 4261 enim
914 4218 970 4262 stu·
1023 4216 1191 4299 σοητόςςρον,
1209 4218 1237 4278 τί
1250 4219 1278 4278 tt
1299 4224 1525 4304 ἀγνωμονέστερον
1545 4227 1667 4304 ἐκείνωνς
1678 4229 1784 4292 Ἔπεσεν

251 4300 354 4382 pidius,
371 4298 438 4377 quid
453 4296 585 4376 ingratius
601 4295 656 4353 illis
670 4295 683 4352 ἱ)
698 4293 860 4353 Ceciderunt
872 4309 971 4354 retror-
1022 4308 1122 4381 ὀπίσω,
1142 4310 1188 4368 καὶ
1208 4311 1288 4370 πάλιν
1308 4312 1471 4390 ἀνέστησαν,
1492 4317 1538 4376 καί
1558 4320 1640 4380 πάλιν
1660 4323 1784 4383 ἐπέθεντο.

252 4412 323 4467 sum,
339 4404 364 4450 et
378 4410 471 4448 rursus
481 4390 665 4459 surrexerunt,
685 4405 779 4444 rursus
802 4384 968 4445 invaserunt.
1022 4388 1090 4479 Ἆρα
1104 4404 1156 4459 τῶν
1175 4401 1253 4460 λίθων
1274 4404 1321 4462 οὖα
1343 4395 1410 4475 ἦσαν
1426 4409 1656 4490 θναισθητότεροις
1675 4414 1731 4473 Καὶ
1750 4413 1787 4473 ire

253 4486 351 4542 Annon
364 4481 431 4562 ipsis
442 4479 578 4561 lapidibus
591 4476 800 4536 insensibiliores
819 4491 893 4535 erant
907 4478 921 4536 Ρ
933 4480 971 4537 Πι
1024 4496 1156 4573 μάηωσῃ,
1170 4496 1210 4556 ἃς,
1226 4489 1299 4566 οὗτός
1314 4503 1384 4560 ἐστι,
1399 4505 1413 4560 ὁ
1431 4503 1512 4565 amb,
1533 4510 1637 4582 αὐτοῖς,
1658 4510 1730 4570 ⁹1¹1„
1745 4513 1787 4583 (η.

252 4596 316 4637 Ver0
324 4572 537 4633 fflscesflsslhunc
552 4571 641 4650 ipsum
652 4591 715 4643 ⁰⁸⁵⁰²
729 4567 776 4647 qni
788 4567 894 4627 dimi
906 4569 971 4645 illis,
1024 4606 1104 4669 τεῖτε,
1119 4596 1164 4655 καί
1182 4598 1259 4678 ῥίψας
1277 4599 1362 4660 ὀπίσω
1383 4603 1572 4686 αὐτοὺς,λίγει
1593 4613 1685 4680 αὐτοῖς
1705 4612 1788 4682 πόλιν,

256 4669 346 4746 (Μ’
363 4668 514 4748 limfis?
525 4663 639 4741 lll⁰⁵l¹¹⁸
660 4675 806 4720 selmum
820 4675 971 4740 Pr⁰⁵ll³V⁰'
981 4665 1066 4767 ¹,illae
1079 4697 1242 4772 ἀνέστησαν,
1257 4702 1282 4758 Τ
1285 4699 1326 4759 ίνοι
1341 4703 1457 4776 <oraim
1471 4704 1517 4763 καλ
1527 4705 1665 4786 λέγουσιν,
1677 4711 1789 4785 Ἰησοῦν·

253 4853 408 4931 queritis?
434 4845 608 4927 Respondent
627 4844 678 4918 illi,
687 4845 798 4903 lesum.
809 4846 883 4903 Tum
903 4845 969 4903 ille:
1022 4797 1094 4876 lili*
1115 4801 1218 4919 “illl‘'
1233 4791 1315 4860 Εἶπον
1332 4803 1410 4879 ὓμῖ”’
1429 4803 1471 4863 ὅτι
1492 4805 1545 4925 tut
1564 4810 1641 4885 ‘llll'
1656 4811 1791 4893 lwwll

252 4944 327 5000 Dm·
342 4943 438 5010 vobis,
455 4941 526 5018 ,uia
540 4957 592 5017 ego
605 4957 695 5005 sum,
707 4956 739 4994 ac
756 4935 777 4993 si
791 4934 906 4994 diceret:
919 4937 971 4994 Di·
1021 4898 1116 4977 λόγων,
1138 4905 1232 4978 μαθετε
1257 4901 1299 4959 ότι
1320 4901 1367 4960 καλ
1388 4905 1467 4985 όπρδ
1490 4927 1582 4965 τουτω
1608 4909 1704 4984 εἰπὼν,
1726 4913 1792 4973 Τίνα

252 5032 317 5091 scite
330 5052 374 5090 me
388 5051 450 5089 eum
463 5030 553 5111 ipsum
569 5027 694 5105 esse,qui
709 5040 784 5086 antea
806 5027 864 5086 dixi
881 5028 969 5103 vobis,
1022 5002 1138 5073 turrim
1163 4999 1208 5058 καί
1232 4999 1308 5080 illotc
1337 5003 1421 5080 buda,
1447 5003 1499 5084 lyd
1530 5009 1594 5085 eltu·
1620 5007 1692 5071 Ἀλλ’
1722 5002 1792 5075 οθδίν

255 5126 347 5202 Quem
357 5127 487 5204 queritis
501 5128 513 5180 Ρ
527 5140 629 5198 vosque
639 5118 781 5200 prostravi.
790 5121 894 5180 Verum
901 5118 970 5179 nibil
1021 5099 1100 5159 πλέον
1114 5104 1145 5160 3²
1164 5098 1256 5160 τούτου
1276 5101 1391 5180 illm,
1412 5107 1470 5165 ἀλλ’
1488 5103 1594 5183 imm
1615 5110 1660 5170 ἐπὶ
1681 5117 1730 5185 τῆς
1749 5117 1795 5177 ωὐ·

252 5213 304 5272 hoe
323 5214 435 5294 profuit,
464 5211 550 5272 sedin
573 5211 691 5272 caecitate
710 5225 875 5270 manserunt.
907 5210 971 5271 Hac
1021 5205 1073 5261 τῶν
1093 5200 1251 5282 πωρώσευις.
1272 5205 1356 5263 Ταῦτ’
1378 5195 1422 5265 οῦν
1445 5205 1550 5267 ἅπαντα
1569 5212 1601 5270 ἐκ
1621 5216 1815 5294 παραλλήλω,

253 5304 433 5366 omniasimul
443 5317 469 5364 et
482 5317 604 5364 accurate
613 5286 758 5382 conlerens,
766 5302 840 5363 disce
854 5302 969 5364 Paulum
1021 5301 1182 5384 συγκρίνων,
1205 5304 1320 5384 μάνθανε
1346 5305 1479 5388 δαριῦῶς,
1501 5307 1542 5369 ότι
1563 5312 1611 5372 οθκ
1635 5313 1663 5384 ἐξ
1679 5316 1798 5398 ἀνάγκης
