3810 6000
576 426 622 474 bn
646 424 872 476 conressmrtn
899 428 1066 477 Pnttttostt
1091 428 1208 477 cnucts

1560 428 1644 503 ¹⁰07

108 518 318 625 ἀναππδξαντιςς
346 550 448 623 πολλὴν
469 550 614 634 εὑρήσομεν
631 551 699 626 ’τὴν
725 551 876 632 περιουσίαν
929 553 1049 631 tudoque
1067 550 1225 612 ineffabilis:
1249 548 1298 610 ubi
1319 561 1417 611 aeterua
1438 562 1499 612 sunt
1522 551 1644 612 taberna-

107 634 153 691 καὶ
167 632 281 709 πέλαγος
293 632 398 710 ἀχανές.
412 631 459 702 Mt
470 622 514 690 οὖν
527 630 736 709 ἀναὸαλώμοθα,
746 631 877 704 retoxui·
895 629 914 680 (ἓ
930 633 1001 710 culn,
1017 631 1150 711 Regisque
1165 630 1249 711 gloria
1268 643 1294 690 et
1308 632 1444 711 majestas,
1456 653 1516 710 quae
1527 632 1645 711 exprimi

108 734 196 790 σωμεν
221 714 302 771 ἐλεεῖν
320 710 381 777 τοὺς
400 710 550 788 δεομένους·
565 710 620 789 μὴ,
633 734 671 768 πα
725 711 793 769 αλῶ·
808 710 878 770 ἀλλὰ

108 792 157 850 κᾶν
172 790 259 850 πάντα
281 791 355 870 ῥῖψαι
375 790 435 870 δέῃ,
446 789 494 848 κᾶν
508 794 545 856 εἷς
563 794 616 869 πῦρ
632 794 644 850 ἐ
701 792 812 863 ηθῆναι,
827 790 876 849 κᾶν

108 869 195 952 ξίρυυς
207 869 479 947 αατατολμῆσαι,κδν
493 867 562 928 κατὰ
583 875 722 950 μαχαιρῶν
737 869 876 943 ἅλλεσθαι,

107 950 158 1008 κᾶν
169 954 255 1008 ὁτιοῦν
265 954 373 1007 παθεῖν·
387 947 475 1008 πάντα
496 949 529 1028 ρι’
558 972 616 1026 iuer
631 948 761 1021 εὐκόλως,
774 948 817 1007 ἵνα
832 955 877 1008 τοῦ

107 1028 250 1105 ἐνδύματος
273 1026 355 1087 teret·
368 1051 440 1105 ωμιν
461 1031 508 1099 τῆς
527 972 661 1106 {bethiae
681 1030 734 1086 τῶν
747 1030 876 1108 οὐρανῶν,

107 1108 154 1167 καὶ
169 1111 217 1177 τῆς
231 1106 305 1179 δόξης
316 1053 417 1177 {xiim
428 1110 476 1178 τῆς
486 1105 614 1188 ἀρρήτου·
626 1098 658 1178 ἧς
685 1106 768 1166 ένοιτο
776 1107 878 1176 πάντας

107 1191 180 1264 ἡμᾶς
191 1188 334 1266 ἐπιτυχεῖν,
346 1186 438 1265 χάριτι
454 1185 499 1245 καὶ
517 1133 700 1267 ριλανδρωπδορ
712 1190 758 1246 τοῦ
779 1185 878 1265 Κυρίου

106 1268 184 1341 ἡμῶν
202 1263 290 1337 Ἰησοῦ
311 1255 479 1346 Χριστοῦ,ᾧ
502 1268 519 1336 ἡ
543 1263 605 1334 δόξα
618 1264 663 1325 καλ
685 1264 716 1325 τὸ
733 1266 828 1345 κράτος
842 1267 880 1332 εἰς

107 1342 169 1411 τοὺς
180 1345 277 1412 αἰῶνας
291 1347 344 1404 τῶν
360 1344 470 1404 αἰώνων.
486 1344 579 1423 Ἀμήν.

144 2561 156 2585 ⁸
169 2549 240 2600 Unus
252 2545 315 2600 Cod.
326 2557 367 2610 τὴν
380 2554 526 2620 παρρησίαν.

929 731 983 772 non
992 724 1090 793 potest,
1105 730 1189 789 eaque
1199 710 1280 785 bona,
1293 712 1364 787 Quoe
1378 731 1431 769 nee
1442 711 1543 770 oculus
1554 713 1641 783 uidit,
1657 718 1793 781 neonae.

930 812 984 850 nee
998 795 1078 851 auris
1092 791 1216 864 autlivit,
1228 811 1280 848 nee
1292 809 1343 847 cor
1363 793 1536 871 animusque
1546 791 1643 850 bomi-

930 877 975 930 nis
985 874 1141 950 cogitarim
1155 869 1203 927 ubi
1225 882 1264 927 est
1284 889 1396 949 sponsus
1412 868 1569 948 spiritualis,
1583 868 1644 929 thu-

929 948 995 1009 lami
1005 949 1144 1026 celorum,
1155 962 1181 1007 et
1191 948 1310 1027 virgines
1320 968 1378 1025 quae
1391 947 1513 1007 lucernas
1523 947 1645 1008 ardentes

929 1041 1027 1103 tonent,
1042 1027 1115 1106 iique
1125 1028 1172 1106 qui
1182 1041 1284 1088 vestem
1297 1027 1396 1085 habent
1410 1028 1581 1108 nuptiarum3
1596 1028 1644 1087 ubi

930 1106 1030 1187 palatia
1049 1121 1112 1167 sunt
1130 1107 1252 1184 Domini,
1274 1120 1301 1164 et
1320 1105 1414 1165 aeraria
1435 1106 1519 1187 regia.
1541 1106 1646 1167 Vidisti

931 1207 991 1264 que
1003 1200 1028 1245 et
1040 1200 1105 1265 quot
1116 1186 1224 1266 praemia
1234 1207 1287 1245 uno
1298 1185 1380 1246 verbo
1388 1185 1647 1248 demonstraveritet

931 1264 1160 1344 quemadmodum
1173 1262 1262 1324 omnia
1276 1265 1303 1323 in
1314 1286 1398 1323 unum
1409 1265 1591 1346 compegerit?
1601 1264 1648 1324 Sic

932 1344 1014 1404 etiam
1028 1344 1051 1402 si
1062 1344 1170 1424 singula
1183 1345 1266 1404 verba
1293 1366 1334 1403 ινα
1343 1358 1503 1422 sequuntur,
1518 1345 1647 1425 explana·

933 1423 1276 1503 venimus,mugnamabun
1312 1422 1649 1502 ntiamatqueimmonsum

933 1524 1007 1562 mare
1025 1503 1197 1583 reperiemus.
1217 1503 1307 1574 Quare
1327 1523 1360 1561 ne
1371 1502 1548 1578 differamus,
1563 1523 1648 1580 neque

932 1580 1006 1662 pigri
1028 1582 1113 1641 simus
1133 1582 1167 1641 ad
1188 1579 1338 1662 prestanda
1363 1581 1453 1640 officia
1476 1581 1649 1662 benignitatis

932 1661 1071 1741 egentibus
1081 1685 1090 1737 3
1107 1682 1141 1720 ne
1163 1661 1258 1735 simus,
1286 1660 1396 1738 hortor3
1420 1659 1466 1719 sed
1480 1660 1542 1720 lieet
1560 1661 1650 1723 omnia

933 1739 1014 1798 etiam
1024 1739 1175 1819 abjicienda
1188 1740 1266 1798 nobis
1279 1739 1344 1815 sint,
1359 1739 1422 1798 lieet
1437 1739 1567 1818 inignem
1583 1760 1649 1798 con·

930 1817 1041 1899 jiciendi
1064 1818 1164 1893 simus,
1187 1819 1250 1877 lieet
1270 1818 1340 1877 ensis
1358 1817 1517 1892 adeundus,
1534 1818 1597 1877 licet
1621 1819 1650 1877 in

934 1896 1033 1976 gladiis
1041 1897 1246 1972 saltandumsit,
1255 1897 1317 1956 licet
1327 1896 1436 1975 quidvis
1445 1896 1648 1977 perferendum:

933 1976 1024 2034 omnin
1046 1976 1125 2035 facile
1147 1990 1173 2035 et
1188 1997 1263 2054 aequo
1283 1976 1372 2035 animo
1385 1976 1516 2049 seramus,
1530 1989 1561 2034 ut
1575 1976 1650 2055 regni

934 2054 1062 2113 coelorum
1075 2054 1203 2114 amictum
1215 2054 1383 2133 gloriamque
1396 2055 1472 2113 illam
1486 2054 1650 2115 ineffabilem

933 2153 1139 2211 consequamur:
1154 2154 1235 2212 quam
1252 2133 1354 2191 utinam
1370 2154 1570 2211 consequamur,
1591 2155 1649 2224 gra·

933 2211 972 2270 tia
991 2225 1017 2270 et
1032 2212 1196 2291 benignitate
1212 2211 1324 2271 Domini
1342 2211 1426 2270 nostri
1449 2214 1512 2272 Jesu
1534 2212 1649 2287 Christi,

935 2290 979 2348 oui
995 2292 1081 2370 glorio
1102 2305 1128 2351 et
1147 2290 1293 2371 imperium
1314 2290 1342 2350 in
1360 2292 1458 2351 saeouln
1481 2291 1648 2351 seculorum.

935 2373 1032 2429 Amen.
