3810 6000
423 453 456 501 lli
484 451 597 515 tutuo,
624 449 803 499 SALUTATE
827 448 1029 498 numeruntur
1055 449 1098 497 ET
1123 450 1286 514 AQtttLtttt.
1315 454 1351 502 tt.
1590 456 1659 527 227
1758 437 1762 445 Ι

127 581 184 639 πῶν
199 577 245 637 καὶ
265 580 325 657 μεθ’
345 579 423 657 ἡμῶν
436 576 564 656 τετάχθαι
576 575 702 656 γινθμινα
717 579 754 644 εἰς
766 575 826 643 τοδς
837 575 887 655 άρ-
942 587 1093 634 contemtus
1105 575 1204 649 evenit,
1219 575 1291 656 quod
1302 575 1342 636 sic
1351 574 1486 635 hostiliter
1495 595 1557 655 erga
1571 590 1660 657 patres

125 691 211 751 γοντας
223 667 277 728 ίδοι
289 693 331 737 τις
342 667 386 729 άν.
397 666 461 729 Ἔτι
472 657 516 729 οὖν
526 667 674 746 ζητήσομεν
684 667 763 729 πάθεν
775 667 889 748 ῥᾳθυμία
942 680 1048 725 nostros
1067 665 1153 725 simus
1173 667 1283 727 affecti?
1294 666 1373 728 Nihil
1389 668 1509 748 proiecto
1528 681 1568 727 cst
1587 666 1661 747 quod
1723 739 1730 752 .

124 758 229 833 τοσαίτη
244 759 292 819 καὶ
310 757 449 826 attacum
469 758 599 839 ὑπεροψία
608 757 722 839 γέγονεν,
732 757 794 820 θταν
807 758 889 825 οὕτως
942 756 1092 817 Ecclesiam
1106 759 1157 818 Dei
1171 759 1208 818 itu
1221 759 1367 820 destituere
1376 773 1403 820 et
1416 759 1574 832 dissolvere,
1590 758 1661 819 nihil
1723 760 1726 765 ’

126 838 188 930 ιἰμεν
212 853 342 932 ἀπεχθῶς
357 851 423 934 πρὸς
443 848 503 918 sule
515 850 633 933 πατέρας
655 850 816 930 διακείμενοι
829 849 889 918 τοὺς
904 863 924 910 Ε
942 849 1016 928 quod
1029 853 1067 910 ita
1078 852 1157 911 [acilo
1170 853 1343 931 pessumdare
1352 853 1447 933 possit,
1457 850 1659 931 utquandodi-

125 940 275 1023 θμετίφωςς
291 946 335 1004 Οὐ
347 942 401 1024 γάρ
411 943 493 1015 ἐστιν,
507 943 555 1002 οθκ
565 941 637 1003 ίστιν
651 941 735 1015 οὐδὲν,
748 941 763 1002 δ
775 946 888 1001 καταλῦ·
942 941 1039 1023 scipuli
1049 943 1194 1022 magistris,
1206 958 1231 1003 et
1245 945 1367 1025 patribus
1379 943 1441 1016 lilii,
1453 956 1478 1004 et
1492 942 1662 1025 principibus

123 1056 161 1093 σαι
180 1033 228 1094 καὶ
245 1034 399 1116 διαφθεῖραι
421 1033 584 1107 Ἐκκλησίαν
606 1033 705 1095 δύναιτ’
724 1033 768 1111 ἂν,
789 1035 889 1112 μᾶλλον
942 1033 1055 1110 subditi,
1069 1056 1122 1094 non
1133 1057 1230 1117 magno
1243 1035 1333 1096 studio
1340 1037 1484 1096 cohaerent.
1495 1035 1526 1097 Si
1534 1035 1596 1114 quis
1604 1037 1661 1095 lra-

123 1124 145 1186 ll
162 1129 210 1185 οθκ
227 1124 302 1187 ἔστιν
321 1124 390 1186 οὕτω
401 1124 523 1205 γενέσθαι
534 1133 611 1186 τοῦτο
624 1125 771 1206 ἀλλαχόθεν
786 1125 891 1205 ῥᾳδίοις,
943 1138 1016 1184 trum
1030 1126 1148 1206 cuipiam
1161 1127 1310 1201 maledicit,
1327 1148 1494 1187 esacrarum
1501 1128 1660 1209 Scriptura·

123 1218 173 1277 ἐλλ’
191 1215 210 1289 ἢ
230 1215 298 1277 ὅταν
318 1221 343 1278 οἱ
363 1216 482 1296 μαθηταὶ
494 1223 549 1284 τοῖς
567 1216 753 1291 διδασκάλοις,
773 1216 819 1277 καί
837 1222 891 1284 τοῖς
943 1237 1005 1275 rum
1013 1215 1126 1276 lectione
1135 1219 1298 1279 excluditur.
1309 1221 1347 1279 Ut
1357 1221 1430 1301 quid
1437 1219 1509 1278 enirn
1523 1221 1659 1291 assumis,
1670 1236 1786 1305 1³,.1,49,

122 1307 248 1388 πατράσιν
264 1309 291 1367 οἱ
315 1309 425 1383 παῖδας,
440 1307 556 1376 καὶτοῖς
573 1308 699 1389 ἄρχωσιν
712 1313 736 1370 oi
749 1308 892 1392 ἀρχόμενοι
943 1309 981 1366 ait
991 1309 1074 1384 Deus,
1089 1322 1295 1370 testamentum
1309 1332 1402 1370 meum
1412 1332 1465 1391 per
1474 1331 1505 1371 os
1520 1324 1603 1370 tuum
1612 1316 1626 1367 θ
1636 1323 1662 1369 ct
1674 1304 1711 1351 ¹⁶·

121 1397 153 1476 μὴ
174 1397 244 1477 μετά
273 1400 379 1472 πολλῆς
400 1388 452 1459 ὦσι
475 1399 657 1478 συνδεδεμένοι
679 1404 727 1472 τῆς
745 1399 891 1483 άκριάείας.
945 1401 1744 1484 caesapositadicit:Sedenscontrasratremtuumrur.
1757 1430 1797 1464 ευ.

120 1478 184 1549 lieu
202 1489 236 1549 δν
259 1488 309 1568 μὲν
327 1494 372 1551 τὸν
388 1490 500 1572 ἀδελφάν
520 1515 559 1560 τις
579 1491 641 1571 εἴπῃ
656 1495 763 1564 κακῶς,
778 1492 824 1551 καί
843 1497 891 1564 τῆς
945 1492 1119 1572 loquebaris.
1142 1495 1250 1553 Patrem
1285 1515 1349 1553 νεεο
1381 1493 1549 1575 spiritualem
1579 1514 1660 1553 accu-

122 1580 293 1663 ἀναγνῶσεως
314 1587 368 1642 τῶν
382 1581 459 1643 θείων
474 1583 630 1665 ἀπείργεται
644 1584 769 1665 Γραφῶν.
796 1583 854 1643 Ἵνα
865 1581 892 1643 τί
944 1604 1016 1657 sans,
1030 1583 1176 1664 tediguum
1189 1599 1308 1666 reputas,
1319 1585 1367 1665 qui
1382 1584 1516 1643 addirina
1527 1583 1662 1645 vestibula

119 1671 165 1755 γάρ
185 1672 389 1752 ἀναλαμάάνεις
408 1671 458 1745 τλν
481 1674 608 1746 διαθήκην
630 1699 681 1753 μου
701 1674 745 1733 διὰ
760 1674 891 1754 στόματός
944 1674 1079 1734 accedas?
1094 1677 1238 1752 Quomodo
1251 1677 1303 1737 hoc
1316 1677 1462 1757 congruet?
1479 1677 1550 1735 Nam
1562 1675 1585 1734 si
1599 1696 1661 1734 rna·

120 1787 162 1827 retr
171 1790 181 1841 ;
190 1765 275 1848 φησίν
289 1770 305 1826 δ
318 1765 399 1834 este·
420 1757 479 1827 εἶτα
491 1766 540 1841 τλν
554 1768 640 1828 αἰτίαν
652 1769 747 1842 τιθεὶς,
762 1771 890 1852 ἐπήγαγε·
899 1805 936 1846 2⁸,
945 1766 1087 1828 ledicentes
1102 1769 1173 1850 patri
1191 1769 1236 1829 vel
1250 1770 1331 1829 matri
1351 1784 1436 1829 morte
1450 1768 1604 1827 moriuntur
1616 1788 1661 1827 se-
1671 1798 1751 1846 M·
1760 1812 1801 1848 ,ᾖ

117 1859 274 1936 Καθήμενοε
291 1856 363 1918 κατά
379 1864 426 1918 τοῦ
446 1860 560 1942 ἀδελφοῦ
584 1883 631 1922 σου
651 1863 813 1930 κατελάλεις.
836 1863 890 1924 Τδν
909 1861 928 1906 Α
946 1859 1065 1919 cundum
1086 1859 1183 1940 legem,
1196 1861 1270 1939 quali
1289 1860 1395 1941 judicio
1417 1861 1517 1941 dignus
1535 1860 1595 1935 erit,
1613 1860 1710 1938 qui¹7·

116 1949 294 2028 πνευματικὸν
308 1948 337 2008 δδ
354 1949 460 2030 πατέρα
472 1957 638 2034 κατηγορῶν,
655 1952 728 2020 ἄξιον
742 1944 809 2014 εἶναι
819 1953 892 2033 νομί·
944 1949 1103 2010 maledicere
1120 1951 1200 2011 audet
1218 1954 1252 2027 ei,
1272 1953 1318 2030 qui
1333 1954 1488 2033 parentibus
1507 1951 1561 2011 illis
1575 1951 1661 2030 magis

117 2042 407 2115 ζιιςσιωτδνέπιθῆναι
416 2047 470 2103 τῶν
480 2047 557 2127 ἱερῶν
568 2045 721 2127 πφοθύρων;
734 2046 851 2115 liciniae
859 2046 890 2106 ἂν
944 2043 1107 2103 necessarius
1119 2058 1168 2119 est,
1180 2058 1206 2102 et
1220 2044 1333 2103 melior?
1346 2049 1440 2103 Annon
1453 2044 1538 2115 tirnet,
1551 2064 1584 2102 ue
1593 2064 1661 2124 ape*
1697 2076 1814 2137 Qum„

116 2132 169 2215 ίχοε
180 2134 323 2214 λάγυν;Εέ
335 2133 387 2217 γὰρ
399 2137 425 2194 ul
433 2138 637 2216 κακολογοῦντες
645 2137 890 2221 πατέραῆμητέρα
944 2133 1124 2210 riarseterra,
1136 2151 1163 2196 et
1178 2138 1267 2218 ipsum
1279 2138 1427 2212 absorbeat,
1441 2135 1484 2196 vel
1498 2137 1599 2194 fulmen
1613 2156 1659 2194 su·
1670 2142 1699 2184 eit
1736 2154 1814 2197 rm·

117 2226 383 2307 θανάτφτελευτῶσι,
391 2226 470 2293 ποίας
478 2226 549 2296 ἄξιος
555 2228 630 2288 ἔσται
639 2228 735 2302 δίκηςθ
745 2229 789 2290 τὸν
799 2233 890 2312 πολλῷ
943 2247 1025 2307 perne
1041 2228 1166 2288 decidens
1185 2230 1345 2289 maledicam
1359 2230 1434 2289 illam
1448 2229 1569 2310 linguam
1582 2249 1659 2287 com·
1670 2200 1815 2308 :mm

116 2323 166 2378 οὖν
188 2320 291 2397 γονέων
311 2318 418 2379 ἐκείνων
440 2321 643 2403 ἀναγκαιότερον
657 2324 720 2382 ὄντα
734 2323 779 2384 καί
794 2325 890 2404 βελτίω
944 2317 1046 2377 burat?
1063 2322 1122 2379 Non
1137 2320 1237 2380 audisti
1249 2321 1316 2400 quid
1330 2343 1406 2400 passa
1420 2321 1456 2380 sit
1469 2321 1554 2380 illusis
1567 2327 1712 2400 soror,1›u·
1743 2324 1815 2368 mete·

117 2413 220 2488 τολμῶν
233 2411 323 2491 λέγειν
343 2414 449 2485 κακῶς
467 2412 522 2472 Καί
541 2416 570 2472 αθ
588 2414 705 2490 δέδοικε,
720 2415 823 2493 μήποτε
835 2418 890 2475 δια·
942 2411 1463 2493 principimaledicensi'quomodosacta
1470 2412 1504 2473 sit
1513 2411 1663 2483 immunda,
1671 2389 1754 2433 ‘hm‘

118 2513 201 2563 στᾶσα
221 2508 240 2576 ἡ
263 2507 300 2583 γῆ
321 2506 458 2572 παντελῶς
481 2506 559 2566 αθτδν
579 2506 708 2588 ἀφανίσῃ,
731 2507 749 2580 ἦ
773 2510 891 2582 σκηπτὸς
942 2502 1069 2564 inciderit
1082 2505 1110 2564 in
1125 2505 1241 2586 lepram,
1257 2525 1391 2564 summam
1407 2503 1564 2563 sustinuerit
1581 2503 1662 2584 ignu-

120 2590 213 2654 ἀνιιιθεν
232 2593 401 2675 κατενεχθεὶς
414 2594 567 2678 καταφλέξῃ
583 2595 632 2670 τὴν
651 2599 797 2682 κατήγορον
807 2603 893 2679 γλῶτ·
944 2596 1057 2656 miniam
1065 2643 1075 2670 ,
1088 2597 1170 2657 fratre
1183 2601 1272 2658 Deum
1287 2611 1389 2674 orante,
1399 2595 1507 2659 veniam
1520 2615 1573 2654 non
1591 2595 1663 2655 obti-

119 2707 179 2759 ταν,
198 2688 260 2747 Οὐκ
277 2685 396 2758 ἥκουσαι
417 2687 444 2747 τί
464 2686 624 2760 πέπονθενὴ
641 2690 777 2761 Μωϋσέως
790 2691 890 2773 ἀδελφὴ
944 2689 1047 2768 nucrit3
1070 2690 1175 2750 tametsi
1204 2690 1252 2750 illa
1274 2691 1332 2772 ipsa
1358 2703 1442 2761 esset,
1459 2709 1519 2767 quae
1541 2701 1663 2747 sanctum

121 2783 282 2839 κατειποῦσα
292 2784 339 2838 τῶ
349 2777 490 2860 ἄρχοντος
502 2784 560 2847 πῶς
574 2780 721 2861 ἀκάθαρτος
730 2783 830 2863 γέγονε,
846 2785 892 2844 καὶ
940 2782 1021 2841 illum
1036 2796 1239 2864 exposuerat,et
1251 2804 1302 2863 pru
1314 2783 1371 2863 ejus
1385 2779 1544 2840 siccatione
1554 2778 1582 2839 id
1595 2779 1662 2840 effe·

122 2870 156 2935 είς
167 2868 270 2950 λέπραν
287 2868 416 2943 ἐνέπεσε,
430 2871 476 2930 καί
489 2870 539 2943 την
550 2873 665 2952 ἐσχάτην
676 2875 816 2954 ὑπέμεινεν
828 2881 890 2937 cirt-
941 2887 1022 2949 cerat,
1032 2887 1062 2933 nt
1074 2875 1132 2954 ejus
1148 2874 1271 2933 materin
1287 2873 1420 2933 nutricem
1434 2885 1625 2944 assumeretur,
1635 2885 1663 2932 et

122 2958 190 3037 μίαν,
212 2961 262 3020 καὶ
285 2966 333 3022 τοῦ
356 2962 467 3042 ἀδελφοῦ
487 2967 702 3044 παρακαλοῦντος
715 2966 761 3026 καί
774 2971 813 3048 τῷ
827 2971 890 3048 Θεῷ
942 2986 976 3025 ne
984 2965 1091 3048 puellus
1100 2966 1129 3024 in
1142 2966 1283 3026 barbarico
1296 2966 1356 3050 sinn
1368 2965 1551 3041 enutriretur,
1564 2962 1664 3025 deinde

122 3051 346 3131 ψπῖπτθντθς,
359 3055 483 3133 <tridentis
495 3055 574 3137 ἔτυχε
582 3057 753 3137 συγγνώμης,
765 3059 833 3120 ἀλλὰ
845 3059 889 3118 καὶ
905 3078 925 3126 n
944 3081 1006 3120 vero
1020 3058 1182 3117 feminarum
1194 3058 1328 3118 exercitus
1342 3056 1402 3117 dux
1421 3056 1473 3115 init
1492 3056 1560 3115 sicut
1573 3060 1663 3118 Moses

122 3144 241 3222 ἐτθεμένη
258 3145 305 3204 τὸν
320 3146 395 3227 άγιον
417 3148 526 3221 ἐκεῖνον,
544 3147 590 3207 καί
605 3149 670 3230 πρὸς
680 3149 728 3223 τὴν
741 3150 890 3232 ἀνατροφὴν
942 3150 1064 3209 virorum
1079 3172 1088 3225 ρ
1106 3170 1251 3227 omnesque
1279 3168 1341 3209 curn
1367 3148 1416 3208 illo
1441 3148 1506 3208 tulit
1519 3170 1662 3226 aerumnas,

122 3237 194 3296 αὐτοῦ
217 3237 415 3312 αυντελέσασα,
431 3237 477 3297 καί
491 3237 562 3307 ὅπως
575 3246 592 3312 ἡ
607 3241 696 3322 μήτηρ
709 3242 811 3322 γένοιτο
828 3265 890 3322 τρο-
942 3262 1007 3301 vere
1028 3261 1104 3300 soror
1120 3241 1206 3300 Musis
1225 3241 1355 3301 exsistens
1376 3265 1383 3298 ε
1400 3254 1586 3300 verumtamen
1599 3261 1662 3301 cum

123 3327 172 3407 φίκ,
192 3329 241 3389 καὶ
260 3329 301 3409 μὴ
321 3335 348 3391 ἐν
373 3331 524 3412 βαφάαροιῇ
542 3334 612 3412 χειρί
633 3339 720 3415 τραφῇ
734 3334 765 3394 τὸ
784 3335 889 3395 παιδίον
943 3332 1097 3409 maledixit,
1111 3332 1216 3393 nihilci
1230 3333 1390 3414 profuerunt
1403 3333 1460 3392 haec
1473 3332 1564 3392 oruuia
1575 3331 1610 3391 ad
1622 3332 1662 3392 ei-

121 3418 227 3502 ίξαμγῆς
237 3423 435 3504 συμπράξασα,
449 3423 573 3503 >culperis
585 3432 668 3486 ταῦτα
680 3428 890 3509 στραεηγάσασα
940 3423 1097 3504 fugiendam
1106 3425 1174 3484 iram
1182 3426 1233 3484 Dei
1244 3450 1251 3483 ι
1264 3425 1312 3485 sed
1325 3445 1374 3484 uec
1386 3427 1485 3500 Moses,
1498 3424 1547 3502 qui
1557 3437 1662 3483 tanturn

120 3520 160 3574 τοῦ
177 3514 329 3594 γυναικείου
354 3515 458 3595 γένους,
485 3516 605 3598 καθάπερ
624 3521 742 3592 Μωθσῆς
764 3525 811 3578 τοῦ
835 3523 888 3579 τῶν
939 3516 1154 3597 populum,post
1167 3516 1301 3596 ingentem
1317 3516 1392 3574 illam
1405 3515 1582 3596 impietatem,
1598 3536 1662 3596 pre

120 3606 227 3684 ἀνδρῶν,
255 3607 304 3666 καί
331 3608 421 3668 πάντα
443 3611 660 3690 συνδιενεγκοῦσα
680 3610 715 3671 τὰ
738 3611 820 3687 δεινδι,
843 3612 889 3671 καί
942 3608 1018 3668 cibus
1037 3609 1210 3689 expiaverat,
1226 3631 1276 3690 pro
1292 3628 1382 3668 sorore
1396 3607 1552 3689 supplicans
1568 3621 1593 3667 el
1612 3629 1662 3668 ve-

120 3697 214 3780 ἀθελφὴ
241 3698 379 3768 mosaco<
405 3691 489 3777 udor,
513 3704 586 3764 οὐδὲν
614 3701 687 3782 ὅμως
713 3705 766 3765 ἀπδ
789 3703 887 3765 τούτων
940 3701 1014 3761 niam
1032 3716 1143 3783 petens,
1156 3701 1264 3783 placare
1286 3704 1374 3762 Deum
1392 3703 1495 3784 potuit,
1510 3701 1558 3761 scd
1578 3701 1613 3762 ab
1630 3724 1662 3763 eo

119 3787 239 3850 ἀπάντων
259 3791 398 3871 ἐκέρδανεν
419 3796 456 3861 είς
478 3795 509 3854 τδ
530 3795 665 3876 διαφυγεῖν
684 3795 732 3867 την
745 3796 826 3876 ὀργὴν
842 3805 888 3858 τοῦ
940 3794 1019 3855 valde
1042 3795 1091 3854 illa
1116 3795 1287 3876 increpatur:
1313 3816 1368 3874 quo
1390 3794 1527 3855 discamus
1548 3809 1575 3855 et
1599 3818 1659 3870 nos,

119 3881 182 3941 oret
202 3881 249 3943 ἐπὶ
266 3887 301 3963 τῇ
317 3884 479 3965 κακηγορίφ;
493 3888 552 3946 ἀλλ’
567 3889 724 3962 &Mulio-ie,
737 3893 752 3949 θ
764 3896 887 3950 τοσοῦτον
939 3901 1071 3964 quantum
1083 3886 1186 3946 malunt
1203 3885 1240 3947 sit
1251 3886 1424 3968 principibus
1443 3887 1619 3965 maledicere,
1634 3904 1661 3949 et

118 3971 174 4033 λαδν
195 3974 404 4054 ἐξαιτησάμενος
425 3976 493 4054 μετδι
506 3977 554 4052 την
568 3979 669 4060 ἄφατον
684 3981 807 4043 catturae
821 3983 887 4043 ἐκεί·
938 3977 973 4037 de
991 3977 1107 4038 aliorum
1126 3977 1250 4059 judicare
1271 3979 1338 4041 rita.
1360 3979 1470 4039 Etenim
1492 3979 1520 4039 iu
1544 3979 1590 4040 die
1610 3981 1660 4041 illo

119 4084 169 4140 tut,
179 4055 257 4134 olaus
268 4071 336 4149 ὑπὲρ
346 4072 395 4141 τῆς
406 4070 521 4151 ἀδελφῆς
531 4071 705 4151 προσπίπτων
716 4075 762 4135 καὶ
773 4075 886 4156 συγγνάο
939 4091 992 4130 non
1007 4071 1095 4130 solutu
1104 4071 1138 4131 de
1148 4070 1181 4130 iis
1195 4094 1255 4151 qua
1268 4093 1316 4132 nos
1327 4074 1514 4153 peccavimus,
1524 4073 1572 4134 sed
1586 4088 1612 4134 et
1624 4074 1660 4135 de

119 4177 165 4231 μην
181 4161 276 4231 αἰτῶν,
291 4163 341 4218 οὔκ
353 4159 459 4241 ἴσχυσεν
472 4161 536 4223 ίλεω
550 4169 660 4237 ποιῆσαι
671 4166 716 4226 τὸν
727 4168 806 4241 Θεὸν,
817 4167 886 4228 α’λλδι
902 4171 921 4220 G
938 4165 982 4240 iis,
998 4166 1034 4224 ob
1048 4165 1148 4243 quain
1164 4163 1233 4224 alios
1242 4166 1400 4225 seutentiam
1413 4165 1536 4241 tulimus,
1549 4167 1659 4228 omnino

118 4248 158 4308 “l
177 4253 327 4331 ‘mv-3³⁰
342 4255 474 4333 σφοδρῶς·
490 4254 533 4313 ἵνα
544 4256 670 4335 μάθοιμεν
681 4262 757 4337 ἡμεῖς
768 4259 828 4320 ὅσον
838 4285 886 4320 κα·
935 4257 1071 4338 judicabit
1088 4279 1136 4317 uos
1153 4259 1236 4319 Deus.
1255 4256 1291 4317 Et
1306 4258 1379 4337 quod
1395 4279 1468 4338 saepe
1484 4272 1580 4317 natura
1600 4259 1658 4319 leve

117 4339 158 4401 etv
170 4343 245 4417 ἐστι,
263 4342 297 4402 el
316 4341 377 4412 τοὺς
394 4347 524 4427 ἄρχοντας
543 4347 629 4427 λέγειν
649 4355 747 4425 κακῶς,
767 4350 886 4428 καὶτοὺς
937 4366 1079 4434 peccatum
1092 4367 1142 4429 est,
1158 4351 1210 4410 lroc
1227 4372 1309 4431 grave
1329 4365 1421 4410 utnon
1439 4351 1598 4430 ignoscibile
1613 4353 1656 4428 fir,

116 4431 206 4515 ίιίρων
225 4434 324 4514 κρίνειν
347 4435 428 4515 βίους.
458 4438 578 4520 Καίγδιρ
592 4440 885 4523 ἐπίτῆςήμέραςέκεί-
938 4443 1006 4503 dum
1022 4464 1135 4524 peccans
1157 4443 1258 4501 deulio
1275 4441 1391 4522 judicat.
1415 4443 1495 4501 Forte
1518 4464 1570 4501 non
1593 4445 1658 4504 satis

114 4546 171 4596 νης,
192 4529 241 4586 οὔκ
257 4530 304 4606 ἀφ’
324 4519 362 4588 ὧν
376 4529 563 4612 ἁμαρτάνομεν
576 4533 675 4612 μόνον,
696 4536 824 4596 ἀλλὰκαὶ
841 4540 885 4618 ἐφ’
938 4535 1021 4595 claret
1042 4535 1115 4613 quod
1140 4533 1277 4608 diximus,
1299 4535 1383 4614 igitur
1404 4534 1504 4594 clarius
1526 4534 1657 4599 dicemus.

113 4602 259 4699 ὗνὲτέροις
272 4620 469 4700 ἐψηφισάμεθα,
482 4632 566 4703 κρινεῖ
575 4625 680 4692 πάντως
693 4631 758 4706 ἡμῖν
774 4630 884 4699 θΘεός·
939 4628 1062 4689 Peccavit
1078 4627 1193 4705 aliquis,
1208 4641 1233 4685 et
1246 4627 1331 4687 alium
1354 4625 1427 4686 idem
1447 4628 1657 4689 committentem

113 4706 155 4767 καὶ
175 4710 309 4777 πολλάκις
330 4712 396 4793 δτῇ
420 4713 496 4794 φύσει
515 4716 610 4796 κοῦφόν
633 4720 703 4778 ἐστιν
727 4720 885 4801 ἁμάρτημα,
939 4734 1078 4802 peccatum
1101 4718 1289 4779 condemnavit
1312 4719 1365 4778 :is
1389 4719 1417 4779 in
1442 4720 1487 4779 die
1514 4719 1561 4779 illo
1578 4720 1660 4783 valde

110 4805 185 4862 τοῦτο
206 4803 327 4883 χαλεπὸν
356 4804 401 4864 καὶ
432 4806 615 4886 ἀοιίγγνωστον
644 4811 764 4891 γίγνεται
784 4816 817 4892 τῇ
839 4820 885 4874 τοῦ
938 4834 1031 4872 amaro
1045 4833 1097 4870 non
1114 4832 1171 4870 eant
1188 4803 1380 4892 poeuanrluet,
1395 4833 1476 4891 quam
1491 4812 1592 4892 peccati
1607 4833 1658 4872 ua,

111 4894 308 4977 άμαρτάνοντος
330 4897 392 4979 περὶ
411 4897 501 4979 ἐτέρου
520 4900 614 4979 κρίσει.
641 4904 724 4982 Τάχα
738 4906 837 4985 ἀσαφὲς
854 4906 885 4967 τὸ
938 4918 1000 4964 tura
1017 4904 1147 4986 exposcit,
1160 4903 1208 4963 sed
1223 4904 1351 4983 majorem
1369 4925 1451 4983 quarn
1469 4903 1618 4985 duplicem,
1631 4919 1657 4967 et

110 4988 267 5066 εἰρημέναι·
288 4991 381 5048 οὐκοῦν
403 4991 467 5050 αὐτὸ
488 4993 569 5072 σαφὲς
585 4999 695 5067 ποιῆσαι
714 4995 883 5079 πειράσομαι.
938 4997 1088 5078 triplicem:
1108 5017 1160 5055 non
1182 4996 1254 5054 enim
1269 4995 1340 5074 quod
1355 4996 1412 5076 ipse
1431 4997 1657 5078 peccaverit,sed
1687 4985 1696 4993 ’

109 5076 238 5161 Ἥμαρτέ
255 5105 311 5150 τις’
335 5081 425 5162 inpos
443 5083 628 5164 &peperissem
641 5086 689 5160 τὴν
703 5089 784 5162 αὐτὴν
795 5091 884 5174 ἁμαρ-
937 5089 1011 5169 quod
1025 5089 1054 5150 in
1066 5090 1150 5148 alium
1160 5088 1285 5148 similiter
1294 5088 1402 5170 lapsum
1412 5104 1467 5150 tam
1478 5110 1589 5170 gravem
1602 5092 1656 5153 cal-

107 5169 168 5229 ῖῖθῑ*
188 5171 348 5231 κατεδίκασε
371 5175 499 5254 σφοδρῶς·
522 5174 570 5235 Ἐν
593 5182 627 5258 τῇ
648 5179 735 5260 ἡμέρα
748 5182 836 5261 ἐκείνῃ
854 5185 883 5243 οὗ
939 5181 1031 5240 culum
1046 5181 1146 5259 tulerit,
1160 5180 1324 5261 supplicium
1343 5180 1384 5240 illi
1404 5181 1550 5243 destinabit
1568 5186 1653 5244 Deus.

107 5261 242 5334 τοσαύτην
258 5265 406 5355 ἐπισπᾶται
417 5265 535 5344 κολασιν,
546 5267 638 5341 duruit
653 5271 729 5352 φάσις
738 5276 786 5345 τῆς
797 5274 884 5357 ἆμαρ·
901 5288 921 5335 D
940 5275 1034 5335 Ethuc
1053 5296 1149 5337 verum
1170 5294 1238 5354 csse,
1252 5294 1287 5336 cx
1302 5273 1336 5335 iis
1346 5275 1548 5356 qttaejamsacta
1558 5288 1656 5339 suntet
