3764 5992
270 422 301 472 s.
328 418 468 472 rosums
492 415 674 494 cnrrsosr.
702 401 861 464 tucatur.
887 413 1158 464 consrsurmoe.

21 543 194 619 unanimiter,
209 564 264 605 uno
273 558 320 606 tre
333 563 440 623 unaque
451 540 549 616 anima,
560 558 658 621 perpe-
711 536 893 619 ipudopioose
913 535 1130 620 ιῦχαρισιηρίως
1145 534 1244 615 ὕμνων
1258 539 1342 620 αὐτῷ,
1355 536 1398 597 ὅτι
1417 540 1489 618 αὐτῷ

20 638 168 720 gratiarum
195 635 308 707 actionis
329 636 448 716 hymnos
472 632 526 714 ipsi
552 631 660 692 debitos
712 630 807 705 ἡδόξα
822 631 868 692 καὶ
886 631 918 692 τὸ
936 633 1047 712 κράτος,
1060 633 1097 698 εἰς
1111 629 1175 699 τοὺς
1189 632 1290 701 αἰῶνας
1298 635 1354 692 τῶν
1376 631 1488 692 αἰώνων.

0 751 103 808 mmm,
113 728 241 808 quoniam
250 727 302 809 ipsi
316 726 402 807 gloria
416 738 443 785 et
455 722 611 806 imperium,
631 722 661 783 in
714 722 807 802 Ἀμήν.

33 851 36 872 e
56 819 224 881 seculorum.
238 821 333 879 Amen.

517 1198 926 1367 niomium

362 1544 426 1620 nn
450 1542 574 1620 nous
598 1506 826 1618 nonnus
849 1539 900 1615 m
924 1542 1084 1633 nunu,

316 1797 540 1860 sAquru
560 1795 817 1859 PRISCILLAM
831 1798 891 1857 ET
908 1796 1121 1878 AQuluAtr.

10 2055 30 2095 x
42 2033 117 2095 bisce
129 2031 237 2093 duabus
248 2031 368 2094 homiliis
377 2032 427 2094 vix
441 2031 590 2113 quidquam
605 2051 698 2092 eruere
708 2050 863 2112 possumus,
877 2029 950 2091 unde
962 2052 1017 2112 quo
1030 2030 1132 2100 habite
1146 2045 1269 2115 tempore
1288 2033 1390 2096 sumini
1409 2039 1481 2120 erpi·

0 2148 66 2204 our,
79 2126 132 2186 hoc
146 2145 230 2185 unum
241 2138 282 2185 sat
293 2123 431 2205 probabili
444 2124 596 2205 conjectura
605 2121 669 2182 sulti
678 2121 808 2199 dicimus,
819 2122 951 2184 nimirum
964 2124 1113 2186 verisimile
1131 2146 1187 2186 esse
1199 2125 1263 2187 illas
1274 2128 1425 2204 Antiocbiae
1433 2130 1481 2192 ba·

1 2217 118 2278 afuisse.
134 2215 244 2276 Etenim
257 2215 338 2276 illum
352 2215 381 2275 in
396 2214 556 2276 sacerdotali
569 2211 660 2274 adhuc
673 2212 768 2274 ordine
779 2214 863 2275 fuisse
871 2215 952 2296 argui
966 2215 1077 2277 videtur
1091 2236 1126 2278 ex
1138 2216 1173 2278 iis
1183 2239 1244 2297 quae
1257 2217 1294 2280 de
1306 2220 1486 2284 saccutum

12 2330 34 2385 s,
42 2309 71 2368 in
81 2312 134 2388 qua
144 2307 268 2388 degebat,
282 2307 358 2367 urbis
371 2307 474 2386 aliquot
482 2308 512 2366 in
520 2302 587 2366 locis
597 2305 651 2381 ait;
662 2305 888 2367 maximeveroin
899 2308 1017 2368 secunda
1025 2309 1151 2387 bomilia,
1164 2331 1242 2370 num.
1257 2313 1288 2389 5,
1296 2313 1346 2373 nbi
1354 2314 1489 2376 auditores

18 2421 68 2478 ns,
77 2400 150 2480 quod
157 2399 271 2481 quidam
278 2399 405 2460 eorumin
412 2397 560 2459 sacerdotes
568 2398 667 2479 probra
678 2412 704 2458 et
711 2397 832 2459 convicia
837 2398 973 2479 jacerent;
982 2399 1031 2460 alii
1040 2422 1104 2462 vero
1125 2401 1183 2462 buc
1191 2401 1333 2464 audientes
1343 2406 1488 2468 maledicos

0 2521 3 2545 ι
21 2513 74 2553 non
86 2505 294 2574 compescerent,
308 2491 375 2551 talia
392 2492 466 2552 fatur
479 2515 485 2548 ι
501 2491 581 2570 Quid
587 2491 649 2550 illis
659 2492 882 2571 sueritbeatins,
894 2493 967 2572 quid
974 2505 1073 2552 autem
1085 2497 1168 2554 nobis
1178 2484 1340 2556 miserius?
1355 2499 1491 2576 φυσιώ-

3 2614 10 2634 1
26 2607 64 2644 *m
87 2586 139 2645 ild
148 2588 322 2666 sanguinem
335 2597 364 2644 et
377 2586 511 2644 animam
520 2603 577 2661 pre
590 2584 817 2663 preceptoribus
835 2584 1066 2663 profundebant,
1079 2606 1131 2646 nos
1150 2598 1251 2646 autem
1261 2607 1358 2669 neque
1368 2593 1491 2650 uerbum

11 2680 215 2738 communibus
225 2678 373 2756 patribus,
387 2675 453 2756 ὑπὲρ
465 2679 518 2735 τῶν
533 2678 627 2735 κοινῶν
641 2673 774 2754 πατέρων,
786 2676 916 2734 emittere
936 2677 1089 2749 audemus,
1114 2679 1168 2737 sed
1186 2699 1254 2738 cum
1275 2681 1436 2743 audiamus
1453 2685 1492 2742 eis

25 2771 86 2828 dici
95 2782 124 2827 et
132 2770 271 2827 conviciis
280 2787 328 2826 eos
335 2767 523 2826 dehonestari
533 2778 562 2828 et
574 2786 594 2825 a
604 2768 666 2826 suis
675 2778 704 2825 et
712 2766 751 2823 ab
760 2763 879 2839 alienis,
889 2765 1050 2827 maledicos
1061 2789 1155 2849 neque
1167 2773 1390 2850 compescimus,
1402 2794 1494 2855 neque

18 2859 202 2933 eluendimus,
215 2878 309 2938 neque
319 2857 515 2936 probibemus.
535 2856 601 2915 Huc
621 2869 692 2916 certe
706 2875 760 2915 non
778 2854 906 2916 ridentur
929 2877 986 2917 esse
1001 2857 1075 2918 dicta
1091 2859 1279 2941 chrysostomi
1288 2862 1348 2943 jam
1372 2864 1492 2950 episcopi

7 2948 257 3030 stantinopolitani:
270 2967 357 3027 neque
367 2946 440 3007 enim
454 2947 501 3007 ille
511 2949 570 3029 jam
583 2947 725 3029 episcopus
738 2947 888 3008 sacedotes
897 2948 1035 3028 illos,qni
1049 2950 1181 3012 conviciis
1194 2951 1409 3034 impetebantur,
1426 2977 1494 3019 oum·

3 3061 43 3101 es
56 3053 147 3122 patres
160 3040 341 3121 appellasset;
355 3038 414 3099 veri
427 3052 517 3099 autem
532 3038 650 3099 similius
663 3053 703 3100 est
723 3061 797 3116 eum,
809 3059 872 3100 cum
886 3040 1002 3101 seniores
1016 3041 1144 3102 Ecclesia
1158 3043 1332 3107 Antiochenae
1344 3048 1494 3111 sacerdotes

0 3142 57 3192 bns
66 3145 191 3191 oneratos
203 3144 331 3206 cerneret,
348 3128 455 3190 eosdem
469 3129 646 3211 putrumloco
654 3130 793 3211 babuisse,
807 3131 899 3212 sicque
905 3132 1062 3215 appellasse.
1069 3135 1101 3194 ln
1115 3135 1191 3196 hisce
1200 3158 1283 3217 porm
1289 3137 1400 3200 duabus
1410 3141 1497 3203 bomi-

8 3221 37 3282 id
48 3221 231 3283 demonstrare
244 3221 340 3282 nititur
354 3221 571 3302 chrysostomus,
585 3219 660 3300 quod
669 3235 695 3281 et
708 3221 776 3282 alibi
791 3223 954 3302 frequenter,
964 3223 1093 3287 nimirum
1105 3226 1304 3310 inscriptiones,
1314 3233 1494 3315 nominapro·

0 3347 22 3393 2,
37 3314 220 3388 salutationes,
230 3315 350 3394 aliasque
363 3313 540 3393 quantumvis
550 3313 677 3373 minimas
697 3313 845 3396 Scripturae
859 3336 941 3375 sacrae
962 3317 1120 3397 particulas,
1133 3339 1187 3378 non
1209 3340 1435 3404 supervacaneos,
1448 3325 1495 3386 sed

1 3421 94 3488 genter
103 3406 424 3468 excutiendasessetcum
432 3426 499 3467 vero
505 3405 694 3487 inscriptiones
698 3417 724 3465 et
730 3405 839 3465 nomina
847 3422 1039 3468 commemorat
1045 3408 1251 3470 initiosecnndae
1260 3406 1425 3499 dicens,dpoe
1431 3417 1493 3498 ἐρά-

17 3499 62 3560 καὶ
76 3497 238 3582 ἐπιγραφὰς,
250 3499 296 3560 xol
305 3498 488 3579 deducemini
497 3498 576 3581 ψιλὰς
584 3498 802 3581 περιεργάζεσθαι
810 3499 986 3580 προσρήσεις,
996 3502 1076 3560 Num
1086 3502 1231 3562 didicistis
1243 3516 1271 3563 et
1277 3507 1492 3589 inscriptiones,

6 3596 127 3669 mina,
138 3604 167 3653 ct
188 3593 334 3673 simplices
352 3592 546 3652 salutationes
562 3592 720 3673 diligenter
735 3594 769 3650 in
785 3591 942 3670 Scriptums
961 3595 1155 3671 excutienda5
1169 3614 1241 3671 orm,
1257 3595 1386 3676 inquam,
1400 3598 1490 3660 inscri-

0 3705 68 3761 nes,
79 3697 106 3744 et
118 3683 238 3760 nomina,
248 3683 279 3743 id
290 3698 339 3764 est,
354 3684 464 3745 nomina
487 3683 597 3765 propria
612 3695 817 3760 commemorat,
831 3681 1003 3744 subindicare
1022 3705 1133 3766 prursns
1147 3684 1257 3746 ridetur
1267 3702 1389 3766 quatum
1397 3690 1491 3752 Homi-

1 3796 85 3855 ,quas
96 3774 131 3835 de
137 3775 311 3858 inscriptione
317 3779 436 3838 Actuum
443 3776 530 3856 deqrm
539 3775 600 3836 aliis
607 3776 754 3857 Scripturae
763 3796 845 3835 sucre
858 3775 1089 3857 inscriptionibus,
1104 3797 1206 3838 necnon
1217 3793 1336 3857 quatuor
1349 3782 1419 3843 alias
1428 3804 1494 3863 qous

3 3867 165 3943 ominibus,
179 3889 211 3928 uc
226 3867 261 3928 de
274 3869 417 3930 nominum
431 3869 580 3929 mutatione
592 3867 741 3927 Antiochiae
759 3867 898 3927 babuerat.
917 3866 1000 3929 Unde
1014 3866 1096 3928 etiam
1109 3868 1214 3929 eruitur
1228 3869 1310 3931 hasce
1323 3871 1396 3933 duas
1408 3872 1490 3934 bomi-

1 3957 171 4018 ·Antiocbiae
193 3958 300 4020 habitas
323 3960 527 4037 fuissetnam,
550 3973 581 4018 ot
601 3959 696 4038 liquet,
719 3958 846 4019 cumdem
870 3958 918 4021 ille
944 3959 1096 4041 populum,
1112 3960 1159 4042 qui
1184 3976 1349 4024 memoratas
1371 3963 1490 4024 autimi

0 4052 27 4105 ι’
42 4051 89 4127 'as,
99 4050 257 4130 alloquitur.
564 4055 576 4075 ‘

3 4154 9 4175 ’
32 4143 95 4205 ’oris
101 4143 221 4204 homiliae
237 4144 421 4227 interpretatio
429 4140 525 4205 Latina
533 4154 573 4204 est
585 4142 729 4204 l'rontonis
737 4142 839 4220 Ducaei,
851 4142 1005 4224 posterioris
1019 4165 1084 4208 vero
1093 4142 1264 4226 sigismundi
1276 4146 1398 4228 Gelenii,
1413 4169 1486 4228 quam

13 4240 47 4300 tis
57 4238 86 4299 in
95 4235 162 4298 locis
176 4235 378 4331 castigavimus.
