3764 5992
102 398 140 467 'x
800 412 985 462 riarium.

116 532 527 620 multitudinelongi'tudincque
539 539 577 600 ita
590 537 708 621 gaudere
720 535 859 613 videntur,
872 549 914 609 ut,
928 534 1004 595 nullo
1017 533 1111 595 liabito
1124 550 1266 596 auctorum
1276 535 1443 608 discrimine,
1465 549 1541 598 notas
1554 536 1659 616 ubique

116 625 278 703 desiderent,
298 649 352 690 nou
363 628 530 692 advertentes
542 631 699 713 scriptorem
711 628 759 708 qui
770 628 798 687 iri
809 631 910 700 ἠθικοῖς
921 647 1026 708 semper
1036 640 1167 707 versatur,
1179 641 1205 688 et
1212 649 1317 688 summa
1326 627 1516 710 perspicuitate
1525 628 1659 707 loquitur,

116 718 204 798 qualis
220 732 259 780 est
274 718 495 802 Chrysostomus,
511 745 565 784 non
578 737 618 783 ιοι
631 744 708 802 egere
721 720 800 781 notis.

157 811 247 871 Erunt
259 812 341 873 etiam
354 814 403 893 qui
415 815 516 875 vellent
532 837 575 876 me
588 815 677 875 omnia
691 815 720 876 S.
735 810 847 876 Joannis
860 807 1048 892 Chrysostomi
1067 832 1147 893 opera
1164 832 1235 872 nova
1254 811 1472 894 interpretatione
1485 811 1631 872 donavisse
1649 836 1656 869 ε

118 903 194 982 queis
206 918 276 964 certe
289 905 441 966 maximam-
457 906 572 986 gratiam
585 907 680 982 habco,
695 904 769 984 quod
786 925 830 964 me
844 917 884 963 tot
897 902 1032 982 tantisque
1044 903 1112 964 viris
1129 903 1225 982 quide
1239 906 1337 965 Graeco
1358 904 1387 964 iii
1406 905 1535 965 latinum
1548 904 1656 965 diverse

118 989 303 1076 Chrysostcmi
317 1017 397 1078 opera
415 1011 614 1076 convertemur,
629 997 729 1078 ipsique
740 996 905 1079 optimorum
919 996 1217 1079 interpretumlaudem
1237 996 1329 1076 adepti
1343 1011 1414 1073 sunt,
1440 1009 1602 1076 anteponere
1615 995 1657 1055 vi·

117 1083 241 1148 deantur.
254 1089 359 1148 Verum
370 1108 436 1169 pace
444 1087 553 1148 illorum
566 1089 693 1167 dixerim,
706 1109 760 1149 non
775 1088 897 1149 consulto
908 1107 951 1146 me
962 1087 1097 1146 iacturum
1109 1088 1190 1147 fuisse
1201 1087 1224 1146 si
1235 1087 1364 1148 Gentiani
1373 1087 1495 1161 Herve'ti,
1514 1087 1658 1145 Frontonis

118 1176 224 1253 Ducaei,
236 1177 400 1258 alteriusque
409 1180 528 1256 Jcsuitm,
541 1181 703 1260 quilibrum
717 1202 762 1240 cui
753 1179 884 1257 titulus,
899 1179 985 1258 Quod
998 1199 1083 1237 nemo
1095 1179 1214 1238 inditur
1226 1183 1284 1238 nisi
1294 1199 1314 1238 a
1328 1183 1431 1258 seipso,
1450 1178 1558 1257 egregie
1572 1191 1658 1236 trans·

118 1267 192 1340 tulit,
208 1289 358 1348 nomenque
370 1271 463 1348 tacuit,
481 1270 589 1331 Erasini
606 1283 635 1333 οι
645 1271 771 1344 alionum,
792 1282 851 1350 qur
832 1269 920 1331 bene
933 1269 1128 1352 interpretandi
1141 1269 1223 1330 laude
1235 1269 1385 1346 floruere'
1377 1268 1609 1350 interpretationes
1623 1269 1658 1328 de

43 1435 44 1439 Ἰ
118 1357 209 1418 medio
219 1359 396 1439 sustulissem,
410 1375 440 1420 ιιι
457 1381 530 1423 meus
540 1363 740 1423 substituerem.
754 1363 825 1424 Natu
834 1351 903 1423 bene
912 1362 1098 1428 concinnatam
1113 1361 1358 1448 interpretationem
1376 1382 1520 1437 removere,
1534 1374 1562 1420 et
1575 1361 1657 1419 aliam

118 1449 289 1526 substituere,
313 1450 345 1510 id
355 1465 425 1512 certe
437 1468 477 1513 cst
490 1467 579 1513 actum
593 1446 688 1535 agere,
717 1468 748 1514 ut
761 1467 863 1514 taceam
875 1453 1043 1555 perieulum,
1059 1473 1093 1512 ne
1106 1473 1197 1512 recens
1223 1443 1366 1511 inducta'
1358 1451 1541 1533 interpretatio
1566 1452 1662 1512 minus

117 1541 236 1623 placeat,
256 1563 339 1622 quiam
351 1564 382 1603 ea
394 1561 455 1625 quer
471 1544 505 1605 de
518 1545 608 1607 medio
619 1546 725 1606 sublata
735 1546 795 1605 tuit.
809 1546 991 1618 Quamobrem
1003 1544 1122 1625 priscum
1131 1543 1285 1603 institutum
1296 1544 1409 1602 retinere
1421 1541 1593 1602 hauddubie
1609 1564 1658 1624 par

118 1645 181 1710 est5
192 1647 222 1693 ut
233 1647 350 1695 veterem
359 1625 490 1715 quid'etri
481 1637 727 1719 interpretationem
739 1654 900 1713 removeam,
916 1636 1043 1717 quando'
1035 1649 1166 1717 interpres
1177 1635 1212 1696 de
1224 1635 1338 1696 Graeco
1330 1657 1358 1697 in
1373 1635 1501 1696 Latinum
1514 1647 1657 1719 παραφρα-

117 1729 214 1794 οτικῶς
229 1726 369 1803 convertit,
383 1740 409 1786 et
419 1727 550 1788 inutiliter
562 1729 650 1789 verhi
658 1723 832 1812 multiplicat,
847 1726 936 1810 quasis
948 1741 989 1789 est
1002 1729 1103 1808 ubique
1117 1722 1284 1789 Godefridiis
1298 1719 1479 1798 Τῦιυιιιιιῡι;
1490 1740 1538 1786 aut
1549 1721 1658 1807 quando

117 1815 235 1876 nimium
246 1838 267 1876 a
275 1817 378 1878 Graecis
394 1816 522 1892 deflectit,
541 1815 589 1879 vel
597 1835 659 1880 cuni
669 1819 824 1880 intricatum
835 1808 1032 1901 interpretandi
1046 1831 1129 1899 genus
1140 1819 1309 1924 aggreditur.
1322 1813 1382 1880 Sed
1389 1817 1527 1897 quando
1519 1831 1657 1925 interpre-

115 1907 230 1970 tationes
240 1923 304 1969 sunt
318 1906 417 1992 plane,
433 1909 537 1988 nitide,
558 1931 612 1971 non
625 1911 709 1971 nimio
728 1911 855 1993 scrupulo
868 1910 971 1972 Graecis
985 1912 1125 1988 baereutes,
1140 1909 1192 1972 sed
1200 1922 1288 1971 tamen
1302 1911 1336 1971 iis
1352 1932 1456 1993 semper
1466 1924 1577 1970 eatenus
1590 1912 1657 1971 insi·

115 2009 224 2078 alentes,
239 2013 370 2079 quatenus
383 2000 598 2080 linguebatinae
609 2002 678 2061 ratio
688 2002 802 2084 patitur,
813 2023 893 2083 quem
904 2004 1129 2086 interpretationis
1138 2003 1250 2064 modum
1261 2025 1365 2085 semper
1375 2016 1490 2063 sectatus
1499 2024 1561 2062 sum
1573 2028 1579 2060 z
1594 2017 1658 2064 tunc

113 2108 161 2150 ‘eas
174 2091 303 2151 retineam
312 2106 427 2174 oportet,
442 2092 476 2152 iis
486 2106 574 2154 tanim
585 2094 720 2171 correctis,
733 2108 759 2153 et
770 2093 799 2153 in
807 2093 891 2154 aliam
900 2092 1014 2156 formam
1024 2090 1169 2170 translatis,
1181 2117 1242 2175 quae
1255 2094 1302 2154 vel'
1310 2116 1372 2154 curu
1384 2094 1488 2154 Graecis
1498 2115 1552 2154 non
1564 2115 1656 2154 conso-

116 2183 229 2262 nabent,
238 2184 381 2244 velmiuus
390 2181 493 2245 idoneis
503 2185 760 2246 concinnata-verbis
771 2200 854 2246 mant.
871 2185 954 2261 Quod
964 2186 1045 2246 etiam
1053 2186 1116 2246 lecit
1127 2187 1226 2245 Fronto
1238 2188 1365 2258 Ducaeus,
1382 2187 1501 2245 lecerunt
1510 2199 1536 2244 et
1545 2185 1592 2243 alii
1604 2183 1656 2245 viri

115 2274 200 2336 docti.
214 2275 273 2335 Hoc
287 2277 470 2336 institututum
484 2277 564 2338 semel
580 2292 734 2360 susceptum
748 2278 783 2338 ad
797 2279 878 2338 finem
892 2299 979 2357 iisque
989 2279 1110 2338 servabo.
1130 2278 1207 2338 Licet
1219 2278 1291 2338 enim
1304 2276 1415 2358 quidam
1431 2298 1508 2338 secus
1520 2276 1661 2360 agendum

115 2361 351 2447 existimaverint,
360 2368 428 2429 bene
441 2369 505 2431 novi
517 2370 616 2431 iiiiiltos
631 2391 728 2455 eosque
740 2370 867 2436 cordatos
878 2370 952 2438 viros
962 2390 1069 2439 mecum
1081 2370 1214 2432 caleulum
1225 2370 1370 2454 positums'.

876 2572 905 2670 ι.
921 2578 963 2651 v·

279 2757 564 2833 Animadversiones
577 2775 611 2832 in
625 2775 760 2854 quiedam
775 2776 841 2834 loca
852 2773 940 2853 bajus
954 2776 1033 2832 tertii
1048 2760 1263 2853 Fomi'opemm
1277 2728 1491 2849 Cbrysostomi.
1524 2815 1528 2820 -

159 2954 306 3032 Quoniam,
317 2970 348 3016 ut
357 2956 441 3036 vulgo
451 2955 563 3033 dicitur,
573 2956 695 3017 secundae
705 2979 777 3019 curae
788 2957 924 3034 meliores,
939 2957 1063 3038 quedam
1073 2957 1156 3041 bujus
1168 2958 1240 3018 tertii
1251 2959 1332 3019 Tomi
1341 2958 1400 3018 loca
1412 2971 1598 3031 retractantes,
1609 2957 1652 3017 vi-·

118 3047 188 3107 tium
197 3061 245 3107 aut
254 3047 280 3106 in
292 3047 350 3128 ipsa
361 3048 456 3107 Graeca
466 3049 543 3125 serie,
556 3062 604 3109 aut
613 3048 641 3109 in
651 3049 752 3110 Latina
760 3049 977 3132 interpretatione
986 3050 1115 3131 suspicati
1130 3071 1233 3126 sumus,
1244 3072 1304 3128 quie
1315 3051 1406 3110 omnia
1422 3049 1468 3108 hic
1482 3048 1541 3109 loca
1559 3070 1654 3108 recen-

117 3155 175 3198 sere
184 3158 270 3219 operae
280 3138 398 3218 pretium
408 3138 499 3200 luerit.
510 3141 540 3198 ln
552 3139 664 3200 bomilia
675 3141 722 3200 illa
730 3162 790 3220 quae
799 3139 965 3214 inscribitur,
982 3142 1132 3222 Degloria
1145 3146 1178 3200 in
1191 3142 1428 3201 tribulationibus
1440 3163 1470 3222 p.
1483 3143 1554 3218 itt,
1568 3143 1605 3218 D,
1618 3146 1636 3200 1
1647 3165 1654 3196 :

116 3231 170 3292 Ait
184 3236 262 3292 τοῦτο
272 3233 318 3292 κα1
331 3230 396 3311 πρός
409 3246 481 3302 τινας
495 3235 522 3292 ἐν
538 3233 658 3316 Κορίνθιρ
669 3235 861 3314 θιατρ16οντας,
876 3234 923 3294 καὶ
933 3235 999 3316 npbc
1011 3234 1116 3300 τούτους
1131 3233 1330 3311 ἀποτεινόμενος
1344 3237 1602 3314 μεγαλοφρονοῦντας
1617 3232 1656 3311 ἐρ’

116 3324 226 3394 ἑαυτοῖς,
237 3321 329 3381 τῶνδὲ
340 3324 438 3382 λοιπῶν
451 3325 719 3404 καταψηφιζομένους,
729 3324 774 3383 τὸν
784 3330 944 3406 χαρακτῆρα
956 3326 1004 3394 τῆς
1018 3324 1158 3394 ἐπιστολῆς
1170 3322 1340 3403 ἀπογράφων,
1354 3322 1471 3401 ἀνάγκην
1483 3321 1560 3401 ἔσχεν
1571 3322 1654 3378 irrei-

116 3419 160 3475 θεν
170 3419 222 3474 τῶν
234 3418 294 3473 καθ’
302 3415 395 3475 ἑαυτὸν
404 3416 619 3496 κατορθωμάτων
627 3421 756 3476 συνθεῖναι
765 3423 831 3496 ἡμῖν
842 3417 891 3489 τλν
904 3414 1075 3486 andraQuae
1088 3414 1128 3473 sic
1140 3415 1273 3475 convertit
1284 3416 1386 3474 Fronto
1395 3415 1511 3472 Ducaeus
1523 3437 1529 3469 :
1541 3414 1656 3470 Idcirco

115 3509 205 3564 etiam
220 3524 288 3564 eum
303 3506 345 3563 ad
355 3506 498 3585 qirosdam
509 3510 645 3566 scriberet
656 3508 792 3567 Corinthi
802 3510 948 3589 degentes,
958 3519 987 3566 et
997 3510 1029 3564 in
1036 3525 1084 3565 eos
1093 3508 1278 3567 inveberetur
1286 3507 1417 3586 quidese
1426 3508 1526 3584 magni
1550 3525 1655 3563 ceseii-
1683 3523 1687 3528 ’

117 3599 243 3668 trebana
255 3598 332 3658 alios
344 3617 415 3657 uero
427 3598 622 3670 damnabant,
636 3600 906 3680 epistoliesormam
919 3600 1081 3677 exprimens
1093 3598 1188 3672 nobis,
1200 3609 1321 3657 οοαοιυτ
1335 3609 1377 3656 est
1388 3616 1506 3656 suorum
1517 3598 1656 3676 reetesa-

115 3702 229 3749 ctorum
244 3692 401 3768 imaginem
416 3690 628 3770 depiiigere.lbi
640 3709 688 3769 ego
701 3712 751 3773 pro
768 3694 909 3764 ἐπιπολῆς
921 3686 1066 3768 legendum
1078 3687 1187 3748 omnino
1199 3687 1321 3768 suspicor
1333 3689 1490 3760 ἀποστολῆς,
1505 3688 1656 3765 apostola-

116 3795 162 3842 tus
170 3806 181 3851 ;
197 3802 260 3840 nam
274 3781 342 3858 qnid
355 3780 390 3840 ad
401 3781 520 3861 epistolae
535 3783 650 3843 formam
661 3783 868 3845 describendam
884 3781 987 3842 ficiunt
1000 3780 1059 3840 baec
1072 3801 1132 3858 quae
1145 3801 1211 3839 mox
1223 3780 1364 3860 subjungit
1378 3804 1384 3836 :
1398 3780 1522 3839 Διάκονοι
1536 3781 1655 3858 Χριστοῦ

114 3879 168 3936 οἶοι
179 3898 186 3911 ·
197 3875 372 3954 παραφρονῶν
383 3875 458 3932 λαλῶ
470 3874 553 3954 ·iiilp
563 3875 615 3956 ἐγώ
625 3901 632 3935 :
642 3880 776 3938 Ministri
783 3879 894 3939 Cbristi
903 3889 982 3949 sunt,
994 3886 1026 3932 ut
1035 3877 1129 3932 minus
1141 3876 1257 3953 sapiens
1266 3873 1342 3944 dieo,
1349 3873 1417 3952 plus
1426 3892 1478 3951 ego
1487 3877 1501 3928 i
1510 3871 1575 3929 Haec
1585 3879 1657 3930 certe

115 3966 151 4027 ad
165 3964 361 4047 apostolatum,
374 3984 427 4023 non
441 3963 478 4023 ad
490 3965 631 4045 epistolam
644 3969 776 4048 pertinent
790 3993 797 4028 ι
811 3966 985 4048 quamobrem
998 3965 1023 4024 si
1035 3964 1094 4025 haec
1112 3965 1293 4025 substituatur
1310 3964 1400 4042 lectio,
1411 3962 1484 4043 quod
1498 3976 1588 4021 tamen
1599 3963 1658 4020 sine

115 4056 362 4137 Mauuscriptorum
379 4057 536 4117 auctoritate
549 4078 602 4117 non
615 4058 688 4134 licet,
710 4059 769 4119 baec
782 4061 825 4121 τθν
843 4062 1004 4140 χαρακτῆρα
1018 4060 1066 4128 τῆς
1084 4060 1233 4130 ἀποστολῆς
1254 4056 1432 4138 ἀπογράφων,
1460 4055 1657 4135 Apostolatus

112 4151 243 4234 sormam
257 4151 434 4228 exprimens,
451 4147 495 4207 vel
496 4103 716 4226 ,Apostolatiis
732 4154 929 4212 conditionem
941 4153 1118 4228 exprimens,
1133 4148 1262 4208 vertenda
1275 4161 1362 4209 eimunt

50 4286 54 4293 ,
155 4238 298 4301 Humilia
290 4261 317 4298 iii
332 4238 402 4298 illud
403 4241 626 4321 ,Diligentibus
638 4243 735 4302 Deum
747 4248 847 4307 omnia
863 4254 1057 4323 cooperantur
1070 4246 1102 4300 in
1115 4245 1233 4314 bonum,
1249 4264 1277 4322 p.
1290 4242 1358 4317 151,
1376 4239 1409 4313 Β,
1422 4239 1455 4300 8.
1448 4239 1559 4299 Κα1’
1532 4263 1581 4299 ουκ
1593 4239 1658 4320 ἠρέ-

116 4355 181 4450 papiu
204 4333 286 4391 oi*
250 4354 289 4410 τιρ
312 4329 465 4411 κηρύγματι
486 4335 678 4410 πολεμοῦντες,
700 4334 760 4404 τους
777 4335 828 4415 μὲν
851 4336 924 4403 εἰς
909 4334 1079 4418 οτομοιτήρια
1101 4333 1287 4412 ἐμθάλλοντες,
1309 4333 1369 4401 τοὺς
1393 4333 1420 4393 δὲ
1443 4334 1479 4399 εἰς
1502 4332 1659 4413 ἀπαγωγὰς,

114 4424 174 4492 τους
190 4423 219 4482 δὲ
235 4425 270 4489 εἰς
284 4444 336 4501 pop
322 4421 367 4501 ρ1α
379 4420 437 4501 ἔτερ
438 4442 456 4480 α
472 4424 592 4507 βάραθρα
609 4424 789 4502 καθέλκοντος,
808 4428 906 4486 Fronto
920 4424 1039 4486 Ducentis
1051 4425 1150 4488 vertit:
1163 4428 1265 4507 Neque
1275 4427 1495 4505 predicationis
1514 4426 1660 4503 evangeiii

115 4517 278 4581 αιίνοιιαιὶἰ
288 4516 486 4594 quiescebant,
502 4517 556 4574 sed
565 4518 661 4577 alios
649 4540 681 4577 m
689 4539 836 4580 caraman
843 4521 1054 4601 conpetebant
1069 4518 1169 4577 alios
1158 4539 1191 4576 in
1203 4519 1339 4577 exsilium
1352 4519 1518 4588 mittebant,
1533 4516 1636 4574 aiios
1626 4538 1659 4574 m

115 4608 180 4669 alia
197 4608 361 4686 precipitia
378 4609 543 4666 trabebant.
572 4609 626 4669 Ubi
636 4609 717 4713 illud,
732 4613 808 4672 alias
820 4617 853 4671 iri
865 4612 1002 4672 exsilium
1017 4612 1184 4686 mittebant,
1200 4609 1289 4669 denuo
1301 4607 1401 4689 legenti
1413 4628 1446 4667 ac
1460 4606 1590 4687 repetenti
1604 4628 1658 4666 non

114 4699 205 4763 viuum
217 4711 257 4758 est
265 4711 335 4758 recte
344 4697 482 4779 scriptoris
491 4713 606 4760 mentem
616 4702 785 4783 exprimere.
796 4725 859 4764 nain
869 4703 1012 4784 ἀπαγωγή,
1021 4703 1100 4783 cujus
1111 4701 1185 4762 vocis
1195 4703 1319 4780 frequens
1329 4722 1394 4761 usus
1402 4714 1441 4760 est
1449 4699 1524 4781 apud
1535 4699 1659 4780 Chryso-

115 4805 242 4884 atomum,
255 4790 389 4870 significat
401 4789 591 4850 abductionem
603 4790 723 4853 damuati
734 4796 886 4877 cujuspiam
896 4795 940 4858 vel
953 4795 988 4855 ad
998 4793 1141 4875 capitalem
1152 4814 1269 4874 pceiiam,
1282 4792 1327 4854 vel
1339 4791 1376 4853 ad
1390 4790 1466 4851 aliud
1479 4790 1656 4871 supplicium.

113 4884 161 4947 Sic
172 4874 331 4963 Chrysost
323 4903 351 4941 iii
362 4883 491 4956 Psalmos,
505 4881 582 4960 Edit.
595 4885 692 4944 Morel.
702 4908 730 4966 p.
741 4890 810 4961 919,
820 4889 855 4962 D,
865 4889 885 4946 5
887 4886 1019 4969 ,τπρθςὴ
1020 4886 1154 4966 νγέενναν
1169 4883 1325 4965 ἀπαγωγὰς,
1341 4884 1544 4943 Abductiones
1557 4886 1657 4964 adge-

113 4977 254 5045 bennam,
267 4975 441 5053 quamobrem
454 4957 689 5050 111ιιᾶ,το1ιςτ1ςε
702 4979 862 5058 ἀπαγωγὰς,
873 4979 966 5039 malim
979 4978 1108 5054 converti,
1119 4978 1208 5037 Alios
1219 4978 1406 5037 abducebant
1418 4975 1656 5054 adsuppiieium.

152 5065 271 5126 Humilia
279 5065 338 5124 tlt
331 5080 358 5123 iii
369 5065 448 5139 illud,
460 5069 608 5126 Habentes
619 5070 751 5127 eumdem
760 5071 908 5150 Spiritum,
919 5092 946 5153 p.
963 5069 1032 5143 989,
1047 5074 1080 5149 Α,
1091 5071 1112 5128 ιθ
1123 5093 1130 5126 :
1142 5068 1194 5128 bid
1204 5067 1256 5151 γὰρ
1272 5074 1350 5129 τοῦτο
1368 5066 1528 5144 dvdpvnaa‘
1517 5075 1587 5143 υμᾶς
1602 5068 1655 5125 τῶν

7 5200 11 5208 -
114 5155 627 5238 ιαιριῗινέιε1νιιντὸπροοοχθίαματα,
648 5159 690 5219 ἵνα
710 5161 755 5220 καὶ
767 5167 782 5221 b
794 5166 822 5222 iv
839 5164 926 5242 θλίψει
945 5167 990 5221 νῦν
1009 5160 1061 5236 ὢν,
1085 5160 1177 5232 mavis
1199 5163 1295 5220 ’ἐκεῖθεν
1312 5158 1437 5238 >tandeim
1466 5156 1653 5237 παράκλησιν,

110 5253 156 5316 sai
176 5253 190 5312 ὁ
205 5249 305 5319 πολλῆς
323 5247 463 5307 ἀπολαύων
485 5250 582 5325 disice,
600 5252 659 5313 ἀντὶ
671 5257 719 5323 τῆς
738 5253 862 5335 ἀτεχνίας
882 5258 935 5314 τῶν
952 5251 1079 5313 κινδύνων
1095 5251 1200 5313 ἐκε1νιον
1218 5250 1318 5324 πολλὴν
1334 5249 1427 5329 αἰτοίὶῃ
1446 5248 1594 5327 προθυμίαν
1619 5254 1657 5316 εἰς
