3764 5992
390 528 478 587 Hodie
488 541 515 585 et
528 525 685 605 angelorum
696 539 789 594 coetus,
809 538 834 584 et
845 525 967 585 omnium
980 545 1109 607 superna-

391 643 452 679 rum
465 621 596 678 virtutum
610 617 709 676 chorus
723 632 833 698 propter
841 617 983 676 hominum
994 617 1107 676 salutem

391 712 545 770 exsultant.¹
556 710 651 789 Cogita
664 708 757 788 igitur,
773 708 880 785 dilecte,
896 709 989 789 gaudii
1002 708 1107 788 magni-

391 802 527 876 tudinem,
543 799 670 878 quoniam
694 820 816 879 supernae
838 822 944 878 quoque
964 813 1107 881 potestates

389 894 487 952 festum
501 891 642 951 nobiseum
652 904 752 970 agunt:
767 891 935 971 congaudent
947 892 1048 972 quippe
1057 913 1107 951 no-

391 985 454 1044 stris
475 985 561 1043 bonis.
591 983 707 1047 Etiamsi
729 983 801 1042 enim
824 984 909 1063 gratia
927 984 974 1041 illa
995 983 1107 1042 Domini

391 1097 440 1135 nos
460 1075 569 1155 proprie
588 1074 723 1155 respiciat,
743 1074 772 1133 in
789 1089 892 1155 partem
912 1088 999 1135 tamen
1015 1074 1107 1154 gaudii

392 1167 434 1225 illi
443 1167 568 1243 veniunt.
583 1167 765 1237 Quamobrem
776 1187 829 1226 non
845 1168 1004 1226 erubescunt
1015 1167 1108 1226 nobis-

392 1280 456 1317 cum
474 1259 571 1318 festum
584 1257 726 1316 celebrare.
748 1256 785 1316 Et
801 1257 868 1336 quid
880 1257 951 1333 dieo,
966 1279 1118 1319 conservos

392 1343 496 1407 nostros
520 1369 573 1407 non
589 1349 742 1408 erubescere
761 1348 902 1407 nobiscum
922 1350 1019 1408 lesturn
1040 1349 1107 1407 ccle-

735 398 765 446 S.
793 396 1141 448 JOANMSAEHRYSOST·
1171 397 1328 444 tueritne.
1358 387 1672 442 consummor.

1160 521 1247 595 πάλην
1269 523 1455 594 ποιήσασθαι;
1482 516 1654 594 ’Σήμερον
1676 511 1751 594 χαρά
1768 519 1873 589 mapa]

1161 615 1314 692 οίκουμένης
1328 614 1374 674 καί
1394 610 1565 693 εὐφροσύνη
1587 605 1775 684 πνευματική.
1787 605 1876 683 Σήμερον

1160 711 1213 766 τῶν
1227 707 1344 786 ἀγγέλων
1356 712 1371 765 δ
1382 707 1475 782 δῆμος
1487 702 1542 762 καὶ
1554 705 1663 760 πασῶν
1674 704 1730 758 τῶν
1744 699 1795 756 άνω
1807 699 1861 772 iovi:
1881 744 1882 747 ,

1160 799 1237 879 χορός
1257 798 1300 871 deit
1320 797 1439 868 τὴντῶν
1457 793 1631 875 ἀνθρώπων
1651 790 1814 869 compton*
1837 790 1848 809 ⁵
1862 822 1877 839 a

1160 888 1302 960 Ἐννόησον
1320 887 1416 960 τοίνυν,
1442 884 1605 965 ἀγαπητὲ,
1622 892 1719 963 χαρᾶς
1731 880 1879 958 με’γεθος,ό·.ι

1163 983 1190 1038 αἱ
1214 979 1269 1038 ἀνω
1290 978 1413 1057 δυνάμεις
1439 983 1514 1054 ἡμῖν
1537 977 1780 1054 συνεορτάζουσι·
1798 974 1882 1050 σιγγίΙ

1162 1070 1214 1151 γὰρ
1224 1080 1277 1138 τοῖς
1290 1072 1428 1148 ἡμετέροις
1440 1072 1576 1147 ἀγαθοῖς.
1591 1066 1652 1127 Καὶ
1664 1065 1722 1145 γὰρ
1734 1067 1756 1123 εί
1768 1065 1809 1122 καί
1818 1065 1880 1142 μετ’,

1162 1164 1240 1242 χάρις
1260 1166 1277 1233 ἡ
1302 1161 1376 1242 παρὰ
1395 1167 1445 1219 τοῦ
1467 1159 1657 1229 Δεσπύτου,
1672 1156 1747 1216 ἀλλά
1767 1155 1809 1213 καί
1827 1154 1878 1212 ἐπ’

1162 1253 1251 1326 ἡδονή.
1265 1253 1317 1313 Διά
1333 1259 1409 1312 τοῦτο
1425 1255 1477 1312 οὐκ
1494 1252 1733 1330 ἐπαισχύνονται
1748 1254 1808 1325 ἡμῖν
1824 1271 1873 1304 σιντ

1162 1366 1216 1403 σαι.
1227 1344 1281 1403 Καί
1293 1343 1319 1403 τί
1330 1343 1415 1423 λέγω,
1428 1343 1473 1404 ότι
1491 1348 1522 1403 οἱ
1535 1343 1695 1402 σύνδουλοι
1706 1345 1773 1418 ἡμῖν
1784 1343 1873 1398 odrice·

314 1491 318 1499 ,
391 1435 491 1492 beare?
512 1436 554 1493 Ne
575 1435 707 1494 Dominus
729 1435 838 1515 quidem
861 1450 950 1498 noster
970 1451 995 1496 et
1014 1459 1107 1497 eorum
1125 1432 1143 1487 B
1162 1434 1450 1515 rotsuicoveopreicai3
1470 1435 1569 1500 Αὐτὸς
1585 1439 1602 1492 ό
1617 1432 1770 1503 Δεσπότης
1784 1433 1880 1488 alaim

391 1523 512 1605 idipsum
530 1548 608 1607 agere
623 1528 765 1587 erubescit.
781 1529 857 1604 Quid
876 1528 948 1600 dico,
974 1550 1026 1588 non
1045 1553 1107 1589 eru-

391 1615 494 1676 bescit?
508 1617 598 1678 Etiam
612 1619 776 1701 concupiscit
793 1620 933 1679 nobiscum
942 1621 1045 1680 ¹festum
1059 1644 1105 1681 ce-

391 1707 505 1770 lebrare.
525 1710 667 1770 Undenam
690 1710 720 1768 id
740 1711 845 1789 liquet?
860 1709 932 1768 Audi
953 1712 1042 1791 ipsum
1063 1711 1107 1771 di-

392 1814 514 1860 centem:
542 1803 695 1860 Desiderio
726 1804 890 1861 desideravi
917 1805 972 1862 boe
993 1806 1107 1883 parebo

392 1894 572 1952 manducare
586 1896 761 1952 uobiscum:
780 1892 803 1952 si
823 1894 923 1974 pascha
944 1896 1108 1957 manducare

391 1983 562 2059 desiderarit,
571 1974 668 2062 utique
673 1997 699 2043 ct
709 1984 806 2043 festum
813 1986 953 2045 nobiscum
964 1986 1106 2048 celebrare.

392 2076 462 2134 Cum
476 2097 539 2155 ergo
552 2075 644 2137 videas
656 2096 708 2135 non
718 2077 939 2155 angelostantum
950 2092 976 2137 et
984 2078 1106 2138 omnium

391 2167 537 2228 celestium
549 2181 711 2250 potestatum
724 2182 823 2227 coetum
831 2213 839 2245 ,
856 2168 903 2228 sed
916 2170 997 2230 etiam
1017 2171 1107 2252 ipsum

391 2261 548 2338 angelorum
566 2261 715 2320 Dominum
739 2261 879 2320 nobiscum
902 2262 999 2321 festum
1020 2284 1108 2341 agere,

393 2351 460 2431 quid
483 2352 534 2410 tibi
554 2353 613 2432 jam
637 2351 711 2413 deest
739 2353 775 2412 ad
799 2353 940 2412 letitiam?
963 2355 1049 2414 Nemo
1073 2355 1109 2414 ob

1163 1530 1239 1604 ἡμῶν
1257 1528 1304 1586 οὐκ
1323 1525 1516 1606 ἐπαισχύνεται
1540 1530 1617 1602 ἡμῖν
1634 1523 1821 1603 συνεορτάσσι
1833 1522 1879 1580 Ti*

1162 1643 1221 1691 πον,
1239 1620 1287 1678 οὐκ
1308 1618 1515 1697 ἐπαισχύνεταις
1549 1617 1612 1677 Καὶ
1642 1621 1777 1692 ἐπιθυμεῖ
1799 1638 1877 1691 συνειχ.

1160 1714 1235 1788 ἡμῖν.
1244 1709 1328 1769 Πόθεν
1334 1717 1410 1769 τοῦτο
1418 1710 1499 1779 δῆλον
1510 1734 1519 1782 ;
1531 1707 1640 1769 Ἄκουε
1650 1710 1739 1767 αὐτοῦ
1749 1706 1875 1785 λέγονταί

1163 1802 1244 1884 θυμία
1254 1803 1408 1881 ἐπεθύμησα
1424 1809 1504 1861 τοῦτο
1524 1803 1560 1861 τὸ
1576 1801 1686 1882 πάσχα
1702 1808 1797 1881 φαγεῖν
1810 1801 1878 1874 μεθ’ῑι

1163 1893 1227 1954 εἰδὲ
1244 1895 1275 1953 τὸ
1292 1895 1385 1974 πάσχα
1407 1893 1567 1971 ἐπεθύμησε
1592 1903 1712 1973 φαγεῖν,
1736 1893 1783 1952 καί
1798 1915 1878 1968 ermol*-

1164 1986 1293 2057 δηλονότι.
1314 1985 1401 2045 Ὅταν
1426 1977 1470 2045 οὖν
1496 1986 1562 2064 ἴδῃς
1589 1986 1632 2063 μὴ
1664 1986 1752 2063 μόνον
1780 1983 1878 2062 cip-sites

1163 2077 1268 2136 πάντων
1280 2082 1332 2136 τῶν
1346 2075 1473 2157 οὐρανίων
1487 2077 1642 2154 δυνάμεων
1662 2078 1714 2136 τὸν
1727 2078 1820 2154 δῆμον,
1831 2074 1879 2132 diii

1164 2168 1241 2229 αὐτὸν
1252 2169 1295 2229 τὸν
1303 2168 1441 2239 Δεσπότην
1452 2173 1506 2227 τῶν
1520 2168 1660 2246 ἀγγέλων
1675 2174 1747 2246 ἡμῖν
1759 2167 1882 2247 συνεορτά

1163 2261 1189 2321 τί
1202 2285 1243 2321 σοι
1256 2260 1375 2319 λείπεται
1392 2259 1484 2319 λοιπὸν
1500 2263 1540 2326 εἰς
1557 2261 1744 2340 εὐφροσύνης
1759 2260 1876 2338 tepet

1163 2352 1247 2414 τοίνυν
1264 2351 1332 2412 ἔστω
1345 2350 1465 2431 κατηφὴς
1485 2350 1613 2432 σήμερον
1630 2352 1684 2410 διὰ
1700 2353 1753 2422 τὴν
1767 2351 1880 2430 πενίαν-ἔ

392 2457 577 2524 paupertatem
604 2443 685 2504 bodie
711 2458 821 2503 moestus
845 2457 929 2503 esto:
961 2445 1109 2526 spiritualis
1126 2453 1144 2502 C
1163 2445 1215 2523 γάρ
1239 2446 1296 2504 ἐστι
1318 2442 1494 2520 πνευματική.
1520 2443 1639 2515 Μηδεὶς
1663 2443 1800 2510 πλούσιος
1819 2445 1879 2501 ἐπιρ

392 2535 493 2615 quippe
504 2548 550 2593 est
569 2534 719 2596 celebritas.
738 2537 823 2595 Nemo
846 2535 923 2596 dives
942 2536 978 2595 ob
998 2537 1110 2597 divitia·

391 2648 453 2685 rum
470 2626 581 2708 copiam
600 2628 766 2687 extollatur:
789 2628 858 2687 nibil
883 2628 956 2687 enim
978 2631 1109 2710 pecunia-

392 2738 453 2777 rum
473 2717 579 2777 adhoc
599 2719 697 2778 festum
719 2721 815 2779 afferre
834 2721 913 2780 valet.
938 2721 969 2779 ln
994 2721 1111 2781 externis

392 2809 493 2889 quippe
510 2809 729 2886 solennitatibus,
741 2810 789 2868 ubi
803 2810 888 2870 multa
904 2831 1003 2892 pompa
1021 2826 1046 2871 et
1062 2835 1111 2893 ap·

392 2913 514 2978 paratus,
528 2900 621 2979 ingens
635 2922 732 2961 mensae
748 2901 869 2974 lautitia,
886 2904 949 2981 jure
963 2925 1066 2984 pauper
1082 2905 1109 2964 in

393 3010 507 3064 rnoerore
520 3004 546 3049 et
564 2992 713 3065 anxietate,
727 2991 804 3052 dives
817 2992 845 3050 in
862 2993 999 3072 voluptate
1018 3009 1044 3054 et
1063 2996 1111 3053 lae·

314 3114 316 3119 ·
392 3080 462 3140 titia.
477 3082 665 3154 QuareiQuia
679 3081 724 3140 ille
738 3081 880 3162 splendida
891 3098 964 3143 vaste
974 3087 1112 3176 amicitur,

1164 2536 1208 2596 διά
1222 2537 1266 2596 τὸν
1281 2538 1408 2595 πλοῦτον·
1422 2535 1480 2595 οὐδὲ
1501 2534 1559 2614 γάρ
1575 2538 1637 2595 ἀπὸ
1663 2543 1724 2595 τῶν
1740 2536 1872 2616 χρημάτων

1163 2637 1262 2708 νεγκεῖν
1273 2630 1311 2693 εἷς
1324 2627 1370 2698 τὴν
1386 2625 1477 2706 ἑορτὴν
1493 2626 1602 2698 ταύτην
1621 2628 1760 2688 δύναται.
1777 2626 1873 2703 ’Edit

1163 2722 1215 2778 τῶν
1231 2719 1323 2787 ἔξωθεν
1335 2723 1440 2798 ἑορτῶν,
1454 2722 1506 2776 τῶν
1521 2722 1676 2797 βιωτικῶν
1695 2721 1788 2799 λέγω,
1809 2720 1860 2778 ἔνθα

1162 2817 1180 2884 ἡ
1192 2809 1324 2891 φαντασία
1338 2810 1384 2869 καί
1393 2815 1441 2881 τῆς
1454 2809 1548 2877 ἔξωθεν
1570 2811 1753 2890 περιὸσλῆς,
1769 2813 1815 2872 καί
1830 2817 1882 2882 ciffi:

1162 2902 1284 2985 τραπέζῃ
1301 2900 1482 2974 πολυτελείας,
1499 2900 1616 2969 εἰκότως
1646 2907 1711 2963 ἐκεῖ
1732 2910 1748 2963 ό
1769 2904 1817 2981 μὲν
1839 2903 1863 2961 ,ιε’

1164 2993 1261 3074 ἀθυμία
1275 2994 1320 3054 καὶ
1338 2992 1468 3073 κατηφείᾳ
1489 2992 1618 3068 ἔσται,ό
1644 2995 1679 3056 δὲ
1704 2997 1865 3059 πλούσιοτέν

1165 3087 1209 3147 καί
1235 3085 1397 3166 φαιδρότητι.
1422 3084 1458 3144 Τί
1483 3085 1608 3162 birram
1634 3087 1714 3148 Ὅτι
1731 3094 1747 3148 ὃ
1766 3088 1816 3166 μὲν
1839 3090 1872 3160 λι6

393 3186 418 3232 et
430 3172 570 3232 lautiorem
581 3180 703 3233 'mensam
721 3173 832 3255 apponit
839 3197 849 3251 3
862 3195 965 3255 pauper
978 3197 1043 3237 vero
1054 3177 1110 3238 ino-
1165 3182 1262 3251 ἐσθῆτα
1277 3177 1465 3258 περιθάλλεται
1473 3222 1481 3251 ,
1496 3176 1542 3235 καί
1556 3180 1784 3260 πλουσιωτέραν
1797 3176 1881 3258 παρετ1

243 3290 317 3359 mm
336 3314 385 3360 Do.
394 3266 437 3347 pia
450 3266 606 3347 impeditur,
617 3267 760 3346 quominus
771 3266 897 3326 eumdem
908 3268 1007 3328 luxum
1021 3284 1110 3330 osten·
1164 3271 1212 3345 τὴν
1224 3271 1373 3352 τράπεζαν·
1387 3275 1401 3329 ὁ
1417 3268 1444 3328 δὲ
1461 3268 1543 3340 πένης
1563 3269 1620 3329 ὑπὸ
1638 3277 1697 3343 τῆς
1717 3273 1815 3339 πενίας
1853 3273 1873 3319 «Γ

244 3380 299 3420 mini
334 3393 385 3436 per-
395 3372 439 3418 tet.
450 3359 502 3418 llic
510 3381 574 3419 vero
585 3359 655 3419 nibil
664 3359 767 3439 simile,
780 3360 826 3420 sed
837 3360 884 3420 illa
894 3362 982 3422 omnis
991 3362 1111 3442 inaequa·
1165 3362 1214 3436 τὴν
1224 3362 1306 3435 αὐτὴν
1314 3360 1463 3442 φιλοτιμίαν
1476 3361 1683 3429 ἐπιδείξασθαι.
1702 3364 1841 3423 Ἐνταῦθα
1851 3384 1872 3418 σι

245 3440 306 3544 ίὶῗξ.
320 3455 386 3545 γξᾞ
394 3451 455 3510 litas
470 3453 564 3530 abest,
577 3474 630 3513 una
648 3474 739 3512 mensa
755 3452 836 3512 diviti
853 3467 879 3513 et
890 3455 1014 3535 pauperi,
1032 3477 1110 3517 servo
1127 3463 1147 3509 ὓ
1165 3461 1289 3529 τοιοῦτον,
1305 3453 1373 3513 ἀλλὰ
1390 3463 1463 3514 πᾶσα
1479 3451 1545 3525 αύτη
1561 3459 1580 3524 ἡ
1596 3456 1761 3532 ἀνωμαλία
1774 3454 1880 3514 &aeliu

243 3516 324 3606 iuro.
343 3518 384 3607 id·
394 3555 421 3603 et
433 3543 529 3603 libero.
542 3545 572 3603 Si
587 3543 664 3606 dives
677 3546 723 3619 siS,
737 3544 806 3605 nibil
821 3546 883 3627 plus
897 3546 1010 3606 habebis
1028 3571 1111 3627 qnam
1166 3545 1194 3607 δὲ
1208 3545 1325 3628 τράπεζα
1347 3545 1392 3606 καί
1409 3545 1527 3626 πλουσίῳ
1540 3545 1590 3603 καί
1604 3545 1731 3621 πένητι,
1750 3548 1799 3607 καί
1819 3570 1878 3606 σου·

246 3626 322 3668 Μὴ·
394 3657 514 3717 pauper;
537 3636 560 3694 si
581 3657 692 3716 pauper,
715 3635 785 3695 nihil
803 3638 892 3697 minus
911 3659 994 3717 quam
1014 3638 1109 3700 dives:
1167 3639 1303 3719 ἐλευθέρῳ.
1317 3637 1373 3697 Κάν
1385 3630 1547 3716 πλούσισςῇς
1558 3683 1565 3709 ,
1578 3638 1663 3696 οὐδὲν
1680 3641 1844 3706 πλεονάζεις
1875 3668 1877 3671 ·

301 3743 305 3750 ’
394 3748 479 3806 neque
487 3740 596 3808 propter
608 3728 748 3808 penuriam
760 3729 909 3810 spiritualis
921 3732 1041 3793 convivii
1049 3732 1110 3792 lau·
1166 3753 1258 3804 νητος·
1274 3729 1323 3789 κᾶν
1337 3729 1418 3801 πένης
1435 3720 1480 3807 ᾖς,
1496 3727 1570 3788 οὐδὲν
1594 3730 1722 3790 ἔλαττον
1740 3732 1812 3799 ἔξεις
1825 3738 1865 3789 :ot

394 3818 453 3877 titia
470 3818 622 3876 minuitur:
637 3818 731 3878 divina
745 3821 845 3901 quippe
861 3821 947 3901 gratia
968 3838 1024 3895 est,
1047 3846 1108 3902 quae
1166 3825 1236 3896 σίου,
1259 3821 1316 3882 οὐδὲ
1339 3820 1383 3880 διὰ
1402 3819 1449 3892 τὴν
1474 3819 1567 3879 πενίαν
1594 3823 1775 3882 ἐλαττοῦταί
1798 3848 1843 3884 σου
1881 3841 1882 3845 ’

393 3907 779 3987 personarumdiserimennon
792 3913 1108 3992 respicit.Et'qniddico,
1167 3916 1278 3997 εὐωχίας
1292 3920 1339 3986 τῆς
1355 3916 1548 3991 πνευματικῆς·
1571 3913 1633 3972 θεία
1656 3916 1717 3994 γάρ
1735 3921 1812 3978 ἐστιν
1831 3923 1847 3986 ἡ
1866 3940 1880 3994 γ

394 3998 514 4065 eamdem
532 3999 642 4079 pauperi
658 4013 684 4058 et
703 3999 783 4060 diviti
800 4004 901 4083 apponi
916 4007 1053 4079 mensam?
1074 4008 1108 4067 Ei
1167 4008 1213 4068 καί
1226 4010 1274 4067 οὐκ
1283 3998 1336 4066 εἶδε
1345 4004 1494 4086 προσώπων
1505 4005 1648 4084 διαφοράν.
1668 4009 1730 4068 Καὶ
1744 4010 1867 4086 τίλέγυ,

394 4089 474 4149 ctiam
482 4091 528 4169 qui
540 4089 691 4150 diademate
702 4090 844 4151 redimitur
856 4108 881 4152 et
890 4117 1011 4176 purpura
1021 4099 1106 4157 vesti-

394 4198 451 4259 tur,
469 4198 549 4264 atque
570 4183 651 4244 totius
670 4184 743 4244 orbis
763 4184 907 4264 imperium
925 4187 1065 4265 obtinenti,
1083 4207 1110 4252 et

394 4277 504 4356 pauperi
515 4276 550 4335 ad
563 4277 759 4357 eleemosynam
772 4276 885 4354 sedenti,
899 4300 952 4337 una
964 4283 1108 4360 apponitur

394 4387 491 4425 mensa.
504 4367 581 4426 Talia
595 4369 696 4448 quippe
707 4382 769 4428 sunt
784 4367 854 4427 dona
870 4369 1040 4451 spiritualia3
1053 4394 1107 4435 non

392 4456 570 4536 dignitatibus
584 4480 676 4517 conum
692 4461 905 4537 communicatio,
917 4463 966 4522 sed
975 4465 1108 4527 voluntati

392 4562 418 4607 et
427 4550 565 4630 proposito
576 4550 713 4609 tribuitur.
724 4551 827 4612 Eadem
836 4553 1048 4628 fiducia,'eodem
1059 4559 1108 4619 bo·
1125 4560 1144 4607 Ε

392 4660 458 4699 nore
471 4641 619 4720 Imperator
632 4653 657 4698 et
670 4663 772 4722 pauper
783 4642 818 4702 ad
831 4666 911 4704 usum
920 4661 945 4705 et
962 4649 1107 4732 participa·

393 4732 491 4792 tionem
516 4732 672 4792 divinorum
697 4735 888 4814 mysteriorum
910 4739 1048 4799 accedunt.
1071 4743 1107 4803 Et

392 4823 458 4902 quid
469 4824 638 4898 dico,eodem
648 4824 767 4884 honore?
776 4828 852 4907 Saepc
866 4850 967 4910 pauper
976 4852 1039 4890 cum
1051 4855 1106 4892 ma-

386 4915 442 4994 jori
463 4916 573 4975 fiducia.
586 4915 696 4988 Quare?
711 4917 849 4990 Quoniam
862 4920 1012 5000 Imperator
1023 4943 1106 5003 nego-

389 5005 489 5066 tiorum
500 5007 571 5067 cutis
580 5007 722 5082 distentus,
734 5021 758 5066 et
769 5028 879 5068 casuum
894 5011 1042 5090 frequentia
1052 5015 1103 5074 cir·

1166 4100 1216 4179 σίῳ
1227 4098 1272 4158 καί
1281 4097 1401 4170 πένητιὴ
1414 4095 1480 4166 αὐτὴ
1494 4095 1614 4175 τράπεζα
1630 4099 1805 4177 πρόκειταιι
1824 4099 1872 4159 Καὶ

1165 4194 1203 4269 τῷ
1212 4188 1366 4268 τόδιάδημα
1375 4187 1563 4269 περικειμένῳ,
1576 4189 1691 4262 auleti
1700 4194 1855 4275 ἁλουργίδι
1863 4192 1877 4248 ἔ·

1165 4285 1203 4362 τῷ
1213 4281 1261 4352 τὴν
1274 4279 1391 4348 ἐξουσίαν
1405 4283 1452 4350 τῆς
1465 4277 1620 4354 οἰκουμένης
1639 4284 1837 4366 ἀνῃρημένῳ,

1164 4377 1264 4453 πτωχῷ
1286 4376 1323 4451 τῷ
1348 4371 1412 4449 πρὸς
1432 4370 1480 4441 ’τὴν
1503 4370 1694 4445 ἐλεημοσύνην
1723 4377 1880 4456 aeonis-be

1162 4463 1280 4544 τράπεζα
1290 4461 1436 4542 πρόκειται.
1449 4464 1567 4520 Τοιαῦτα
1578 4461 1632 4541 γάρ
1646 4465 1686 4521 τὰ
1701 4469 1783 4548 δῶρα
1798 4470 1834 4527 :d
1848 4509 1862 4525 ,,
1880 4500 1882 4515 2

1162 4555 1239 4615 τικά·
1254 4556 1283 4613 οὗ
1299 4564 1353 4621 τοῖς
1368 4550 1500 4630 ἀξιώμασι
1520 4554 1618 4631 διαιρεῖ
1639 4555 1699 4628 τὴν
1721 4561 1876 4628 κοινωνίαν,

1162 4646 1358 4729 τῇπροαιρέσει
1373 4646 1418 4706 καὶ
1437 4651 1469 4723 τῇ
1489 4645 1698 4733 γνώμηνΜετὰ
1720 4656 1773 4722 τῆς
1797 4657 1877 4723 αὐτῆς

1163 4741 1255 4821 ρησίας
1270 4739 1316 4799 καί
1328 4745 1407 4817 τιμῆς
1426 4739 1471 4797 καὶ
1485 4743 1498 4797 ό
1514 4737 1638 4818 βασιλεὺς
1661 4742 1716 4801 καὶ
1731 4752 1747 4805 ὁ
1762 4749 1873 4826 πτωχός

1161 4831 1209 4905 τὴν
1222 4832 1367 4891 ἀπόλαυσιν
1383 4830 1427 4890 καί
1442 4830 1578 4889 κοινωνίαν
1600 4834 1657 4889 τῶν
1685 4837 1773 4897 θείων
1790 4841 1874 4899 τούτω

1160 4924 1275 5005 στηρίων
1288 4929 1399 5004 ὁρμῶσι.
1414 4923 1465 4982 {tat
1478 4923 1504 4982 τί
1514 4923 1600 5002 λέγω,
1617 4927 1696 5001 μετὰ
1710 4935 1765 5002 τῆς
1775 4937 1858 5005 αὖῃζς
1872 4976 1878 4990 ,

1160 5017 1295 5084 Πολλάκις
1307 5020 1322 5075 ό
1336 5016 1416 5087 πένης
1431 5016 1499 5095 μετὰ
1514 5015 1636 5084 πλείονος
1655 5024 1713 5092 τῆς
1739 5027 1865 5106 παρῥησί

418 5206 429 5233 ⁸
450 5192 509 5244 llaec
520 5189 593 5259 tongi
605 5195 668 5248 serie
685 5192 810 5253 habentur
827 5211 903 5260 cupra
919 5159 1003 5248 Temo
1015 5198 1040 5259 2,
1052 5213 1078 5262 p.
1092 5198 1150 5261 au,
1166 5208 1191 5248 et
1201 5199 1372 5268 sequentibus.
