3764 5992
112 443 184 537 450
438 468 468 517 s.
495 461 635 513 colurus
660 458 842 510 orsnvsosr.
871 456 1028 505 ancusae.
1055 454 1340 507 cousrnnrsnor.

114 613 179 654 mus
190 604 221 653 et
228 591 282 673 ipsi
290 602 464 673 peccatores,
480 610 552 651 uum
567 589 699 650 cbristus
717 586 830 665 peccati
883 581 942 649 τίσι
955 581 1089 659 brixenam
1105 582 1145 645 ⁶0
1157 583 1187 645 δὲ
1205 582 1417 662 λίγιςτοιῶτίν
1435 587 1499 644 ἐστιν

115 682 389 760 ociuisterest.Quod
402 696 491 742 autem
500 679 577 753 dicit,
584 679 666 740 talem
673 674 829 740 sententiam
885 674 991 746 δικαιοῖ,
1006 674 1052 733 καί
1065 674 1169 736 κιλιιίιι
1179 680 1337 750 ἀποστῆναι
1347 680 1404 736 τῶν
1413 674 1502 737 ’tata

115 777 197 838 babet
216 803 224 837 s
250 775 332 838 Fides
353 774 495 859 justificat,
516 784 542 834 et
565 793 581 831 a
606 772 705 832 ritibus
730 766 829 832 Judai-
884 769 921 836 ὡς
935 767 1112 847 πεπαυμένων
1124 770 1233 831 λοιπόν·
1246 772 1274 830 el
1294 768 1381 831 tttss
1398 775 1502 851 κρασιίί

115 870 154 930 cis
162 869 241 953 jubet
252 867 401 942 discedere,
414 880 445 927 ut
461 864 508 945 qni
523 865 580 946 jam
592 862 741 925 cessarint:
756 856 830 939 quod
884 858 974 942 κύριός
986 862 1053 936 ἔστι,
1067 861 1113 921 καλ
1126 865 1141 922 i
1153 861 1229 944 ipsi<
1242 861 1326 923 atsto
1340 861 1502 945 παρῶἄσια

115 961 138 1020 si
151 960 241 1022 adbuc
262 961 307 1020 lex
328 960 441 1041 imp'crat
461 973 542 1037 atque
563 955 731 1030 dominatur,
745 949 830 1030 etqui
850 969 869 1016 n
885 951 1082 1034 ιὺρεθήσεταιὸ
1095 954 1226 1035 Χριστὸς,
1238 958 1255 1014 ὁ
1267 951 1404 1021 κελεύω
1414 957 1477 1032 itti*
1492 976 1502 1012 ¹

114 1068 173 1108 eam
185 1047 342 1122 deseruerit,
355 1045 582 1128 prevaricationis
602 1057 642 1105 est
659 1063 733 1118 reus,
747 1038 831 1103 ctri-
885 1067 939 1119 ναι,
949 1047 998 1114 τῆς
1012 1043 1190 1126 παραόἄσιιις
1201 1050 1270 1124 ἡμῖν
1282 1043 1372 1114 cissos
1381 1047 1502 1126 γιγινημί

115 1155 184 1215 stus,
192 1141 241 1221 qui
251 1139 341 1213 nobis,
348 1152 378 1199 ut
388 1137 464 1198 illam
473 1138 667 1211 desereremus,
675 1133 830 1217 imperavit,
886 1134 965 1214 μόνον
978 1137 1027 1196 οὒκ
1039 1134 1195 1218 ἀπαλλάξας
1214 1143 1291 1217 ἡμᾶς
1303 1136 1455 1219 dancaster
1467 1138 1502 1197 θλ]

115 1232 192 1292 nobis
211 1229 437 1314 prevaricationis
457 1243 551 1290 auctor
572 1228 655 1290 fuisse
668 1225 830 1307 reperietur,
885 1226 976 1287 Θαλὼν
989 1230 1026 1296 τίς
1039 1227 1182 1309 ἁμαρτίαν.
1196 1231 1231 1289 ΕΙ
1240 1227 1298 1311 γὰρ
1310 1228 1359 1290 ut
1370 1228 1423 1301 τὴν
1431 1228 1502 1289 πίστι

114 1343 200 1404 neque
210 1324 298 1383 solum
310 1342 359 1383 nos
370 1335 478 1404 peccato
489 1341 543 1380 non
557 1320 695 1393 liberasse,
705 1314 753 1378 ssd
766 1317 832 1377 etin
887 1318 1039 1401 ἀρηκαμιν,
1052 1318 1085 1380 τὸ
1097 1319 1126 1381 il
1140 1319 1245 1402 αριίναι
1256 1320 1305 1381 τίν
1320 1320 1407 1401 νόμον
1418 1322 1502 1403 αμαρι

114 1428 253 1494 peccatum
273 1414 423 1497 impulisse.
445 1413 476 1474 Si
497 1413 568 1472 enim
589 1411 627 1472 ob
646 1408 728 1470 fidem
745 1408 833 1488 legem
885 1411 984 1485 πίστις,
997 1414 1032 1472 δι’
1049 1414 1082 1486 ἣν
1095 1411 1141 1472 τὸν
1153 1412 1233 1492 νόμον
1251 1412 1416 1495 apiacum,
1430 1414 1494 1487 αὕτη

114 1505 294 1579 decemimus,
315 1524 397 1586 porro
409 1525 425 1563 a
438 1503 497 1583 lege
519 1502 672 1563 discessisse
694 1512 833 1581 peccatum
886 1502 945 1573 τίας
959 1507 1036 1583 ἡμῶν
1050 1505 1123 1565 alsia
1134 1504 1246 1584 ίγίνιτο.
1261 1505 1318 1566 Καὶ
1334 1504 1430 1580 ἐπειδὴ
1449 1509 1502 1568 λιιι

70 1638 74 1645 ‚
114 1610 166 1673 est,
177 1595 244 1656 fides
255 1595 383 1675 obquam
394 1595 480 1675 legem
493 1594 673 1669 deseruimus,
686 1595 744 1677 ipsa
756 1592 833 1652 nobis
886 1620 937 1658 που
960 1598 1099 1678 τὸνλόγον
1114 1597 1300 1679 περιίστησιν,
1312 1598 1379 1658 auct
1392 1599 1502 1674 ίδιιίίηι

113 1691 183 1751 iacta
194 1701 235 1750 ost
247 1708 326 1748 causa
340 1688 452 1770 pecmd
464 1686 581 1764 Quando
594 1699 682 1746 autem
694 1685 730 1746 ad
742 1685 834 1745 absim
887 1713 957 1759 τινος
966 1691 1032 1771 πρὸς
1045 1689 1211 1771 ἀνατροπὴν,
1221 1689 1293 1751 ἀλλὰ
1303 1694 1346 1772 τῷ
1363 1692 1411 1766 Μὴ
1422 1691 1502 1771 γίνοιι

114 1779 181 1840 dum
191 1781 249 1862 jam
261 1798 409 1839 sermonem
423 1776 537 1858 redegit,
552 1798 638 1859 neque
651 1776 709 1837 nlla
720 1776 833 1837 demon·
843 1786 923 1870 878ὡς
945 1783 1053 1843 αὐτόθεν
1076 1786 1124 1855 τῆς
1151 1783 1264 1853 ἀτοπίας
1287 1785 1502 1867 ὣμολογημίνης

115 1868 371 1951 strationeindiguit
383 1867 419 1929 ad
431 1867 614 1942 minandum,
628 1867 677 1929 sed
694 1882 834 1930 contentus
852 1886 872 1932 Α
887 1877 977 1959 paolo,
991 1877 1009 1937 i
1021 1875 1165 1950 κατέλυσα,
1179 1883 1265 1938 ταῦτα
1282 1878 1369 1939 πάλιν
1382 1881 1502 1959 οἰκοδομῶ

1 1972 18 2017 t.
32 1986 53 2018 ο.
69 1970 104 2020 ι8.
115 1963 166 2023 fuit
179 1962 280 2039 dicere,
294 1959 395 2035 Absit,
409 1959 483 2040 quod
496 1959 648 2022 absurditas
666 1961 695 2021 in
715 1961 835 2022 confesso
888 1992 937 2041 την
948 1970 1062 2050 ἐμαυτὸν
1073 1969 1229 2048 συνίστημι·
1239 1971 1502 2053 statuentem

115 2069 184 2118 esset
198 2082 206 2117 e
220 2056 252 2116 Si
265 2058 354 2129 euim,
370 2053 468 2133 inquit,
482 2073 549 2134 aare
568 2053 710 2130 desumi,
730 2057 836 2114 itentm
887 2059 980 2141 λόγου,
993 2060 1040 2122 καὶ
1053 2059 1161 2138 ἔδειξεν,
1173 2063 1215 2122 ὅτι
1227 2064 1259 2122 οὔ
1272 2062 1304 2123 τὸ
1315 2063 1502 2144 παροθῆηιιί

116 2148 179 2207 bac
192 2147 315 2228 aedifico,
326 2147 580 2228 prevaricatorem
599 2164 646 2206 me
665 2149 809 2207 constituo
825 2170 833 2204 ε
887 2151 919 2211 τὸ
933 2151 971 2230 μὴ
986 2154 1090 2234 αἰριῖναι
1106 2152 1201 2233 νόμον,
1211 2159 1292 2216 τοῦτο
1303 2163 1381 2214 aaut
1392 2152 1502 2236 παραίίι

117 2240 145 2300 in
158 2238 323 2303 contrarium
336 2237 469 2298 convertit
490 2237 649 2314 orationem,
662 2250 690 2299 ct
708 2237 835 2313 ostendit,
888 2242 962 2312 τοίξιι
977 2250 1025 2304 τοῦ
1043 2245 1139 2304 οἰκείου
1152 2244 1298 2327 προσώπου
1311 2245 1399 2306 πάλιν
1409 2247 1455 2307 τοι
1467 2242 1502 2306 tlt

118 2352 170 2392 non
181 2328 330 2411 transgredi
349 2328 448 2413 legem,
462 2327 511 2389 sed
528 2329 616 2410 legem
632 2349 685 2390 non
703 2330 836 2406 deserere,
889 2357 973 2397 τιται.
985 2336 1022 2396 Τί
1030 2336 1082 2418 γὰρ
1092 2336 1235 2398 κατιλυσιν
1247 2340 1264 2397 ὁ
1276 2336 1441 2419 Πίτροςσλν
1451 2340 1500 2397 τῶν

116 2422 169 2484 hoc
195 2422 425 2505 prevaricatorem
455 2421 583 2499 reddere3
607 2436 634 2484 et
653 2443 702 2504 per
720 2426 837 2505 speciem
888 2428 1089 2511 παρατήρησιν,
1103 2430 1210 2498 ἐθνικῶς
1230 2431 1279 2508 ζῇν
1298 2430 1498 2513 προῃρημένας

115 2515 233 2599 proprie
242 2535 360 2599 persona
369 2536 463 2576 rursus
474 2517 584 2576 Petrum
594 2513 726 2597 designat.
736 2518 768 2578 ln
782 2539 837 2598 quo
889 2519 955 2600 apl<
969 2519 1110 2589 Ἰουδαίοις
1120 2521 1285 2598 ἐπανελθὼν,
1299 2523 1438 2592 κάκείνοις
1449 2526 1502 2593 cuii

116 2608 188 2671 enim
212 2610 309 2670 Petrus
329 2606 453 2668 ciborum
470 2605 683 2667 observationem
703 2607 835 2683 violavit,
888 2633 964 2671 σεται
978 2611 995 2670 ί
1007 2611 1151 2673 κατίλυσιν
1163 2614 1320 2692 οἰκοδομῶν.

116 2699 165 2780 qui
180 2699 318 2783 gentiliter
337 2711 463 2759 statuerat
483 2697 595 2759 rivere?
609 2699 680 2760 Cum
693 2697 779 2779 igitur
798 2699 837 2760 ad

117 2790 227 2853 Judaos
237 2791 337 2853 iterum
350 2788 509 2866 redierit,et
529 2810 591 2850 oum
613 2788 669 2849 illis
691 2789 777 2867 vivat,
793 2814 836 2852 rc·

116 2888 238 2967 periatur
250 2883 383 2947 adificare
395 2903 455 2965 qua
476 2882 653 2945 destruxerat.

156 2978 208 3038 20.
217 2975 306 3040 Vides
317 2995 374 3061 quo
383 2987 460 3056 paeto
468 2974 567 3054 ubique
573 2974 602 3035 iu
618 2974 838 3037 condemnatione
930 2968 1013 3049 Ὁρᾷς
1025 2972 1081 3038 πῶς
1097 2974 1234 3052 πανταχοῦ
1247 2974 1296 3043 τῆς
1311 2971 1431 3052 κρίσεως
1451 2973 1502 3055 ipo

116 3069 188 3131 Petri
207 3068 317 3141 bascat,
331 3081 358 3128 ct
374 3066 491 3148 priorem
505 3065 592 3147 ipsius
608 3068 836 3131 conversationem
889 3083 967 3140 spuo,
986 3059 1031 3120 καί
1049 3060 1097 3134 *it
1110 3060 1241 3143 προτέραν
1256 3064 1339 3122 αὐτοῦ
1358 3065 1502 3126 &mitian

116 3162 283 3222 manifestet:
297 3174 393 3220 utnon
407 3180 422 3217 a
437 3157 529 3239 lingua
549 3158 639 3234 Pauli,
659 3157 707 3220 sed
721 3174 837 3222 amente
889 3148 955 3229 til·
976 3147 1020 3207 ἵνα
1034 3149 1071 3227 μὴ
1090 3148 1166 3230 παρὰ
1181 3157 1228 3225 τῆς
1246 3158 1293 3212 τοῦ
1311 3151 1428 3213 Παύλου
1449 3154 1502 3233 γλώ

116 3253 198 3325 Petri,
218 3272 300 3333 quam
312 3250 394 3311 rebus
405 3249 473 3331 ipsis
491 3247 652 3322 ostenderat,
669 3251 759 3314 iudai
783 3251 834 3312 ad·
853 3248 872 3296 Β
888 3238 963 3321 παρὰ
977 3240 1026 3312 τῆς
1040 3246 1087 3300 τοῦ
1107 3241 1211 3324 Πίτρου
1224 3242 1346 3322 γνώμης,
1361 3244 1397 3316 ἣν
1407 3245 1454 3304 διὰ
1473 3249 1502 3304 ια’

117 3341 292 3403 monitionem
312 3338 433 3422 accipere
456 3337 617 3399 videantur?
634 3340 776 3420 Propterea
791 3339 836 3399 di·
888 3356 942 3393 των
956 3330 1119 3408 ίιιιδιίξατο,
1132 3336 1245 3396 δοκῶσιν
1264 3335 1430 3397 οἱἸοιδαῖοι
1450 3338 1499 3409 τὴν

117 3433 177 3495 cit:
195 3434 311 3492 limeris
322 3451 371 3491 eos
388 3434 441 3512 aui
450 3449 488 3489 ea
500 3432 718 3490 circumcisione
739 3443 835 3506 erant,
891 3424 1029 3506 δίχεσθσις
1042 3426 1280 3509 Διίταῶτιίρησι,
1292 3427 1502 3507 Φοὸσύμινοςιι

116 3535 144 3580 et
159 3522 237 3600 Quia
251 3520 439 3600 reprehensus
451 3531 515 3578 erat
523 3540 537 3592 ,·
548 3531 575 3578 et
589 3519 748 3597 Quodnam
760 3535 838 3582 recte
889 3521 988 3597 τομῆς,
1000 3517 1047 3578 καί
1069 3517 1134 3580 Ὅτι
1154 3517 1371 3599 κατεγνωσμένος
1393 3512 1443 3593 ἦν,
1464 3521 1502 3580 καὶ

118 3614 283 3673 ambularet
297 3612 501 3693 aduemtatem
517 3611 674 3692 eoargeiii.
689 3612 750 3672 Non
763 3613 838 3692 quod
889 3612 1026 3691 ὀρθοποδιί
1043 3611 1109 3693 πρὸς
1128 3611 1178 3685 τὴν
1200 3611 1326 3684 ἀλήθειαν
1348 3616 1397 3672 τοῦ
1418 3616 1502 3693 ιΰαγγ

118 3707 157 3765 ita
174 3725 203 3766 se
218 3704 329 3766 baberet
345 3728 352 3762 ι
367 3703 455 3780 absit;
473 3703 526 3763 boc
547 3702 619 3763 enim
638 3703 766 3784 pluribus
790 3703 838 3766 de-
889 3702 972 3772 οὕτως
991 3701 1020 3764 δί
1038 3703 1125 3785 lpus·
1144 3704 1182 3783 μὴ
1196 3704 1313 3786 γίνοιτο·
1327 3704 1374 3764 διὰ
1387 3705 1441 3786 γὰρ
1463 3709 1502 3766 πο

118 3797 328 3857 monstravimus
341 3819 349 3853 s
362 3794 411 3856 sed
422 3794 651 3875 quemadmodum
663 3811 722 3857 tum
733 3811 837 3879 tempo·
890 3796 1080 3876 ἀπιδιίξαμιν·
1098 3798 1158 3857 ἀλλ’
1172 3796 1262 3878 ῶσπερ
1275 3796 1336 3856 τότε
1355 3797 1502 3877 ίπιτίμαλ

118 3888 157 3948 ris
166 3885 377 3967 reprehendebat
388 3886 536 3960 Paulus,et
549 3887 605 3947 bec
612 3887 726 3949 audiens
743 3891 838 3949 Petrus
889 3892 974 3948 ταῦτα
996 3887 1099 3949 ἀκούων
1114 3893 1129 3948 ί
1143 3886 1245 3970 Πίτρας
1263 3887 1356 3967 ἐσίγα,
1369 3888 1441 3949 ὥστε
1463 3889 1499 3969 μὴ

117 3978 231 4051 tacebat,
245 3997 280 4037 ne
300 3977 379 4037 Pauli
402 3976 628 4057 dispensationem
645 3993 789 4054 everteret,
811 3995 838 4040 ct
888 3979 939 4053 τὴν
948 3980 1099 4060 οἰκονομίαν
1108 3979 1227 4053 natta,
1238 3980 1284 4040 καί
1295 3981 1502 4062 emergerem

118 4076 257 4129 contentus
271 4066 421 4147 crat,qussi
439 4087 493 4127 non
510 4081 580 4128 recte
593 4083 692 4149 ageret,
705 4071 836 4152 objurga·
887 4072 1056 4146 πεποιηκὼς,
1076 4072 1199 4154 δέχεσθαι
1220 4071 1269 4146 τὴν
1293 4072 1452 4147 ἐπίπληξιν,
1471 4073 1502 4135 iu

117 4161 218 4221 tionem
231 4159 382 4234 admittere,
399 4173 429 4220 ut
442 4159 513 4219 illud
526 4159 580 4220 sibi
593 4158 668 4242 apud
688 4160 838 4244 discipulos
888 4169 963 4248 αὐτῷ
975 4165 1086 4246 γίνηται
1097 4171 1175 4226 τοῦτο
1185 4165 1251 4247 πρὸς
1262 4163 1323 4235 τοὺς
1335 4168 1473 4245 μαθητάς·
1490 4193 1502 4229 c

117 4253 283 4315 excusationi
296 4265 365 4314 esset
380 4278 387 4313 ι
401 4252 439 4313 ita
448 4252 579 4312 nimirum
599 4272 671 4313 none
682 4252 731 4314 iste
743 4253 837 4315 τυιίσιιι
889 4247 965 4327 οὗτος
974 4264 1020 4319 νῦν
1035 4256 1103 4338 μετὰ
1115 4262 1163 4331 τῆς
1175 4260 1257 4329 αὐτῆς
1268 4257 1389 4337 γνώμης,
1400 4266 1459 4338 μεθ’
1470 4254 1502 4334 ἧς

117 4346 232 4408 consilio
243 4366 297 4425 quc
310 4348 419 4406 Ρτιιιιιιι
435 4344 574 4425 arguebat,
595 4343 654 4404 base
665 4344 758 4404 scribit
776 4367 837 4424 qua
855 4350 874 4399 (3
889 4348 1003 4433 Πίτριρ,
1017 4348 1113 4432 γριίριι
1132 4355 1217 4409 ταῦτα
1224 4396 1235 4424 ,
1249 4350 1318 4431 imp
1339 4351 1440 4434 ίγραρι
1461 4356 1502 4414 ra

118 4451 177 4497 tum
185 4437 318 4498 scribebat
329 4436 365 4497 ad
376 4435 499 4499 Galatas.
508 4436 577 4496 Nam
588 4435 612 4496 si
624 4448 684 4494 turn
697 4435 837 4518 objurgari
889 4441 941 4522 γὰρ
954 4440 1015 4501 rias
1027 4441 1059 4502 eb
1072 4443 1262 4519 ίπιτιμηθῆναι
1275 4440 1390 4524 Πέτρον,
1403 4445 1451 4504 καί
1462 4470 1502 4527 σιγ

118 4533 240 4603 Petrum,
254 4543 281 4590 et
291 4542 387 4601 tacere,
397 4528 464 4589 utile
479 4527 582 4591 Judaeis
595 4541 662 4601 erat,
676 4528 764 4589 multo
777 4550 837 4589 ma·
890 4555 968 4612 σιμον
980 4525 1014 4606 ἦν
1025 4541 1081 4601 τοῖς
1094 4532 1346 4615 ’1ουδαίοις,πολλῷ
1357 4539 1462 4613 μαλλον
1472 4537 1502 4596 ἂν

119 4623 161 4703 gis
175 4642 247 4683 nunc
259 4622 339 4682 ctiam
351 4621 401 4682 ista
423 4621 458 4681 de
476 4621 536 4702 ipsu
551 4619 701 4702 predicari,
716 4621 784 4682 utile
804 4620 838 4682 iis
890 4629 975 4683 ταῦτα
995 4623 1057 4705 scapi
1073 4627 1154 4685 αὐτοῦ
1168 4627 1295 4706 λιχθῆναι
1309 4626 1447 4707 χρήσιμον
1458 4621 1491 4702 ἦν

119 4728 175 4775 crat
187 4736 222 4774 ex
234 4715 352 4788 Galatis,
365 4713 414 4794 qui
426 4703 532 4774 inerant
550 4712 701 4794 depravati.
717 4717 757 4777 Ut
766 4713 838 4774 euim
889 4718 942 4774 τῶν
956 4723 1011 4783 τοῖς
1031 4715 1236 4797 διιρθαρμίνοις.
1248 4716 1359 4798 Ὥσπερ
1379 4719 1431 4800 γὰρ
1448 4725 1474 4781 οί
1493 4746 1502 4780 ι

119 4806 168 4888 qui
181 4819 240 4866 tum
250 4806 397 4866 Antiochia
407 4804 553 4885 degebant,
560 4824 624 4863 cum
634 4805 731 4864 center
743 4825 837 4886 repre·
889 4805 993 4886 τιοχιίᾳ
1006 4806 1199 4887 διατρίὸονττς,
1211 4811 1326 4890 ὁρῶντες
1345 4811 1451 4893 Πίτρον
1469 4817 1502 4873 ἐπ

119 4897 234 4957 bensum
242 4911 379 4957 cemorent
389 4899 511 4969 Petrum,
525 4909 552 4956 et
563 4909 703 4969 noenum,
716 4897 838 4978 magistri
892 4900 951 4978 μεθ’
970 4897 1135 4979 ὑπιρὸολῆς,
1151 4900 1197 4961 καί
1219 4904 1349 4980 σιγῶντα,
1365 4904 1502 4985 imposne

120 4988 286 5048 accusatione
308 4988 522 5069 corrigebantur,
544 4981 578 5047 ac
598 4987 730 5048 silentio:
750 4992 791 5049 sic
811 5003 839 5050 et
890 4996 937 5050 τοῦ
958 4988 1118 5052 διδασκαλίαι
1138 4990 1300 5073 κατηγορία,
1320 4992 1421 5077 καλιῇ
1441 5003 1502 5079 σιγηζΙ

119 5096 191 5137 nunc
202 5079 319 5153 Galatae,
330 5081 380 5158 qui
391 5077 591 5161 eodemmorbo
609 5078 731 5140 Judaiote
741 5079 837 5142 obser-
890 5087 936 5142 νῦν
958 5082 1080 5144 Γαλάται
1101 5083 1162 5164 περὶ
1181 5081 1215 5144 sd
1235 5085 1372 5149 lacuit
1389 5096 1502 5151 νοσῶνα

119 5167 235 5227 vationis
247 5169 378 5242 laborant,
394 5183 420 5229 et
432 5168 499 5228 dum
512 5168 628 5229 Paulum
644 5169 760 5231 audiunt
780 5170 836 5234 bac
889 5174 998 5234 Παύλου
1016 5181 1101 5234 ταῦτα
1120 5177 1180 5258 περὶ
1199 5179 1279 5238 αὐτοῦ
1297 5179 1421 5259 λέγοντος
1440 5184 1502 5244 aaut

119 5257 153 5316 dc
166 5258 224 5340 ipso
233 5259 377 5336 dicentem,
389 5274 480 5341 utpote
489 5261 554 5339 quia
576 5261 753 5342 reprehensus
766 5278 833 5341 erat,
889 5265 929 5327 ὅτι
942 5267 1154 5347 κατεγνωσμένος
1167 5260 1210 5346 ἦν,
1222 5268 1268 5330 καλ
1281 5273 1331 5332 αλιι
1348 5273 1502 5354 ὠρίοιιόδησ
