3764 5992
89 387 156 459 126
422 409 452 457 S
478 408 620 458 Joaums
644 405 827 455 cflursosn
856 402 1014 451 ΑλλίλΠλΠΡ
1040 403 1310 455 consummor.

84 559 145 599 rum
168 535 402 620 peu-terrefaceret?
416 554 470 614 quo
491 547 569 614 pacto
593 531 719 593 universo
743 543 800 590 ter·
819 526 907 608 λλγδιρ
932 532 978 588 τοῦ
1004 527 1074 588 κατὰ
1092 488 1199 592 Παῦλον
1222 519 1310 608 μεῖζον
1334 528 1447 609 σημείου
1472 527 1564 608 γένοιτ
1565 528 1636 604 ’ςάν

83 651 175 692 rarum
195 629 256 690 orbi
279 624 442 710 imperaret?
455 647 509 706 quo
530 638 609 707 pacto
629 624 731 704 majora
744 614 801 682 sne-
857 623 952 681 Ζῶντα
967 619 1015 699 μὲν
1029 620 1125 703 γάρ’
1096 622 1173 682 αυτδν
1187 621 1234 681 καλ
1250 626 1265 682 θ
1283 621 1386 704 Πέτρος
1398 621 1554 705 ἠρνήσατο
1569 625 1636 681 άιιυ-

83 723 138 782 rint
150 736 210 803 post
232 740 338 781 crucem
361 718 490 778 miracula
513 736 596 796 quam
610 735 671 794 quae
692 734 801 774 crucem
856 711 967 773 θανόντα
990 711 1018 772 δλ
1041 717 1056 773 ό
1078 715 1185 782 Παῦλος
1208 713 1375 793 ιῦμολόῃσε.
1398 713 1507 775 Τοῦδδ
1526 712 1636 793 νεκροὺς

83 811 290 917 precesserant?
312 809 391 869 lllius
421 826 547 888 germana
581 825 642 912 qne
675 824 703 864 se
730 822 802 863 nunc
856 807 955 886 ἐγεῖραι
968 804 1078 865 διδτων
1090 830 1171 866 σκτων
1184 811 1272 885 ρτῖζυν
1286 816 1396 885 σημεῖον
1410 830 1443 879 ην
1457 804 1554 877 τοι-δν
1567 803 1635 884 γνώ-

82 904 234 984 ingeriteet
247 903 343 964 oratio.
358 899 441 974 Quod
462 899 535 959 enim
556 900 644 980 majus
664 897 716 957 boo
728 896 801 958 cerni
857 922 910 977 μην
932 896 1042 958 Παύλου
1058 898 1257 959 ἐπισπάσασθαι
1271 922 1317 959 και
1306 899 1410 959 ἑλεῖν.
1426 898 1504 959 Ἐκεῖ
1517 896 1567 976 μὲν
1581 896 1634 979 ηδρ

82 996 167 1076 possit
192 994 367 1063 miraculum,
394 990 504 1072 qnod
496 1011 524 1050 ιιι
557 991 643 1051 Paulo
667 989 802 1069 contigit?
855 987 973 1069 ἠρίοις
993 988 1098 1065 εἵπετο,
1113 990 1160 1049 καλ
1176 993 1224 1050 οὐκ
1244 989 1425 1070 ἀντελιγι
1387 1014 1427 1072 τορ
1447 987 1633 1049 έτιταίττοντι·

83 1086 153 1144 Nam
167 1084 304 1145 viventem
316 1077 520 1160 quidemjllum
533 1078 630 1136 Petrus
642 1076 762 1156 negavit,
774 1089 804 1137 at
856 1086 968 1143 ἐνταῦθα
984 1081 1011 1141 δλ
1024 1082 1176 1164 προαίρεσις
1185 1074 1218 1156 ἦν
1230 1089 1276 1143 τοῦ
1290 1087 1449 1161 πεισθῆναι,
1464 1080 1513 1142 κοιλ
1531 1084 1579 1140 τοῦ
1594 1079 1631 1160 μή

82 1189 221 1235 mortuum
247 1174 349 1234 Paulus
364 1172 499 1232 confessus
518 1183 566 1230 cst.
587 1172 671 1230 Porro
686 1181 802 1230 mentem
856 1179 997 1246 πεισθῆναι
1010 1172 1088 1256 κυρία
1100 1197 1107 1210 ·
1119 1173 1177 1234 ὅθεν
1196 1175 1283 1248 πολλὴ
1303 1175 1444 1256 ἡδόναμις
1460 1179 1508 1235 τοῦ
1523 1173 1632 1234 πείσαν-

2 1288 74 1332 ιιστ.
83 1269 161 1328 Pauli
172 1268 316 1350 pellexisse
328 1280 408 1345 atque
419 1282 587 1345 expugnasse
596 1263 684 1344 majus
693 1262 802 1342 signum
854 1288 899 1334 τος
912 1264 1054 1326 δείκνυται.
1072 1269 1129 1327 Τοῦ
1145 1267 1197 1348 γὰρ
1207 1266 1285 1348 φύσιν
1301 1269 1445 1350 διορθῶσαι
1457 1266 1489 1327 ιδ
1503 1266 1630 1348 τρασίρα-

25 1365 73 1423 ¹³2·
81 1361 146 1439 fuir,
160 1383 242 1441 quam
253 1359 412 1419 umbrarum
425 1376 507 1436 opera
516 1367 637 1415 mortuos
649 1354 800 1415 suscitasse.
855 1382 895 1419 σιν
918 1358 1078 1436 μεταόαλιῐν
1095 1359 1188 1439 πολλῷ
1210 1362 1298 1438 μιῖζον
1317 1352 1369 1434 ἦν·
1386 1362 1480 1438 μεῖζον
1503 1360 1560 1441 ἄρα
1578 1361 1629 1419 τῶν

9 1427 152 1519 ruff-Nam
176 1453 233 1512 illic
259 1448 371 1530 quidem
399 1447 559 1526 sequebatur
586 1458 693 1521 natura,
715 1467 802 1526 neque
819 1459 838 1506 Ε
855 1450 942 1511 ἄλλων
955 1451 1080 1510 ἁπάντων
1095 1459 1204 1529 σημεῖον
1219 1452 1322 1532 ἐγίνετο
1343 1453 1374 1513 τδ
1389 1454 1499 1514 Παῦλον
1512 1453 1628 1532 προσελ-

81 1544 224 1626 imperanti
247 1537 514 1602 contradicebatzbic
535 1559 600 1600 vero
623 1538 651 1598 in
671 1552 802 1620 potestate
853 1548 907 1602 θεῖν
929 1545 968 1623 τῷ
987 1543 1096 1624 Χριστῷ
1119 1543 1188 1622 perd
1201 1543 1245 1603 τδν
1267 1544 1379 1625 σταυρδν
1399 1544 1446 1605 καλ
1468 1544 1516 1604 τδν
1535 1543 1627 1624 τάμον.

0 1659 72 1721 ,αισα
80 1634 160 1697 liberi
172 1636 279 1696 arbitrii
296 1634 379 1695 situm
403 1645 470 1708 erat,
484 1645 514 1690 ut
535 1631 742 1713 persuaderetur
756 1633 801 1694 vel
853 1634 907 1696 Καὶ
920 1635 972 1715 γὰρ
992 1636 1036 1696 διδ
1049 1641 1127 1695 τοῦτο
1145 1639 1247 1717 ἀφῆκεν
1266 1637 1345 1697 αὒτδν
1364 1641 1379 1696 ὁ
1399 1636 1517 1717 Χριστός
1539 1645 1626 1697 πᾶσαν

0 1723 58 1755 '¹¹³'
80 1749 134 1789 non
146 1727 367 1811 persuaderetur3
381 1724 453 1785 unde
466 1743 562 1804 magna
579 1722 668 1784 virtus
681 1724 799 1806 ejusqui
852 1724 900 1799 τὴν
914 1726 1010 1807 ἔχθραν
1022 1727 1212 1804 ἐπιδείξασθαι,
1226 1727 1272 1787 καλ
1285 1728 1345 1788 τότε
1359 1729 1501 1803 ἐκάλεσεν,
1512 1727 1558 1789 ἵνα
1567 1727 1626 1788 dui·

79 1821 222 1904 persuasit,
237 1817 398 1881 ostenditur.
412 1815 503 1876 Multo
525 1811 626 1896 quippe
646 1817 734 1896 majus
747 1815 800 1876 fnit
851 1840 952 1878 ποστ-τον
968 1819 1067 1899 πουίσρ
1088 1823 1136 1892 τῆς
1158 1818 1325 1888 ἀναστάσεως
1338 1819 1387 1892 τὴν
1408 1819 1565 1893 ἀπόδειξιν,
1579 1818 1622 1879 καλ

78 1913 245 1974 voluntatem
266 1910 440 1986 convertisse,
462 1926 544 1986 quam
567 1920 692 1967 naturam
706 1928 799 1968 corr-e
850 1909 895 1969 τδν
915 1910 1085 1978 διδασκαλίας
1104 1910 1191 1991 λόγον.
1211 1910 1360 1994 Πέτρσςλ
1328 1937 1376 1991 μν
1395 1913 1448 1994 γὰρ
1466 1913 1576 1996 τιρλ’
1548 1918 1624 1973 αυτοῦ

78 2007 166 2066 risse·
159 2026 262 2086 majus
271 2004 356 2084 igitur
367 2014 469 2061 ceteris
477 1998 638 2058 omnibus
616 2019 723 2079 sumum
734 2000 798 2078 furt
850 2000 934 2082 λέγων
947 2002 1010 2072 ἴσως
1022 2004 1210 2064 θτωττευετο
1224 1995 1331 2086 ἄχε’
1297 2027 1348 2085 γαρ
1361 2029 1401 2072 τις
1413 2029 1467 2064 των
1481 2009 1533 2064 ἀνα
1536 2004 1623 2086 ισχόν-

79 2098 197 2158 Paulum
209 2110 272 2179 post
285 2115 392 2155 crucem
404 2106 431 2152 et
440 2091 607 2173 sepulturam
615 2090 649 2150 ad
661 2045 800 2151 Christuni
850 2116 903 2152 των
921 2097 1003 2155 εἰπεῖν
1016 2119 1052 2155 τι.
1066 2085 1150 2156 Εἶπον
1164 2095 1243 2154 δὲτῶ
1244 2120 1258 2155 ν
1278 2095 1477 2176 άναισρόντων,
1493 2095 1582 2156 ότι
1550 2107 1625 2158 κααεῑ

79 2189 228 2251 accessisse.
231 2191 375 2269 Propterea
383 2205 499 2263 namque
510 2195 634 2266 permrsrt
642 2202 704 2241 eum
719 2182 799 2241 Chri·
851 2186 987 2267 φανερδὴ
1013 2186 1143 2256 ἀπόδειξις
1162 2180 1203 2261 ἦν.
1229 2187 1283 2247 Aet
1296 2186 1347 2268 γὰρ
1363 2189 1408 2248 καὶ
1427 2190 1527 2257 ἐκεῖνος
1548 2190 1623 2250 αιἰτδν

78 2296 136 2342 stus
146 2303 226 2342 omne
239 2279 435 2360 odiumpmese
447 2277 527 2351 serre,
539 2296 571 2333 ac
585 2288 644 2333 tum
654 2273 738 2352 ¹illum
753 2295 799 2335 vo·
850 2283 885 2360 ἡρ
886 2278 985 2351 νήσατυ
1005 2278 1147 2361 πρότερον,
1163 2278 1209 2339 καλ
1227 2278 1363 2359 ἠ’ρν·ησαι·υ
1378 2283 1434 2358 μεθ’
1449 2279 1544 2361 ὅρκου,
1565 2284 1623 2340 άλλ

78 2373 160 2451 mit,
171 2387 202 2432 ut
212 2369 413 2433 resurrectionis
426 2366 614 2449 probationem
623 2385 654 2425 ac
667 2363 797 2426 doctrinae
849 2369 922 2534 ὅμως
952 2370 997 2430 τδν
1029 2371 1107 2430 αὐτὸν
1142 2363 1233 2430 τδῦτον
1264 2374 1398 2451 ὁμολογῶν
1431 2370 1540 2452 ὕστερον
1580 2372 1625 2432 καλ

79 2487 227 2526 sermonem
248 2462 323 2524 omni
336 2460 488 2541 suspicione
506 2459 643 2518 liberaret.
659 2459 730 2518 Nam
747 2461 869 2550 Pemr
849 2460 1005 2543 τλνθοχὴν
976 2460 1196 2535 λνέτέδιοκιλ
1163 2461 1211 2535 τλν
1226 2465 1328 2522 ἑαυτοῦ.
1350 2462 1426 2523 lites
1453 2463 1543 2540 μᾶνὴ
1512 2462 1624 2538 ἀνέστη,

78 2571 137 2618 trus
159 2554 302 2636 quidem
281 2575 305 2616 ιι
319 2553 354 2613 de
366 2573 399 2613 eo
419 2552 550 2631 loquutus
562 2564 631 2611 esset
632 2567 799 2642 ,suspectus
814 2567 832 2613 A
850 2558 898 2616 οὔκ
912 2553 943 2613 δν
960 2557 1074 2622 θζῶντα
1093 2559 1111 2614 ά
1114 2554 1291 2636 ρνησάμινυς,
1310 2553 1379 2617 ὥστε
1400 2554 1438 2634 μὴ
1459 2555 1625 2636 ἀρνήσασθαι

77 2649 183 2710 suisset:
192 2647 321 2729 potuisset
342 2644 414 2704 enim
435 2644 579 2725 impudens
600 2643 700 2723 aliquis
718 2643 799 2747 quid·
849 2646 1057 2722 τελευτήσαντα,
1081 2645 1190 2726 μυρίους
1209 2645 1242 2705 δν
1265 2646 1392 2715 θανάτους
1412 2647 1563 2726 θπέμοινι·
1586 2649 1626 2709 διδ

76 2741 152 2823 piam
164 2740 264 2801 dicere.
278 2740 363 2799 Porro
384 2733 568 2815 impudentem
586 2734 655 2811 dixi,
669 2735 797 2814 quoniam
849 2738 895 2798 καλ
911 2738 955 2799 ίτλ
968 2738 1071 2820 Πέτρου
1086 2762 1167 2821 ρανιρ
1168 2738 1216 2811 δὴ
1237 2738 1320 2799 ἀτόδι
1324 2737 1420 2807 ιξις
1386 2763 1434 2810 της
1455 2739 1626 2809 ἀναστάσεως

77 2847 104 2893 et
116 2831 174 2895 illic
196 2831 338 2891 manifesta
360 2828 413 2887 fuit
430 2826 633 2886 demonstratio.
654 2827 798 2907 Siquidem
840 2823 891 2904 ἦν.
905 2831 982 2904 Πλὴν
994 2832 1052 2890 ἀλλ’
1065 2830 1191 2892 ἐκεῖνοθ
1160 2856 1206 2911 μν
1221 2823 1293 2913 εἶχον
1306 2834 1330 2890 σί
1344 2830 1517 2912 θναίσρυντοι
1527 2832 1624 2912 λέγειν,

76 2925 125 2987 ille
137 2946 245 3005 quoque
259 2923 336 3004 prins
356 2921 447 3002 ipsum
467 2919 588 3000 negavit,
601 2932 628 2979 et
643 2941 705 2979 curn
714 2921 796 3001 jura·
849 2924 890 2986 ότι
904 2922 995 2997 ἐπειδὴ
1010 2921 1131 3003 μαθητὴς
1145 2927 1223 2984 αὐτοῦ
1240 2915 1287 2997 ἦν,
1303 2918 1395 2996 ἐπειδὴ
1408 2923 1543 3003 τραπέζης
1556 2926 1625 2983 ἐκοι-

76 3031 168 3079 mento
182 3016 496 3097 negavimverumtnmen
510 3012 584 3071 hunc
599 3010 689 3093 ipsum
699 3011 798 3073 deinde
827 3006 829 3011 ¹
848 3015 966 3089 νάονησεν
976 3019 1062 3098 αὐτῷ,
1075 3015 1121 3076 καλ
1134 3013 1195 3095 τρία
1206 3015 1252 3088 ἔτη
1266 3018 1338 3095 αὐτῷ
1350 3014 1517 3096 συνεγένετο,
1530 3016 1623 3088 ἐπειδὴ

77 3109 146 3170 dnm
157 3109 310 3184 confitetur,
321 3106 366 3167 vel
376 3106 463 3187 ipsam
474 3106 593 3165 animam
604 3125 681 3164 sitnm
690 3126 740 3185 pro
749 3104 797 3164 illo
850 3106 1021 3176 διδασκαλίας
1035 3108 1202 3182 ἀπόλαυσιν,
1221 3107 1313 3180 ἐπειδὴ
1336 3107 1496 3181 ἐκολακιόθη
1516 3112 1562 3168 ὑπ’
1577 3112 1624 3168 αὐ-

79 3201 202 3262 tradidit,
214 3200 296 3274 Quod
311 3199 335 3259 si
354 3219 407 3258 non
430 3197 629 3275 resurrexisset,
649 3217 797 3276 numquam
849 3206 896 3262 τοῦ
910 3200 1066 3274 ἀπατηθεὶς,
1083 3199 1128 3260 διδ
1146 3207 1222 3261 τοῦτο
1241 3200 1366 3280 κηρότττι
1386 3204 1465 3260 αὐτοῦ
1486 3201 1537 3274 τὴν
1556 3203 1622 3263 ἀνά-

78 3293 112 3371 is,
120 3294 169 3374 qui
188 3293 326 3356 viventem
348 3303 502 3371 negaverat,
515 3288 615 3349 millies
628 3303 743 3349 mortem
754 3303 798 3349 to-
851 3317 943 3356 στασιν
958 3315 965 3330 ·
980 3292 1042 3352 όταν
1064 3292 1091 3352 δὲ
1105 3290 1212 3353 Παῦλον
1231 3291 1288 3372 ἴδῃς
1301 3292 1345 3351 τδν
1365 3296 1413 3351 οὐκ
1427 3293 1517 3353 εἰδότα
1532 3294 1620 3372 αὐτόν,

76 3386 196 3464 lcrasset,
206 3406 239 3445 ne
250 3386 308 3467 jam
321 3396 460 3444 mortuum
474 3381 696 3461 abnegaretrquo
711 3381 753 3456 fit,
767 3393 798 3440 ut
848 3385 894 3446 τδν
917 3386 965 3444 οὐκ
986 3383 1135 3445 δκσίσαντα
1158 3387 1250 3460 αὐτοῦ,
1269 3385 1315 3445 τδν
1338 3387 1368 3445 αὖ
1389 3383 1560 3465 μετασχόντα
1575 3391 1622 3458 τῆς

79 3477 160 3538 etiam
174 3478 202 3538 in
216 3478 296 3538 Petro
319 3472 523 3537 resurrectionis
535 3471 728 3537 demonstratio
741 3493 799 3531 ma·
850 3476 1039 3549 διδασκαλίας,
1053 3476 1098 3536 τὸν
1114 3476 1161 3536 καλ
1179 3476 1247 3555 μετὰ
1261 3476 1307 3536 τὸν
1321 3476 1433 3555 σταυρὸν
1448 3479 1522 3557 αὐτῷ
1540 3478 1622 3537 πσλι-

79 3570 175 3632 nifesta
184 3570 267 3631 fuisse
280 3567 413 3632 videatur.
425 3569 619 3631 Verumtamen
630 3564 666 3625 de
678 3565 728 3625 illo
738 3565 799 3644 qui·
816 3588 834 3636 B
851 3573 965 3649 μοῦντα,
977 3568 1022 3630 τδν
1036 3567 1229 3629 ἀτοκτιννόντα
1243 3566 1304 3634 τοδς
1325 3571 1363 3635 εἰς
1385 3568 1463 3628 αὐτόν
1482 3568 1622 3629 πιστεύον-

80 3662 319 3744 demimpudentes
326 3661 416 3722 dicere
423 3659 580 3742 potuissent,
588 3663 650 3719 c'um
659 3672 798 3740 propterea
849 3686 911 3738 τας,
930 3661 975 3722 ιδν
989 3661 1077 3721 πάντα
1096 3659 1243 3741 συγχέοντα
1261 3658 1307 3719 καλ
1326 3659 1509 3740 ταράττοντα,
1531 3665 1623 3719 τοῦτον

80 3754 155 3835 quod
183 3753 335 3835 discipulus
366 3766 423 3813 erat
445 3752 534 3829 iilius,
557 3766 697 3835 propterca
723 3750 797 3831 quod
849 3755 972 3838 λξαίρνης
991 3752 1236 3834 μεταόιόλημίνον,
1251 3754 1298 3813 καλ
1314 3750 1450 3832 ταῖςὺτδρ
1469 3757 1518 3812 τοῦ
1537 3750 1623 3832 κηρό·

79 3845 214 3927 particeps
227 3844 637 3925 ejusmmsaefueragactrihus
650 3842 798 3906 enniscnm
849 3869 952 3927 γματσς
974 3846 1106 3926 καμάτοις
1130 3845 1249 3913 ἅπαντας
1270 3844 1460 3925 ταριλάσαντα
1490 3843 1553 3911 τοὺς
1578 3848 1623 3904 τοῦ

80 3937 130 3997 iilo
136 3950 258 3999 versatus
264 3936 350 3994 iuerat
357 3957 366 4011 3
375 3948 515 4016 propterca
528 3933 602 4014 quod
608 3936 667 4015 ejus
675 3935 797 3998 doctrina
849 3941 965 4020 Χριστοῦ
978 3939 1084 4021 φίλους,
1097 3936 1176 3999 τοίαν
1189 3936 1256 4006 dieu<
1267 3937 1358 3998 λοιτδν
1372 3935 1449 4010 ,siri
1463 3957 1510 4015 μοι
1517 3980 1527 4008 ,
1543 3940 1622 3996 ἀναι-

80 4028 183 4111 potitus
196 4039 419 4109 erat5propterea
429 4025 503 4104 qnod
516 4025 544 4084 in
557 4025 680 4085 fraudem
691 4026 797 4088 illectus
849 4031 973 4112 σρυντίας
998 4031 1145 4113 πρόφασιν,
1168 4031 1287 4089 ἀπιστῶν
1307 4032 1346 4109 τῷ
1376 4031 1424 4100 τῆς
1453 4027 1624 4096 ἀναστάσιας

79 4118 221 4181 blanditiis
233 4120 291 4200 ejus
306 4119 404 4196 inerat,
417 4115 519 4178 idcirco
531 4118 752 4178 resurrectionem
762 4119 797 4179 il·
847 4121 931 4203 λόγῳς
945 4123 981 4182 Εἰ
994 4120 1046 4202 γάρ
1061 4120 1099 4197 μὴ
1121 4120 1217 4194 ἀνίστη
1238 4120 1394 4200 θλλριστδς,
1408 4116 1449 4187 τίς
1471 4119 1517 4179 τδν
1539 4117 1623 4187 οὕτως

78 4213 134 4274 lius
163 4212 397 4294 prudimrercum
417 4231 482 4270 vcro
498 4208 615 4269 Paulum
628 4209 734 4290 videas,
749 4211 797 4291 qni
847 4214 920 4292 ὧρδν
932 4211 979 4272 καλ
993 4211 1241 4294 ἀτάνθρωτον,τίς
1250 4213 1296 4274 τὸν
1307 4209 1565 4292 ἐκτοπιλιμαιμίνον
1578 4211 1625 4271 καλ

78 4306 170 4387 ipsum
188 4326 240 4366 non
263 4304 383 4380 viderat,
404 4302 452 4382 qni
472 4301 565 4384 ipsum
576 4322 629 4362 non
642 4301 795 4382 audiverat,
847 4305 1011 4386 ἠγριωμένον
1025 4305 1196 4366 θτεστάσατο
1209 4305 1256 4379 δν,
1271 4303 1317 4365 καλ
1329 4304 1396 4385 τρδς
1412 4303 1508 4364 λαυτδν
1521 4302 1625 4384 irrad-

80 4399 127 4478 qni
140 4396 268 4458 doctrina
279 4396 414 4478 particeps
424 4394 537 4454 minime
549 4395 646 4474 fuerat,
657 4395 704 4474 qui
713 4395 795 4457 etiam
847 4423 922 4479 γιτος
938 4397 1006 4459 Εἰπὲ
1025 4397 1077 4477 γάρ
1091 4421 1151 4476 μοι,
1163 4387 1187 4456 ὦ
1201 4396 1326 4471 Ἰουδαῖο,
1343 4395 1385 4464 τίς
1406 4397 1515 4456 Παῦλον
1533 4394 1625 4455 lucter

79 4505 140 4572 post
153 4511 261 4551 crucem
273 4488 314 4548 illi
328 4487 433 4547 bellum
450 4485 597 4562 indixerat,
611 4500 638 4545 et
650 4486 750 4566 eosqui
767 4487 796 4547 in
846 4493 1000 4574 προσιλθιίν
1030 4493 1069 4572 τῷ
1099 4491 1225 4571 Χριστῷς
1249 4489 1366 4570 Πάτραις
1394 4489 1454 4547 ἀλλ’
1482 4486 1624 4561 'lennem

78 4583 170 4664 ipsum
181 4582 334 4657 credebant,
346 4579 533 4656 interficiebat,
542 4578 590 4658 qui
600 4579 689 4639 omnia
700 4581 796 4641 misce-
847 4585 906 4645 ἀλλ’
920 4582 1059 4657 ’λοιάννηςς
1073 4583 1142 4644 Ἀλλ’
1159 4573 1231 4642 οῦτοι
1242 4582 1340 4649 πάντες
1355 4579 1433 4641 aoros
1445 4577 1623 4640 λδιδοίυιεισαν

76 4674 124 4734 bat
132 4696 163 4735 ao
172 4674 387 4751 turbabat,hnnc
395 4672 487 4731 subito
498 4683 631 4731 mutatum
642 4671 795 4738 inferendis
813 4676 892 4749 cxci
907 4677 1043 4758 ἔφριττον,
1055 4675 1102 4736 καὶ
1121 4673 1182 4756 οθχλ
1201 4674 1254 4756 τρδ
1267 4673 1359 4734 τοῦτον
1374 4671 1469 4751 μόνοιν,
1485 4669 1558 4730 sits
1577 4669 1624 4730 καὶ

75 4786 126 4846 pro
142 4765 331 4847 predicatione
344 4763 422 4824 verbi
434 4762 574 4823 laboribus
585 4782 678 4823 omnes
691 4763 794 4826 Christi
846 4768 954 4830 ὅτιτῶν
967 4768 1049 4851 φίλων
1068 4767 1184 4847 ἐγένετο,
1204 4765 1249 4826 ὅτι
1266 4765 1408 4846 Βαρνάῦας
1429 4761 1623 4842 ἐπιλαθόμενος

74 4879 176 4918 amroos
186 4879 323 4940 superare
336 4877 395 4936 qnae
413 4855 465 4915 tibi
484 4855 618 4938 deinceps,
629 4877 727 4936 quaeso,
740 4857 793 4918 im·
846 4864 925 4923 αἰτοῦ
943 4865 992 4933 τῆς
1012 4858 1099 4943 χειρός
1123 4857 1291 4939 ἐπανήγαγον
1309 4860 1346 4925 τλς
1365 4855 1553 4936 Ἱεροσόλυμα,
1581 4853 1623 4914 lec

73 4949 209 5033 pudentia
232 4950 336 5010 occasio
362 4948 578 5028 relinquetur,
556 4968 578 5009 si
593 4949 796 5036 resurrectionis
845 4953 988 5036 λραθυνντα
997 4954 1143 5014 κολλᾶσθαι
1158 4953 1251 5032 αὐτῷ·
1265 4949 1338 5010 καλό
1355 4947 1403 5027 μὲν
1419 4944 1625 5025 πόλιμοςὲλί·
1564 4944 1633 5007 λλό·ἱ

72 5040 158 5104 verbo
170 5061 225 5100 non
238 5039 350 5100 medas?
362 5040 393 5102 Si
407 5039 481 5100 enim
493 5039 619 5100 Christus
631 5059 685 5100 non
698 5059 790 5102 resur·
845 5046 923 5116 λυτο,
932 5044 986 5106 odi
999 5045 1080 5127 φθόας
1094 5042 1207 5123 έτόμιντ
1219 5051 1274 5111 τοῖς
1284 5039 1450 5107 ἀποστόλοις
1459 5028 1545 5099 Oi
1512 5061 1559 5098 ουν
1570 5060 1623 5099 κα-

71 5131 195 5213 rexissct,
210 5129 272 5210 quis
285 5131 424 5191 hominem
438 5129 505 5192 adeo
518 5130 790 5193 crudelemetinhu-
844 5137 1009 5217 ταλλαγέντα
1025 5138 1103 5198 αυτδν
1122 5135 1162 5197 ότι
1177 5134 1353 5215 φοόοιίμινοι,
1372 5129 1466 5213 ἓρθρδν
1484 5128 1550 5192 όντα
1574 5131 1621 5191 καλ

71 5247 192 5305 manum,
213 5222 275 5306 quis
294 5221 360 5286 adeo
370 5222 505 5289 infensum
528 5238 553 5286 et
575 5225 714 5289 effoetum
736 5227 788 5291 noi
843 5229 969 5309 πολέμιον
986 5231 1102 5308 ίτολμων
1123 5229 1406 5308 τεῖσαι;·τροσιλθιῑν
1424 5222 1477 5304 γάρ
1498 5222 1623 5300 dium
