3810 6000
794 436 978 487 PEEFthO·
1598 443 1655 500 ¹Vll

110 561 240 624 Gdnaein
252 561 374 624 Thracia
388 562 526 624 hostiliter
533 561 637 642 agentis
649 559 858 622 obtendentibus
864 583 875 637 ς
889 559 1135 642 profectionemque
1146 559 1256 621 distulit
1266 561 1295 622 in
1307 563 1371 623 anni
1384 565 1519 644 sequentis
1531 567 1652 648 initium,

112 668 249 734 postquam
259 654 415 715 Antoninus
427 652 525 717 evivis
537 666 693 714 numerat.
704 654 737 714 ln
751 651 816 712 Asia
830 672 894 713 vero
911 650 974 733 plus
993 672 1076 729 quam
1087 666 1195 712 centum
1205 652 1276 731 dics,
1289 667 1319 713 ut
1329 654 1388 737 ipss
1395 655 1446 733 ait,
1457 673 1649 732 commoratus,

112 745 274 805 simoniacos
284 745 422 823 destituit,
429 746 498 807 alios
508 747 536 807 in
547 766 641 808 eorum
652 746 743 805 locum
751 743 902 805 ordinavit:
912 764 948 804 ex
955 742 1055 821 quibus
1068 756 1139 803 recte
1152 757 1178 803 et
1187 744 1560 827 secundumieeclesissticum
1567 751 1652 812 ritum

111 838 260 897 constitutis
269 838 425 898 ocmsiones
437 837 601 899 criminandi
612 838 785 919 arripuerunt
797 838 855 917 ejus
867 834 1029 908 adversarii,
1035 834 1098 913 quia
1112 833 1243 896 nimirum
1256 836 1327 896 nihil
1348 851 1389 897 ast
1404 837 1472 918 quin
1487 841 1562 902 mals
1581 866 1649 905 nar.

112 927 192 988 raudo
204 930 291 1009 possit
302 929 489 1011 depravarier.
504 929 638 990 Postridie
649 950 773 1008 quamex
783 928 846 988 Asia
859 925 975 987 redierat
983 926 1039 1000 illc,
1048 925 1203 987 concionem
1215 927 1311 989 habuit
1323 930 1357 991 ad
1374 931 1507 1013 populum
1522 934 1653 998 constan·

112 1021 327 1102 tinopolitanum,
338 1036 400 1103 post
409 1022 512 1082 Pascha
527 1021 590 1081 anni
600 1022 654 1080 dcl
660 1066 671 1094 ,
687 1021 766 1101 cujus
774 1017 1022 1100 interpretationem
1034 1030 1140 1076 tantum
1150 1018 1275 1079 Latinam
1288 1020 1428 1085 habemus.

150 1114 325 1190 Serenianus,
337 1115 481 1196 episcopus
501 1114 670 1176 cabalorum
681 1114 710 1173 in
730 1113 821 1196 Syria,
843 1111 926 1172 homo
937 1109 1023 1185 valer,
1039 1129 1087 1168 uec
1100 1108 1226 1189 elinguis,
1240 1113 1470 1198 Constantinopoli
1484 1133 1547 1182 tunc
1559 1144 1652 1204 agens,

113 1204 244 1267 simulatis
255 1206 593 1288 obsequiis,cbr,ysostomi
604 1205 754 1266 amicitiam
764 1202 1022 1265 sibiconciliaverat.
1035 1198 1239 1282 Sedpostquam
1247 1203 1293 1264 hie
1302 1205 1430 1268 iuhsiam
1439 1213 1575 1291 proiectus
1587 1229 1654 1289 erat,

53 1342 55 1347 .
113 1296 197 1379 posita
204 1297 296 1374 larva,
302 1298 436 1379 populum
442 1297 497 1359 sibi
502 1296 650 1375 devincire,
657 1299 771 1378 ejusque
780 1294 895 1359 studies
904 1293 1097 1375 chrysostomo
1103 1307 1223 1355 avertere
1229 1298 1376 1376 satagebat.
1384 1303 1530 1381 Postquam
1539 1305 1655 1367 redierat

116 1386 333 1469 chrysostom,
343 1409 407 1448 cum
429 1387 512 1450 verba
526 1386 665 1470 impietate
676 1386 756 1468 plena
778 1386 937 1469 protulisset
947 1383 1121 1458 Severianus,
1147 1385 1329 1448 tumultuante
1347 1403 1373 1450 et
1387 1391 1416 1453 in
1432 1392 1502 1454 iram
1522 1398 1654 1458 concitatu

115 1478 213 1560 populo
227 1479 325 1559 pulsus
337 1492 386 1539 est.
407 1477 514 1538 Deinde
529 1491 640 1539 curante
653 1476 782 1538 Eudoxia
795 1483 919 1558 Augusta
937 1491 964 1537 ct
983 1476 1043 1558 ipso
1063 1476 1189 1553 Arcadio,
1203 1480 1382 1544 consentiente
1392 1505 1500 1565 qnoque
1508 1508 1579 1567 agre
1592 1488 1656 1549 licet

116 1570 320 1653 Chrysostomo,
334 1569 468 1631 inurbern
477 1569 613 1631 admissus
625 1583 675 1631 est.
696 1562 730 1632 ln
743 1566 861 1632 advent'u
872 1570 944 1652 ejus,
967 1582 998 1629 ut
1015 1584 1185 1650 exasperatos
1208 1571 1237 1633 in
1251 1573 1427 1636 Severianum
1441 1579 1537 1660 populi
1550 1581 1654 1644 animos

116 1664 248 1743 mitigaret
261 1662 483 1744 Chrysostomus,
492 1659 647 1723 nonnionem
660 1660 695 1721 ad
705 1662 838 1744 populum
851 1661 1040 1724 brevissimam
1050 1660 1156 1738 habuit,
1168 1672 1251 1741 qtram
1259 1664 1355 1727 Latine
1362 1681 1468 1729 tantum
1481 1673 1654 1752 protulimus,

116 1754 185 1835 quod
196 1757 296 1817 Graeca
311 1753 472 1814 interierint.
486 1753 614 1834 Sequenti
631 1753 714 1814 etiam
726 1754 772 1815 die
790 1754 951 1816 Severianus
967 1753 1089 1814 breviter
1099 1753 1232 1835 populum
1242 1757 1409 1838 alloquutus,
1425 1763 1655 1843 magnificentiora

119 1868 195 1926 quarn
207 1846 356 1907 sinceriora
362 1845 397 1906 de
407 1844 579 1908 reconciliata
591 1865 657 1927 pace
665 1845 749 1909 verba
759 1845 874 1929 protulit
882 1869 890 1906 ι
899 1845 959 1907 haec
965 1866 1072 1926 quoque
1085 1845 1171 1907 oratio
1180 1847 1275 1909 Latine
1284 1863 1388 1912 tantum
1397 1852 1514 1917 babetur
1523 1881 1531 1915 ε
1541 1872 1656 1940 utraque

115 1960 181 1999 anno
192 1941 247 2001 dcl
268 1938 362 1999 habita
373 1938 435 1999 luit.
1158 1932 1163 1939 ’

152 2031 213 2091 llaec
229 2053 279 2092 ceu
292 2030 427 2113 preludia
435 2032 511 2092 suere
525 2052 629 2106 corum,
645 2053 707 2112 qua
719 2046 780 2094 ante
790 2031 919 2094 exsilium
930 2031 1120 2114 cbrpsostomi
1134 2049 1290 2098 evenerum.-
1303 2039 1375 2099 Nam
1388 2060 1451 2100 cunr
1465 2041 1522 2123 ipse
1534 2044 1657 2106 ecclesia·

119 2123 205 2183 stiram
214 2122 400 2205 disciplinam,
413 2122 644 2206 constantinopoli
654 2123 755 2184 mirum
764 2123 792 2184 in
804 2124 916 2183 modurn
930 2124 1004 2206 apud
1016 2123 1167 2185 sacerdotes
1180 2126 1360 2210 diaconosque
1367 2132 1486 2194 maxime
1496 2135 1653 2217 collapsam,

119 2216 251 2276 restituere
262 2230 388 2289 tentaret,
402 2215 432 2275 in
443 2215 553 2276 illorum
579 2215 696 2276 incurrit
715 2215 827 2294 odium,
840 2215 974 2279 Eardoxiae
990 2228 1099 2297 quoqne
1109 2221 1236 2298 Augusta
1245 2222 1379 2300 animum,
1391 2246 1423 2285 eo
1434 2227 1519 2304 quod,
1528 2242 1559 2287 ut
1570 2229 1656 2310 ipsius

119 2308 232 2368 officium
244 2299 412 2390 postulabat,
424 2308 580 2390 principum
593 2309 674 2368 etiam
684 2308 753 2369 vitia
763 2308 914 2386 incesseret,
934 2308 1123 2390 exasperavit:
1138 2310 1325 2393 Theophilum
1340 2315 1568 2393 Alexandrinum,
1583 2320 1656 2399 quod

122 2401 220 2460 Fratres
230 2400 337 2480 longos,
352 2414 383 2460 ut
393 2399 536 2473 vocabant,
547 2399 692 2461 humanius
703 2400 863 2483 excepisset,
872 2400 931 2482 jam
944 2399 1174 2478 antesinfeusum,
1188 2403 1361 2466 infensiorem
1371 2407 1425 2467 sibi
1437 2409 1567 2470 reddidit.
1577 2411 1656 2472 Hisce

123 2493 240 2553 omnibus
252 2493 367 2554 demum
380 2492 540 2574 conspiratis
552 2493 701 2553 lactionum
711 2492 845 2575 partibus,
860 2491 890 2553 in
898 2491 1111 2574 Pseudosynodo
1131 2493 1342 2557 chalcedonensi
1350 2497 1489 2579 depositus
1499 2501 1552 2561 luit
1565 2503 1657 2584 chry·

123 2600 246 2647 sostcmm
254 2607 327 2646 anno
339 2586 570 2668 405.llaecporro
582 2585 673 2646 omnia
694 2584 740 2646 hic
748 2584 909 2647 brevissime
921 2598 1119 2667 repraesentata,
1142 2586 1304 2667 longissimae
1317 2589 1436 2650 historia
1448 2594 1588 2654 materiam
1594 2616 1657 2677 sup-

125 2677 275 2758 peditabunt
289 2678 318 2738 in
334 2677 401 2740 Vita
413 2676 609 2759 chrysostomi.
618 2678 764 2756 Postquam
772 2697 836 2758 ergo
844 2674 985 2760 depositus
991 2678 1087 2752 suarm,
1101 2691 1243 2758 antequam
1254 2680 1283 2740 in
1296 2680 1386 2741 exsilii
1399 2681 1490 2743 locum
1502 2685 1657 2767 deportare·

123 2776 169 2847 tur,
176 2770 333 2831 concionem
343 2769 451 2847 babuit,
463 2790 546 2848 quam
560 2790 575 2828 a
596 2769 715 2850 Georgio
728 2768 913 2831 Alexandrino
920 2769 949 2829 in
957 2769 1023 2831 Vita
1039 2770 1124 2853 ipsius
1140 2770 1328 2853 Chryscstomi
1342 2788 1527 2836 conservatam
1536 2777 1655 2856 edimus,

124 2863 223 2943 ejusque
229 2876 395 2944 postremam
407 2875 522 2944 partem,
550 2875 580 2921 ut
591 2875 743 2945 suspectam
761 2861 806 2922 vel
818 2860 913 2923 saltem
935 2861 1058 2923 vitiatam
1077 2863 1176 2923 danim
1188 2886 1195 2921 ι
1210 2863 1327 2945 huicque
1333 2866 1523 2948 subjungimus
1538 2883 1656 2931 veterem

124 2953 360 3037 interpretationem
371 2953 510 3031 Latinam,
523 2952 551 3013 in
567 2974 620 3032 qua
633 2974 697 3035 pars
715 2953 764 3013 illa
777 2952 875 3015 vitiata
896 2973 951 3013 non
963 2952 1090 3016 occurrit.
1113 2954 1203 3014 Aliam
1217 2956 1317 3036 pariter
1330 2957 1457 3019 addimus
1469 2980 1504 3020 ex
1514 2960 1656 3026 Vaticanis

124 3046 262 3108 codicdm
274 3059 427 3128 exceptam,
440 3067 501 3125 quae
516 3045 597 3105 etiam
608 3044 757 3105 temerariis
769 3044 946 3106 librariorum
957 3045 1069 3106 ausibus
1077 3045 1172 3107 vitiata
1184 3047 1246 3108 tuis.

155 3139 285 3221 Populus,
296 3159 351 3218 quo
361 3152 528 3220 repugnante
540 3151 566 3198 ct
581 3137 737 3199 violentiam
758 3136 918 3219 propulsare
931 3136 1041 3213 nitente,
1059 3136 1148 3198 libens
1167 3137 1301 3200 abductus
1324 3141 1411 3201 iuerat
1431 3142 1654 3224 cbrysostomus,

122 3246 173 3313 pust
183 3233 241 3312 ejus
254 3229 448 3312 prosectionem
468 3229 555 3310 magis
568 3229 707 3309 magisque
721 3228 749 3289 in
765 3231 834 3288 ham
852 3228 1001 3289 concitatus
1010 3229 1210 3290 vociferabatur
1225 3230 1293 3290 etad
1308 3227 1495 3314 imperatorias
1508 3234 1579 3295 adas
1600 3237 1656 3317 epi-

123 3325 187 3404 scopi
199 3324 242 3384 sui
255 3322 376 3383 reditum
386 3321 540 3403 postulabat
553 3345 559 3377 :
571 3320 732 3400 interimque
743 3334 820 3380 terras
828 3334 902 3380 motu
911 3320 1227 3402 palatinmconeutiente,
1241 3322 1366 3384 Eudoxia
1381 3328 1502 3406 Angusta
1514 3329 1655 3408 perterrita

121 3430 235 3476 sanctum
248 3414 393 3496 praesulem
398 3411 581 3473 reducendum
590 3412 704 3474 curavit
715 3412 813 3472 Rodux
822 3433 887 3475 vero
901 3413 1111 3494 Chrysostomus
1121 3415 1331 3497 extemporalem
1344 3417 1442 3478 habuit
1449 3419 1655 3492 Oratiunculam

121 3531 196 3588 quarn
206 3509 304 3568 Graece
328 3521 354 3565 et
366 3505 461 3567 Latine
482 3504 590 3583 minus,
604 3503 789 3586 postridieque
801 3504 914 3567 alteram
929 3505 1012 3588 paulo
1024 3505 1184 3587 longiorem,
1193 3507 1281 3589 priori
1293 3508 1475 3590 subjunctam.
1498 3511 1578 3572 Illam
1592 3535 1657 3574 vero

120 3623 175 3681 qua
190 3600 226 3659 de
240 3599 333 3659 chana
339 3620 395 3658 naea
411 3596 578 3671 inscribitur,
593 3596 688 3678 paucis
708 3610 770 3678 post
784 3595 932 3658 adveutum
943 3616 1025 3657 auum
1038 3595 1136 3658 diebus
1148 3597 1274 3658 habuerit
1284 3619 1389 3659 neccsse
1400 3614 1439 3660 est
1452 3625 1459 3657 r
1476 3602 1615 3682 ipsamque
1628 3605 1657 3664 iu

120 3694 206 3753 eadem
218 3693 289 3752 serie
300 3691 417 3751 locatam
428 3688 627 3750 vindicavimus
636 3687 672 3746 ab
683 3688 718 3748 iis
731 3688 779 3766 qui
791 3687 852 3771 trepl
865 3686 1209 3770 proceresquedum
1227 3703 1381 3769 moverant,
1394 3712 1506 3771 eamque
1525 3707 1554 3753 ut
1564 3715 1657 3776 suspe-

120 3799 183 3845 ctam
193 3784 354 3844 habuerant.
364 3781 429 3841 llasc
444 3780 533 3840 omnia
546 3801 616 3840 anno
628 3781 688 3839 tos
701 3779 774 3839 dicta
787 3781 873 3841 iuere.

152 3878 202 3937 llis
214 3874 393 3957 adjunximus
403 3873 473 3933 duos
487 3871 685 3954 pulcherrimos
697 3870 782 3931 libros
794 3891 912 3951 quorum
922 3869 1023 3952 prioris
1038 3868 1135 3932 titulus
1151 3885 1202 3952 est,
1220 3874 1307 3954 Quod
1329 3896 1414 3936 neruo
1430 3876 1547 3938 loeds'tur
1571 3884 1657 3940 nisis

117 3975 205 4051 scipso
212 3994 226 4040 ;
242 3963 401 4050 posterioris
409 3985 487 4039 vero,
500 3964 528 4024 in
537 3963 637 4045 viginti
649 3977 766 4043 quatuor
778 3960 1023 4046 oapitsdistribnti,
1033 3964 1089 4024 At
1097 3986 1147 4026 eos
1157 3970 1211 4048 qui
1224 3969 1425 4028 scandalizati
1431 3983 1499 4030 suut
1509 3973 1657 4031 obsdver·

117 4066 212 4121 sitates
219 4073 272 4121 etc.
284 4058 321 4117 lli
330 4078 395 4119 vero
406 4055 473 4116 libri
485 4054 549 4116 licet
557 4068 620 4137 post
634 4053 734 4116 multas
742 4053 878 4137 Epistulas
886 4054 1074 4137 chrysostomi
1087 4057 1182 4138 scripti
1190 4057 1290 4119 suerint
1301 4072 1327 4118 et
1338 4059 1449 4138 quidem
1459 4081 1530 4121 anno
1541 4060 1656 4137 circiter,

117 4168 142 4212 ut
155 4165 279 4235 pentus,
294 4150 366 4223 wc,
376 4147 478 4208 cumin
491 4146 588 4210 exsilio
600 4160 700 4228 ageret,
722 4146 787 4226 quia
806 4146 835 4207 in
846 4146 915 4207 serie
927 4146 1112 4228 Epistularum
1137 4148 1221 4209 locari
1244 4171 1297 4211 nou
1311 4165 1444 4233 poterant,
1458 4151 1547 4214 inhac
1562 4167 1656 4232 quarta

116 4245 193 4306 classe
201 4263 300 4326 agmen
312 4239 453 4318 claudunt,
466 4236 540 4318 quod
548 4237 716 4300 commodior
724 4237 791 4320 ipsis
802 4238 879 4299 locus
887 4237 1036 4318 excogitaui
1048 4259 1100 4298 non
1114 4254 1213 4321 posset.

895 4450 981 4532 sur.

497 4643 609 4720 Quinta
620 4653 649 4700 st
659 4651 807 4720 postrema
820 4637 934 4716 classis,
950 4650 1067 4718 quaest
1078 4638 1289 4717 Epistolrsrum.

148 4833 222 4893 luter
235 4827 430 4911 Chrysostomi
451 4846 533 4910 opera
542 4827 614 4887 nihil
624 4826 755 4907 Epistolis
765 4824 919 4907 pretiosius,
932 4821 1001 4883 nibil
1021 4820 1057 4882 ad
1070 4822 1283 4882 concinnandam
1295 4823 1412 4883 duorum
1425 4823 1583 4884 exsiliorum
1597 4825 1656 4906 ejus

113 4925 249 4984 historiam
267 4920 472 5004 opportunius:
486 4940 567 4999 quam
591 4908 769 5000 sanepartem
781 4916 901 4977 historia
915 4913 1099 4976 ecclesiasticae
1113 4912 1183 4974 inter
1206 4914 1357 4996 pracipuas
1370 4914 1448 4975 istius
1468 4915 1560 4975 sacculi
1571 4937 1658 4975 aunu-

114 5015 267 5077 merandam
281 5033 341 5074 asse
351 5011 471 5088 fatearis,
482 5010 506 5070 si
523 5024 625 5092 spectes
642 5023 743 5089 quanta
758 5006 907 5069 comtantia
927 5005 1064 5084 animique
1085 5004 1245 5065 fortitudine
1264 5005 1430 5066 calamitates
1442 5028 1577 5085 nusquam
1590 5006 1656 5066 alibi

113 5121 269 5168 mernoratas
291 5102 459 5188 pertulerit:
474 5102 498 5162 si
513 5100 665 5162 consideres
684 5114 783 5181 quanta
806 5099 887 5160 fuerit
905 5098 934 5158 in
955 5091 1116 5179 hujusmodi
1136 5097 1243 5176 negotio
1256 5097 1327 5156 inter
1348 5118 1471 5178 proceres
1482 5097 1609 5156 Ecclesiae
1631 5111 1658 5157 et

112 5199 217 5281 imperii
231 5195 388 5272 dissensio,
405 5193 627 5254 ahisinadversa
639 5190 873 5274 partestantibns3
898 5189 970 5267 aliis,
987 5209 1103 5268 quorum
1118 5189 1244 5271 princeps
1259 5203 1317 5250 erat
1329 5189 1503 5251 innocentius
1519 5191 1657 5249 Romanus

114 5293 242 5372 pontifex,
255 5286 372 5353 loannis
385 5285 573 5366 chrysostomi
585 5304 695 5371 eaassm
710 5297 818 5346 suenus
833 5281 1077 5368 propugnantibus.
1088 5280 1145 5342 llas
1157 5280 1248 5362 itaque
1264 5281 1400 5363 Epistolas
1412 5294 1512 5362 quanta
1519 5281 1660 5363 potuimus
