3764 5992
820 393 1029 487 =nersrotsr.
1640 425 1706 507 δαν
1795 492 1797 496 ,

170 568 296 655 πρότερον
312 566 373 648 ίλης
388 567 426 646 τῷ
443 563 599 645 ἐγκλήματι.
614 559 753 630 Τοσαάτας
768 558 940 642 γδρίπιστο-
994 577 1028 620 nc
1045 573 1071 621 te
1082 561 1172 642 ipsum
1181 561 1258 643 prius
1267 562 1388 645 ejusdem
1401 564 1522 628 criminis
1537 588 1614 651 reum
1629 591 1712 652 pero·

169 664 217 731 λὰς
231 660 369 738 δεξάμενος
391 661 454 739 παρ’
473 660 560 733 ἡμῶν,
580 656 644 723 δσας
664 651 846 724 ἐπέσταλκας,
869 649 941 723 πλὴν
995 657 1132 743 μεωΝειει
1147 678 1211 717 cum
1231 670 1271 718 tot
1286 657 1423 739 epistolas,
1442 672 1509 740 quot
1531 662 1673 744 scripsisti,
1696 685 1713 723 a

170 765 248 832 μιᾶς,
270 751 361 831 ὥσπερ
387 748 496 829 νιράδας
520 744 635 824 πίμπων
660 740 838 825 γραμμάτων,
859 738 941 808 obrue
994 746 1074 806 nobis
1089 749 1233 828 roceperis,
1255 770 1308 809 una
1322 748 1465 812 dumtaxat
1481 751 1604 834 exdrptu,
1622 767 1712 819 temon

169 845 309 925 ἔρης,’τῇ
332 849 393 922 γοῦν
415 837 538 919 συνεχείσρ
555 836 714 909 ἀνασπάσειν
727 840 799 913 ἡμᾶς
818 832 885 914 πρὸς
910 832 942 892 τὸ
994 837 1106 918 perinde
1117 839 1180 898 acsi
1193 839 1349 920 plurimasa
1362 842 1491 906 teliterts
1503 843 1711 927 recepissemus,

168 936 278 1017 γράρειν
287 934 412 1013 οἰόμενος.
423 929 504 991 Ἔστι
515 927 563 1008 μίν
578 919 622 989 ὧν
633 927 679 988 καὶ
694 926 731 1006 μὴ
745 925 880 1007 γράφοντα
893 947 941 1004 ot·
994 928 1039 988 his
1050 930 1142 990 verbis
1150 951 1215 991 usus
1227 952 1267 1010 es,
1281 945 1308 991 te
1320 933 1507 1012 frequentibus
1516 934 1603 997 literis
1614 954 1665 998 nos
1676 937 1714 998 ed

168 1031 234 1102 λεῑν,
256 1026 327 1100 πλὴν
343 1027 401 1086 ἀλλ’
425 1021 477 1102 ἐγὼ
490 1020 536 1080 καὶ
559 1019 668 1104 γράφων
695 1021 726 1080 ob
746 1017 875 1092 διάλιπον,
894 1014 941 1075 καί
994 1019 1167 1081 scribendum
1176 1022 1546 1106 excitaturquuamquam
1554 1027 1714 1089 tutetnficri

169 1122 252 1200 φιλῶν
264 1120 294 1179 οὐ
307 1115 438 1195 παύομαι.
455 1112 536 1174 att&
549 1113 597 1172 κδν
608 1110 703 1194 χρόνος
714 1110 824 1190 γίνηται
841 1106 941 1188 μακρό-
994 1111 1092 1192 potist,
1106 1125 1138 1172 ut
1155 1113 1292 1196 quispiam
1304 1130 1387 1196 amet,
1404 1117 1510 1178 etiamsi
1523 1139 1576 1180 non
1589 1119 1691 1183 scribat
1705 1145 1712 1179 ε

168 1234 242 1292 τερος
257 1215 272 1270 ὁ
293 1207 391 1288 μεταξὺ
405 1213 451 1272 τοῦ
463 1209 602 1287 χωρισμοῦ
612 1209 658 1263 τοῦ
676 1202 826 1284 ἡμετέρου,
840 1198 890 1260 κᾶν
905 1202 942 1266 είς
958 1211 977 1260 G
994 1223 1044 1283 ego
1058 1216 1204 1266 tamennec
1213 1207 1328 1269 seribere
1340 1207 1444 1287 destiti,
1457 1208 1601 1273 necamare
1609 1211 1712 1275 desino.

168 1301 328 1383 ἐρημότερον
343 1301 532 1379 ἀπενεχίῶμεν
555 1295 664 1378 χοιρίον,
684 1293 744 1363 οὔτε
766 1293 888 1354 άκόαλεῐν
910 1315 939 1353 σε
994 1297 1082 1374 Atque
1098 1310 1129 1357 ut
1146 1298 1228 1359 etiam
1246 1313 1352 1382 tempus
1370 1301 1452 1381 illud,
1468 1301 1573 1381 quoda
1589 1303 1713 1385 digressu

169 1400 216 1466 τῆς
230 1395 317 1474 ψεχῆς
338 1391 488 1469 δυνάμεθα,
501 1386 560 1449 οὔτε
575 1387 613 1466 μὴ
628 1389 756 1461 διηνεκῶς
768 1384 940 1464 ἀκμάζουσαν
994 1401 1085 1447 nostro
1095 1387 1189 1467 lluxit,
1211 1391 1319 1471 longius
1329 1391 1419 1452 adhuc
1430 1393 1618 1476 protrabatur,
1633 1408 1713 1476 atque

169 1488 302 1566 διατηρεῖν
322 1483 370 1557 τὴν
392 1481 455 1559 περί
477 1481 507 1540 αδ
529 1480 654 1559 διάθεσιν..
671 1480 755 1540 Ταῦτ’
780 1468 825 1538 οὖν
846 1475 939 1551 εἰδὼς,
994 1477 1022 1538 iu
1035 1477 1208 1541 decentiorem
1221 1481 1311 1543 adhuc
1324 1485 1414 1544 locum
1424 1483 1613 1567 deportemur,
1623 1481 1727 1551 unm·

168 1578 254 1659 γράρε
271 1577 387 1656 συνεχῶς
407 1577 473 1652 ἡμῖν
486 1569 521 1631 τδι
534 1570 603 1651 ’περὶ
622 1573 671 1642 τῆς
694 1567 783 1649 ὑγείας
807 1572 856 1640 τῆς
881 1571 938 1640 σῆς.
993 1589 1042 1629 nec
1055 1582 1126 1631 teex
1138 1571 1229 1632 animo
1238 1587 1329 1634 nostro
1344 1575 1439 1657 ejicere
1448 1597 1600 1658 possumm,
1611 1598 1661 1639 noo
1675 1579 1713 1639 el·

168 1667 275 1728 Πλείων
288 1664 341 1746 γάρ
354 1669 417 1744 ὑμῖν
430 1668 448 1735 ἡ
463 1660 569 1722 εὐκολία
581 1659 688 1734 τούτων,
702 1660 720 1731 ἢ
736 1663 811 1738 ἡμῖν.
824 1661 859 1719 El
876 1658 904 1720 δδ
919 1663 937 1730 ἡ
991 1658 1081 1738 ficere,
1091 1663 1156 1742 quin
1170 1677 1292 1725 nostram
1303 1687 1367 1746 erga
1382 1680 1408 1727 te
1420 1668 1636 1731 benevolentiam
1649 1690 1713 1752 per·

168 1758 298 1825 τοῦέτους
312 1756 369 1836 ὥρα
383 1751 543 1826 διακωλύει,
556 1752 602 1811 καὶ
613 1754 666 1811 τῶν
675 1751 833 1834 Ἰσαυρικῶν
849 1754 938 1810 κακῶν
992 1764 1075 1832 petuo
1098 1754 1238 1816 florentem
1259 1776 1454 1819 conservemus.
1473 1759 1612 1821 Haeecum
1634 1759 1712 1836 odas,

168 1849 356 1933 ησρσδρότης,
377 1845 473 1912 εἰδότες
492 1867 539 1905 σου
553 1841 602 1916 τὴν
623 1841 733 1924 γνώμην
747 1843 780 1917 ἣν
794 1842 856 1925 περὶ
867 1848 939 1922 ἡμᾶς
993 1843 1029 1904 de
1039 1859 1084 1905 tua
1096 1845 1252 1907 valetudine
1263 1868 1345 1926 quam
1352 1848 1499 1930 sepissime
1508 1849 1545 1911 ad
1554 1870 1603 1911 nos
1613 1850 1710 1912 scribe.

169 1942 255 2020 ἔχεις,
278 1942 407 2021 ἀρκοῦσαν
434 1940 482 2008 τῆς
506 1943 611 2016 μακρᾶς
633 1937 709 2015 σιγῆς
733 1932 825 2012 δέομεν
847 1957 940 2015 παρα·
993 1935 1428 2018 ldenimtibilactuiaeiliusest,
1441 1941 1712 2021 quamnobis.Quod

170 2031 278 2111 μυίίσν.
531 2086 532 2091 ,
994 2027 1485 2111 αἰαοοίῑοωρυηατιγιισΙναιιτίοοτοοι
1494 2033 1712 2097 molommooer-
1774 2035 1780 2045 '
1806 2026 1832 2067 ·'

995 2121 1065 2180 bitas
1078 2119 1108 2181 id
1120 2121 1275 2203 prohibeat,
1286 2144 1349 2184 cum
1358 2124 1436 2185 nobis
1445 2139 1509 2186 tuus
1520 2146 1583 2207 erga
1593 2147 1643 2187 uos
1651 2126 1711 2188 mi·

946 2235 952 2241 ·
995 2233 1056 2271 mus
1078 2213 1233 2294 exploratus
1255 2215 1301 2293 sit,
1316 2215 1424 2275 abunde
1446 2217 1566 2298 amplam
1584 2216 1710 2279 diuturni

994 2303 1094 2364 silentii
1107 2304 1314 2366 consolationem
1326 2305 1446 2366 babituri
1460 2327 1562 2367 sumus.

368 2495 436 2580 ρλη’.
447 2496 578 2578 Ἐλπιδίῳ
589 2493 736 2578 ἐπιοκόπῳ·
1107 2505 1307 2568 CXXXVIII.
1321 2509 1443 2590 Elpidio
1453 2513 1594 2591 episcopo.

208 2657 277 2727 Οἶδα
299 2665 340 2725 δτι
353 2664 472 2743 ὀλιγάκις
493 2662 647 2724 ἰπάσταλκα
668 2685 703 2741 τη
724 2657 861 2737 τιμιάπητί
875 2681 937 2732 σου,
955 2661 975 2708 Ι)
1032 2657 1094 2718 Non
1106 2678 1168 2718 sum
1178 2657 1292 2736 nescius,
1306 2681 1350 2720 me
1358 2680 1419 2720 raro
1432 2659 1468 2720 ad
1478 2674 1505 2722 te
1513 2660 1708 2744 scripsissent
1716 2684 1804 2731 cresso
1820 2703 1861 2733 rn-

168 2762 229 2819 ἀλλ’
247 2759 297 2837 οὐχ
310 2755 388 2831 ἑκὼν,
405 2757 465 2816 ἀλλ’
479 2753 531 2814 ost
546 2759 593 2827 τῆς
603 2756 656 2814 τῶν
672 2749 839 2833 πραγμάτων
853 2751 939 2831 ἀνάγ·
992 2770 1045 2810 nou
1062 2748 1092 2810 id
1105 2749 1208 2810 lubenti
1218 2751 1318 2828 auimo,
1328 2751 1507 2832 vemmquod
1519 2774 1612 2815 rerum
1620 2774 1707 2836 engu-
1717 2764 1746 2794 ¹²⁰
1758 2748 1814 2812 4⁰⁵·
1852 2819 1856 2831 ,

167 2875 217 2924 κης
239 2847 426 2930 κατεχόμενος.
440 2846 495 2908 Καὶ
518 2844 571 2928 γδρ
585 2850 601 2918 ἡ
620 2851 667 2906 τοῦ
680 2843 752 2912 isos<
766 2841 841 2926 ὥρα,
862 2843 937 2916 καλή
969 2887 971 2891 «
991 2841 1051 2902 stiis
1061 2841 1228 2923 prohiberer.
1241 2844 1312 2902 Nam
1323 2856 1350 2903 et
1359 2843 1552 2926 annitempus,
1565 2858 1594 2907 et
1602 2845 1666 2926 loci,
1679 2846 1707 2909 in

168 2949 217 3001 τοῦ
236 2940 335 3022 χωρίον
357 2938 455 3020 ίρημία
468 2942 496 2999 δν
516 2928 539 3019 ᾧ
552 2936 730 3018 καθείργμεθα
756 2933 937 3016 δεσμωτηρίοε
991 2954 1045 3013 quo
1059 2933 1170 3014 gravius
1180 2954 1264 3012 quam
1277 2934 1305 2994 iu
1317 2934 1375 2994 ullo
1384 2955 1489 2996 mrcere
1499 2936 1619 2999 conclusi
1631 2951 1708 3001 tene-

168 3031 369 3114 χαλεπώττραν,
389 3030 436 3090 καὶ
461 3033 554 3102 ἡτῶν
584 3031 696 3088 ίνταῒνθα
719 3025 937 3108 παραγινομίνων
992 3046 1064 3102 mur,
1075 3022 1205 3104 solitudo,
1219 3038 1359 3104 eteorum,
1369 3027 1416 3105 qui
1428 3026 1483 3087 buc
1493 3026 1711 3109 ventulentu-

168 3124 279 3199 σπάνις,
292 3123 338 3184 καί
350 3124 381 3184 τδ
394 3121 462 3202 μηδλ
471 3122 558 3182 αὐτῶν
570 3126 623 3182 τῶν
638 3119 733 3199 ὀλίγων
751 3118 858 3178 πάντων
871 3143 938 3199 γνη-
992 3115 1112 3193 quentia,
1130 3115 1259 3195 quodque
1275 3116 1340 3176 item
1355 3117 1406 3177 bos
1423 3139 1524 3199 paucos
1542 3140 1598 3181 non
1616 3141 1709 3183 omnes

168 3216 232 3276 σίων
245 3213 438 3295 ἐπιτυγχάνειν,
456 3210 496 3272 ire
515 3211 603 3272 δίκαλ
616 3216 695 3284 ἡτοῢ
713 3208 836 3288 σώματος
851 3213 938 3291 ἀρρω-
990 3205 1108 3267 sinceros
1118 3227 1150 3266 ao
1158 3206 1232 3267 lidos
1242 3207 1435 3288 nanciscimur,
1445 3232 1478 3271 ao
1489 3209 1708 3296 deniqucoorpo·
1747 3272 1751 3291 ,

165 3308 227 3368 στία
250 3306 350 3388 σράδρα
373 3309 445 3383 ἡμᾶς
459 3301 696 3385 κατεργασαμίιη,
710 3302 757 3363 καὶ
780 3301 870 3362 πάντα
891 3301 937 3362 τδν
990 3297 1029 3359 ris
1039 3299 1161 3372 morbus,
1173 3298 1221 3378 qui
1233 3320 1282 3359 nos
1291 3296 1464 3361 veliementer
1475 3303 1591 3378 attrivit,
1602 3317 1708 3386 etpeuo

164 3403 286 3479 χειμῶνα
295 3401 329 3477 τῇ
339 3395 416 3476 κλίνῃ
427 3394 641 3476 προσηλώσασα,
654 3392 703 3468 ebs
718 3391 937 3473 μακράνταάτην
990 3391 1114 3469 confecit,
1128 3412 1160 3450 ac
1174 3412 1223 3472 per
1232 3404 1318 3450 totam
1328 3391 1631 3472 hiememlectoaffixit,
1645 3396 1707 3457 lon·

166 3491 244 3571 σιγλν
257 3488 390 3563 ἐποίησεν,
404 3490 463 3548 ἀλλ’
478 3488 508 3547 οὔ
527 3485 577 3559 την
597 3485 651 3546 derb
669 3484 793 3565 γνάιμης,
807 3483 877 3545 ἀλλὰ
888 3484 936 3558 τὴν
951 3505 974 3554 fl
990 3501 1056 3560 gum
1074 3481 1126 3540 boc
1141 3481 1278 3542 silentium
1292 3481 1362 3541 mihi
1374 3484 1485 3543 attulit:
1499 3484 1609 3546 utillud
1620 3485 1707 3547 dum·

166 3583 219 3642 ἀπδ
237 3579 370 3661 γλίισσης.
394 3577 472 3649 Mitt
485 3576 576 3655 νόμιζε
589 3575 718 3644 τοσαύτας
738 3577 863 3655 δέχεσθαι
876 3579 937 3636 ίπι-
989 3583 1064 3632 tarot
1081 3572 1229 3650 silentium,
1242 3573 1317 3650 quod
1336 3573 1364 3633 in
1380 3573 1485 3654 lingua,
1505 3596 1559 3636 non
1574 3575 1707 3649 inanimo

166 3672 276 3745 στολάς,
295 3670 358 3737 ὅσας
372 3668 590 3748 διετεμψάμεθα,
616 3666 686 3728 ἄλλα
706 3668 798 3748 πολλῷ
821 3666 935 3735 πλείους.
989 3663 1117 3724 consistit.
1131 3665 1188 3723 Nec
1197 3683 1263 3723 vero
1275 3664 1448 3726 existimeste
1460 3679 1501 3726 tot
1510 3667 1707 3751 solumepisto·

165 3763 271 3843 Ἡγήση
285 3760 313 3821 bi
326 3767 418 3833 τοῦτο,
435 3757 467 3818 δν
481 3758 518 3838 μὴ
531 3757 579 3827 τὰς
592 3758 636 3818 διδ
650 3757 750 3840 χάρτου
763 3757 936 3836 καὶμίλανος
988 3755 1038 3832 las,
1051 3768 1117 3835 quot
1132 3755 1266 3832 misimus,
1278 3758 1421 3838 aooepis'se,
1439 3779 1534 3820 verum
1544 3761 1630 3822 multo
1643 3764 1708 3846 plu.

165 3855 255 3934 μόνον,
268 3852 337 3914 ἀλλὰ
349 3851 452 3920 καίτδς
462 3851 517 3912 derb
530 3849 669 3917 διαθέσεως
681 3853 804 3931 ἀριθμῇς.
820 3849 873 3909 Καὶ
883 3850 936 3929 γάρ
989 3868 1040 3907 tes.
1050 3847 1180 3908 ldeutem
1188 3869 1245 3908 esse
1253 3848 1434 3929 existimabis,
1445 3850 1469 3911 si
1480 3872 1534 3913 uon
1544 3873 1589 3914 ons
1598 3853 1708 3917 domtn-
1794 3855 1797 3860 ⁴

163 3950 196 4025 τῇ
211 3945 313 4025 διανοίᾳ
332 3948 447 4025 συνεχῶς
459 3941 672 4019 δπιατάλκαμεν,
686 3940 733 4000 καί
748 3939 791 4000 ἀεί
803 3960 847 4001 σοι
868 3965 934 4021 συγ·
989 3953 1048 4017 nat,
1059 3961 1128 4020 quas
1134 3939 1233 4001 ohsrtae
1241 3954 1322 4024 atque
1330 3943 1471 4003 atramenti
1479 3945 1703 4028 opescripsimus,

164 4014 304 4116 γινόμεθα,
324 4034 369 4094 καὶ
382 4033 454 4096 οὐδὲν
467 4029 526 4095 stet
546 4037 594 4106 τῆς
613 4033 674 4092 ὁδοῦ
687 4031 718 4092 τὸ
731 4035 832 4109 μῆκος,
845 4036 875 4092 οὐ
888 4038 934 4092 τοῦ
989 4030 1038 4090 scd
1051 4051 1095 4090 eus
1110 4031 1203 4110 etiam,
1219 4032 1423 4110 quaerbanimo
1436 4047 1463 4094 et
1475 4035 1707 4121 voluntatoprofi·
1757 4084 1759 4089 -

165 4128 259 4208 χρόνον
272 4126 303 4187 rb
326 4128 441 4199 πλῆθος,
462 4124 522 4184 οὔτε
543 4127 571 4184 αἱ
596 4127 649 4183 τῶν
669 4123 836 4203 πραγμάτων
856 4148 934 4206 περι·
988 4123 1136 4201 ciscuntur,
1153 4124 1437 4204 numeres.Siquidem
1450 4127 1543 4189 animo
1557 4150 1706 4212 numquam
1743 4124 1747 4132 ’

165 4218 269 4286 στάσεις
287 4216 336 4290 τὴν
356 4216 417 4298 περὶ
437 4213 486 4288 τὴν
502 4213 550 4288 ris
571 4213 713 4293 τιμιάτητα
734 4213 849 4275 διάθεσιν
867 4221 933 4294 ἡμῖν
987 4213 1024 4274 ad
1037 4229 1063 4274 te
1075 4215 1191 4275 scribere
1200 4215 1363 4290 destitimus,
1376 4233 1631 4298 semperquetecum
1639 4243 1705 4282 ver-

163 4307 346 4391 ἀμαυροτέραν
371 4306 510 4379 ίποίησαν.
524 4305 604 4365 tut
626 4304 740 4382 μένομεν
762 4304 933 4383 ἀκμάζουσαν
970 4328 1101 4381 ¹samur:
1124 4328 1156 4368 ac
1181 4328 1230 4368 nec
1252 4307 1305 4368 viae
1330 4308 1483 4387 longitudo,
1506 4331 1555 4371 neo
1576 4305 1705 4393 temporis

163 4400 245 4473 αὐτὴν
256 4402 456 4481 διατηροῦντες,
470 4395 574 4456 καὶτὸν
588 4396 699 4478 σφοδρὸν
712 4398 789 4473 ἡμῶν
809 4396 854 4455 καὶ
873 4402 929 4478 θερ-
987 4398 1161 4476 diuturnitas,
1172 4419 1221 4459 nec
1234 4420 1325 4460 terum
1335 4399 1521 4476 difficultates,
1536 4415 1633 4463 nostrae
1642 4423 1705 4484 erga

164 4494 212 4571 μδν
226 4490 349 4574 ἐραστὴν,
360 4489 410 4550 κᾶν
422 4492 458 4558 είς
467 4482 625 4570 ἐρημότῷον
639 4487 732 4548 τούτου
742 4486 840 4569 χωρίον
851 4487 933 4549 άπίλ-
942 4547 978 4586 m
987 4503 1013 4550 te
1028 4491 1220 4552 benevolentis
1241 4491 1412 4551 obscuritatis
1427 4492 1531 4572 aliquid
1548 4493 1704 4556 attulerunt.

163 4591 260 4661 θωμεν,
280 4587 417 4662 πανταχοῦ
440 4580 625 4662 περιφέροντες
644 4583 754 4659 ἄπιμεν,
769 4579 932 4661 ἐγκολάραν-
950 4603 969 4649 Α
990 4583 1092 4644 Verum
1102 4583 1240 4642 llorentem
1251 4604 1311 4642 eam
1320 4597 1451 4663 perpetuo
1461 4584 1617 4663 retinemus,
1627 4601 1705 4668 teque

162 4699 205 4742 τες
216 4678 336 4754 ἡμῶντῇ
347 4672 457 4753 διανοίᾳ.
468 4673 594 4733 Τοιοῦτον
603 4671 655 4753 γάρ
666 4671 697 4731 τδ
708 4671 821 4750 γνησίως
834 4674 931 4752 φιλεῖν·
987 4674 1035 4753 qui
1052 4674 1138 4733 nostri
1156 4694 1246 4732 amore
1261 4672 1348 4752 ardes,
1366 4674 1470 4735 etiamsi
1484 4675 1513 4736 in
1529 4676 1705 4749 desertionem

162 4769 192 4827 οὐ
205 4766 309 4846 χρόνῳ,
322 4768 352 4826 οὗ
370 4764 457 4844 τάπερ,
473 4765 523 4844 οὐχ
534 4765 594 4823 ὁδοῦ
610 4763 705 4843 μήκει,
718 4765 747 4822 οὐ
767 4763 931 4844 πραγμάτων
987 4765 1076 4825 adhuc
1090 4765 1180 4824 locum
1197 4764 1336 4844 abeamus,
1351 4765 1380 4826 in
1395 4768 1486 4827 animo
1496 4781 1588 4829 nostro
1600 4769 1721 4831 inscul··

161 4857 316 4938 περιστάσει
330 4855 448 4927 ίξίτηλον
462 4855 571 4935 γίνεται.
582 4854 636 4914 Καί
649 4860 726 4915 τοῦτο
736 4844 812 4916 οἶσθα
825 4856 871 4916 καί
885 4858 932 4916 αὖ·
985 4871 1064 4940 ptum
1082 4856 1182 4937 passim
1202 4855 1427 4920 circumferemus.
1450 4859 1491 4920 Ea
1513 4861 1586 4921 enim
1607 4861 1704 4924 sinceri

162 4949 219 5023 τὸς,
232 4945 323 5021 ἐπειδὴ
333 4947 379 5007 καί
391 4946 505 5027 γνησίως
514 4935 590 5007 οἶσθα
603 4948 697 5025 φιλεῖν.
986 4949 1087 5010 amoris
1099 4960 1195 5008 natura
1207 4961 1256 5024 est,
1269 4962 1298 5008 ut
1309 4970 1358 5010 neo
1371 4964 1501 5032 tempore,
1515 4973 1564 5013 nec
1573 4952 1644 5033 Ιοοο,
1655 4975 1704 5017 nee

986 5042 1038 5102 viae
1047 5039 1252 5120 longinquitate,
1262 5061 1310 5100 nec
1319 5042 1400 5102 rebus
1410 5034 1702 5106 adversisobliteretur.

987 5133 1072 5213 ldque
1087 5132 1144 5213 ipse
1158 5153 1264 5212 quoque
1284 5134 1366 5215 nosti,
1384 5135 1602 5216 quandoquidem
1622 5137 1704 5199 etiam

988 5225 1089 5285 sincere
1102 5243 1192 5284 amare
1204 5224 1282 5284 nosti.
