3764 5992
407 483 457 531 ne
478 482 647 533 nonnanis
674 486 884 537 ammonas.
913 488 957 538 nr
980 489 1024 537 nn
1050 489 1178 540 norea.
1211 492 1383 544 noeman.
1411 497 1460 546 ιιι.
1641 485 1708 580 139

163 630 207 665 ων
220 608 256 673 εἰς
269 605 393 674 κόλπους
405 605 529 688 Ἀδραθμ
550 607 665 680 άπαντες
675 614 841 683 καταντῆσαι
855 613 934 686 δυνη-
987 614 1070 672 tutati
1084 628 1160 674 erant
1171 615 1247 677 lactis
1260 617 1358 692 sontes,
1374 621 1480 682 sublata
1488 638 1547 685 erat
1559 630 1708 706 generatio·

164 702 248 774 ὤμω,
272 697 370 777 χαίρετε
394 700 442 758 καὶ
466 701 651 783 φιλανθρωπία
671 709 717 763 τοῦ
738 701 836 784 Κυρίου
857 708 935 782 ἡμῶν
988 704 1031 764 nis
1044 706 1385 782 materia,inutilisnatura
1396 727 1452 772 crat
1465 715 1584 794 officina,
1595 732 1707 800 tumque

165 789 242 858 Ἰησοῦ
265 789 401 868 Χριστοῦ,
418 780 497 848 otoo
519 792 564 850 καὶ
579 783 683 870 μιθόὄ
702 798 741 875 τῷ
754 794 844 874 Πατρλ
858 794 936 866 δοἙα,
988 795 1099 856 virtutis
1115 819 1169 857 snae
1179 800 1253 858 Deus
1265 801 1398 881 specimen
1417 803 1511 865 edidit.
1526 806 1599 868 Eece
1612 812 1707 898 appel-

166 880 233 956 πμιλ,
250 880 368 961 κράτος,
385 882 495 962 άματῷ
509 881 578 964 ἁγίῳ
590 884 635 944 καλ
648 889 768 965 ζωοποιεῖν
779 884 935 966 Πνεύματι,
987 887 1097 947 lationis
1121 891 1196 950 Isaac
1216 890 1366 952 doctrinam
1389 894 1520 957 habemns
1544 900 1706 965 absolutam.

169 975 202 1030 os
214 971 257 1030 καὶ
271 971 331 1046 eo,
347 972 447 1041 καδείς
466 971 528 1042 τοὺς
540 975 636 1044 nossa<
648 980 701 1036 τῶν
717 977 828 1038 αἰώνων.
842 975 935 1056 Ἀμήν.
989 979 1081 1038 Restat
1093 980 1176 1060 enim,
1190 994 1219 1040 ut
1239 981 1275 1041 ad
1299 983 1527 1061 Abraham,etad
1539 990 1611 1052 filios
1622 993 1708 1054 Zebe-

987 1067 1040 1128 dei
1053 1072 1216 1152 Petmmque
1227 1075 1367 1136 veniamus
1381 1100 1388 1134 ι
1403 1078 1450 1138 sed
1463 1100 1497 1139 ne
1510 1083 1588 1142 vobis
1609 1100 1707 1147 nostre

988 1162 1118 1222 orationis
1129 1164 1271 1244 prolixitas
1288 1167 1401 1228 tedium
1419 1171 1516 1251 pariat,
1533 1173 1570 1233 ad
1591 1175 1708 1238 alterum

988 1273 1136 1313 sermonem
1152 1255 1203 1315 ista
1218 1257 1383 1334 differemus,
1398 1275 1424 1321 et
1438 1263 1484 1322 hic
1495 1265 1577 1325 finem
1597 1266 1706 1329 dicendi

987 1345 1113 1407 facientes
1125 1369 1173 1409 vos
1184 1348 1396 1430 cohortabimur,
1407 1353 1458 1433 qui
1469 1357 1618 1418 secundom
1631 1361 1707 1422 Isaac

920 1472 925 1478 -
989 1437 1045 1497 nati
1057 1439 1130 1515 estis,
1136 1453 1167 1498 nt
1175 1441 1408 1503 mansuetudinem
1418 1466 1449 1503 ac
1463 1446 1622 1508 modestiam
1631 1452 1707 1512 Isaac

989 1525 1144 1600 imitemini,
1154 1548 1313 1608 omnemque
1328 1531 1410 1590 aliam
1420 1534 1478 1613 ejus
1490 1534 1692 1619 philosophiam
1697 1562 1707 1615 ;

989 1630 1019 1676 ut
1039 1619 1165 1698 precibus
1182 1620 1250 1699 justi
1284 1621 1359 1681 itlius
1379 1637 1405 1682 et
1438 1622 1535 1685 horum
1558 1628 1707 1709 presulum

989 1708 1111 1767 omnium
1124 1708 1211 1791 adjuti
1225 1711 1260 1770 ad
1277 1711 1367 1772 sinum
1380 1714 1496 1775 Abrahae
1508 1719 1597 1777 cuncti
1610 1741 1706 1800 pervo-

988 1799 1048 1859 nire
1062 1801 1209 1881 possimus,
1222 1803 1307 1883 gratia
1323 1819 1349 1865 et
1358 1806 1523 1887 benignitate
1538 1811 1650 1871 Domini
1660 1833 1706 1871 no-
1828 1854 1837 1862 κ

989 1892 1038 1950 stri
1052 1894 1116 1953 Jesu
1138 1892 1315 1976 Cb1·isti,per
1338 1917 1419 1974 quem
1438 1911 1464 1957 et
1490 1920 1553 1958 curn
1564 1922 1617 1980 quo
1631 1903 1706 1963 Patri

988 1982 1084 2061 gloria,
1105 1983 1200 2060 honor,
1226 1985 1382 2068 imperium,
1403 1990 1538 2070 simulque
1563 2007 1655 2054 mncto
1678 2008 1706 2054 et

989 2073 1102 2135 vivifico
1118 2075 1234 2156 Spiritui
1249 2098 1321 2138 nunc
1339 2093 1365 2138 et
1378 2101 1490 2161 semper,
1509 2096 1536 2143 ct
1556 2074 1706 2146 insaecula

988 2164 1157 2226 saeculorum.
1170 2172 1264 2229 Amen.

176 2345 1698 2388 m

432 2508 538 2568 ΠΡΟΣ
557 2508 660 2568 ΤΟΥΣ
949 2511 969 2557 Ι)
1281 2511 1345 2572 AD
1368 2516 1447 2576 EOS

174 2688 372 2770 Ἔγιιὶάσανιας
387 2691 456 2773 ὑπὲρ
474 2697 522 2752 τοῦ
536 2691 635 2770 μήκως
649 2695 703 2752 τῶν
716 2691 873 2772 προοιμίων,
887 2689 934 2749 καί
989 2693 1049 2772 Qui
1065 2697 1160 2772 ipsum
1176 2699 1422 2777 reprehenderant
1440 2704 1476 2759 ob
1500 2707 1703 2781 proemiorum

202 2784 237 2841 θει
247 2770 382 2864 χρήσιμον
396 2783 430 2843 τὸ
444 2783 532 2866 ρίρεεν
547 2782 690 2864 ἐλέγχοις,
703 2782 831 2849 καὶτίνας
844 2779 932 2841 tomo
1024 2786 1235 2864 prolixitatem,
1243 2789 1324 2869 quod
1334 2791 1407 2849 utile
1419 2795 1458 2849 sit
1468 2795 1705 2872 reprehensiones
1755 2852 1763 2861 .

203 2877 244 2934 cir
259 2875 359 2943 moloc
374 2874 520 2943 πισιεείσας
537 2875 730 2954 μετωνομάσθη
750 2876 873 2950 Παῦλος,
888 2876 933 2934 καλ
1026 2897 1110 2956 oequo
1123 2881 1334 2960 animoserre:
1348 2893 1377 2939 et
1389 2901 1443 2939 cor
1456 2883 1555 2942 Panlo
1569 2907 1630 2945 nori
1643 2900 1704 2946 sta·

203 2966 238 3026 ίεε
250 2971 298 3029 αλκ
310 2968 339 3037 ἐξ
361 2967 501 3046 ἀνάγκης,
517 2970 575 3027 ἀλλ’
592 2971 623 3027 ἐκ
635 2966 815 3048 προαιρέσεως
828 2966 932 3047 γέγονεν
1027 2973 1081 3028 tim
1103 2982 1194 3050 atque
1211 2972 1337 3030 credidit
1362 2993 1470 3033 nomen
1485 2988 1629 3036 mutatum
1646 2990 1700 3049 est,

203 3060 295 3141 ὥεῗρὴ
306 3058 464 3139 ματαὸαλὴ,
473 3058 519 3119 καλ
528 3059 604 3128 εἰςιδ
615 3058 709 3141 ῥητόν·
719 3061 824 3137 Σαῦλε,
834 3061 932 3132 Σαῦλε,
1025 3065 1153 3143 itemque
1165 3065 1246 3144 quod
1263 3085 1321 3124 non
1335 3087 1371 3124 ex
1394 3069 1576 3141 necessitate,
1600 3070 1654 3129 sed
1665 3091 1704 3130 ex
1780 3138 1783 3144 ,

202 3149 406 3229 optadus„
1026 3153 1121 3213 libera
1136 3155 1293 3215 voluntate
1302 3158 1390 3236 sacta
1403 3161 1441 3217 sit
1452 3158 1515 3218 ίεεεο
1525 3164 1661 3235 mutatio,
1672 3173 1702 3220 et

1029 3249 1062 3304 ι’νι
1082 3246 1193 3306 dictum
1216 3248 1298 3308 tttud
1310 3272 1320 3304 .·
1334 3248 1427 3322 Saule,
1453 3251 1548 3327 Saule,
1563 3251 1630 3332 quid
1656 3272 1701 3312 me
1712 3259 1766 3308 Δεε.
1776 3271 1800 3321 ς.
1813 3264 1837 3322 t.

1025 3338 1209 3416 persequeris?

198 3548 374 3611 Ἔναάλεααν
395 3557 461 3629 ἡμῖν
487 3573 556 3619 τινες
569 3555 621 3611 τῶν
638 3553 783 3632 ἀγαπητῶν
798 3554 851 3610 τῶν
865 3556 932 3630 ἡμε-
1026 3552 1053 3609 1.
1080 3548 1321 3629 Reprehendernnt
1343 3569 1392 3608 nos
1415 3549 1564 3610 amicorum
1579 3552 1702 3630 quidam,

169 3641 246 3722 τάρων,
267 3643 373 3704 ὄιςιῶ
395 3643 475 3723 λόγου
496 3642 531 3704 τὰ
551 3643 679 3726 προοίμια
691 3644 757 3727 πρὸς
779 3648 863 3725 μῆκος
885 3649 931 3706 ἐκ.
986 3638 1057 3718 quod
1069 3639 1219 3719 prolixiora
1230 3659 1385 3698 sermonum
1397 3639 1474 3699 initia
1489 3641 1654 3703 faceremus:
1669 3664 1704 3702 an

169 3736 282 3815 αίνομιν,
295 3736 345 3795 καὶ
359 3739 382 3795 εί
397 3735 445 3814 μὲν
467 3736 593 3811 δικαίως,
611 3735 629 3809 ἢ
645 3735 743 3803 ἀδίκως
763 3735 932 3811 ἐνεκάλεσαν,
981 3738 1044 3817 jure
1052 3736 1097 3799 vel
1109 3737 1206 3817 injuria
1224 3735 1521 3817 reprehenderint‚tunc
1536 3738 1702 3821 intelligetis,

168 3825 341 3902 τίπείσεαθε,
356 3828 463 3888 ἐπειδὰν
478 3829 524 3887 καί
537 3828 571 3888 εδ
588 3831 652 3910 παρ’
662 3831 739 3906 ἡμῶν
755 3827 932 3902 ἀκούσαντες,
985 3850 1047 3888 cum
1061 3828 1154 3887 audita
1173 3827 1327 3886 defensione
1347 3842 1447 3906 nostra,
1464 3829 1540 3907 qnasi
1554 3829 1704 3912 inpublic'o

168 3919 195 3983 ὃς
208 3922 235 3979 o
248 3923 332 3979 κοννῶ
357 3918 520 4000 δικαστηρίῳ
533 3917 582 3991 τὴν
603 3922 690 4000 ψῆφον
709 3917 843 3999 ἐνέγκητε.
858 3919 931 3999 Ἐγὼ
947 3938 967 3986 n
983 3919 1113 3978 tribunali
1136 3918 1294 3978 sententiam
1316 3919 1416 3979 seretis.
1444 3920 1504 4001 Ego
1521 3942 1585 3982 vero
1611 3923 1702 4004 prius-

169 4008 248 4070 δίκαδ
270 3980 338 4092 πρίν
353 4011 490 4080 ἀποδεῖξαι
503 4016 591 4082 τῶτο,
604 4011 683 4092 χάριν
700 4014 787 4078 αὐτοῖς
807 4010 862 4091 ἔχω
878 4016 930 4072 τῶν
983 4033 1064 4092 quam
1080 4011 1108 4070 id
1121 4009 1271 4082 ostendam,
1287 4011 1322 4070 ob
1345 4013 1577 4093 reprehensionem
1601 4015 1702 4094 gratias

170 4101 350 4179 ίαλημάτων·
371 4101 530 4180 κηδεμονίας
542 4100 613 4183 γάρ,
634 4106 663 4162 οὗ
686 4103 813 4185 πονηρίας
828 4102 883 4163 ἐστὶ
897 4102 931 4163 τά
983 4104 1050 4186 ipsis
1061 4103 1146 4163 refero
1161 4126 1167 4160 :
1183 4124 1245 4162 nain
1256 4124 1290 4161 ex
1304 4103 1356 4162 mei
1365 4124 1429 4163 cura
1443 4119 1523 4183 atque
1533 4105 1635 4186 studio,
1646 4129 1700 4167 non

149 4158 330 4273 ’ίηιλιίματν
346 4193 394 4252 καί
415 4193 460 4252 τὸν
471 4193 661 4274 ριλοῦντάμε,
679 4197 730 4274 οὐχ
750 4191 812 4253 ὅταν
835 4197 929 4272 ἐπαινῇ
983 4217 1017 4255 ex
1031 4196 1103 4255 malo
1117 4194 1208 4254 animo
1219 4193 1266 4252 illa
1280 4194 1697 4277 proficisciturzamienmvero,
1776 4252 1850 4280 unam

170 4288 302 4364 μμάνον,
332 4285 406 4346 ἀλλὰ
424 4284 472 4346 καὶ
490 4283 553 4344 &or
575 4289 675 4366 ἐγκαλῇ
703 4287 748 4346 καί
771 4287 930 4366 διορθῶσαι,
982 4309 1036 4347 non
1045 4286 1209 4347 cumlaudant
1222 4287 1313 4364 modo,
1322 4285 1370 4346 sed
1384 4288 1465 4346 ctiam
1476 4309 1539 4348 oum
1552 4289 1698 4370 reprehen-
1709 4313 1760 4344 ιιεε
1774 4301 1849 4344 nnio.

169 4377 216 4437 τίει
235 4381 317 4460 ραίην
342 4378 375 4437 ἂν
402 4377 486 4458 ἔγωγε
513 4379 606 4458 φιλεῖν.
625 4352 668 4438 'fd
693 4379 741 4456 μὲν
765 4382 817 4458 γὰρ
840 4381 930 4446 ἁπλῶς
981 4380 1056 4441 ditet
1069 4380 1191 4460 corrigit,
1202 4379 1700 4460 tuncmeamaredixerim.Siquidem

170 4472 242 4531 tim
262 4475 395 4545 ίπαενεῑν,
415 4469 462 4530 καί
474 4469 509 4529 τὰ
524 4473 612 4539 καλῶς
635 4471 745 4552 ἔχοντα,
768 4470 868 4531 καί“εδ
891 4470 929 4550 μὴ
981 4472 1093 4532 laudare
1102 4472 1202 4548 omnia,
1215 4484 1275 4530 tum
1282 4493 1341 4550 qua
1355 4471 1432 4545 bone,
1447 4484 1578 4551 tumque
1593 4473 1700 4534 malese

170 4565 256 4640 ιελῖις,
273 4569 323 4626 οὐκ
337 4558 399 4624 ἔπι
412 4566 561 4643 γελῶντος,
585 4563 645 4623 ἀλλ’
659 4568 811 4632 ἀπατεῶνας
824 4564 869 4624 καί
893 4563 929 4623 εί·
981 4563 1091 4640 habent,
1116 4562 1146 4622 id
1161 4583 1214 4622 non
1230 4562 1320 4631 amici,
1346 4560 1392 4621 sed
1409 4562 1513 4622 fallacis
1527 4584 1560 4622 ac
1572 4563 1700 4625 derisoris

172 4679 251 4734 ρννος·
275 4658 308 4719 αδ
328 4657 357 4718 δὲ
375 4659 494 4716 ίπαινιῖν
520 4654 569 4736 μὲν
584 4656 616 4716 ds
635 4680 662 4715 τε
683 4661 736 4716 τῶν
750 4655 860 4717 δεόντων
882 4657 928 4735 γί-
981 4668 1021 4715 est
1036 4669 1080 4713 :at
1093 4653 1203 4729 laudare
1216 4653 1238 4712 si
1250 4652 1318 4732 quid
1334 4653 1409 4731 boni,
1428 4674 1460 4712 ac
1472 4653 1664 4735 reprehendere
1674 4657 1699 4716 si

171 4769 247 4825 ηται,
260 4748 428 4831 θγκαλεῐνδδ
451 4747 484 4808 άν
505 4771 532 4807 τε
551 4747 781 4830 διαμαρτάνηται,
795 4754 871 4808 τοῦτο
884 4751 929 4831 pi·
980 4746 1048 4827 quid
1056 4747 1157 4828 peccati
1165 4745 1334 4821 admittatur,
1341 4746 1371 4805 id
1379 4746 1564 4808 veroamantis
1572 4760 1698 4808 etcuram

171 4840 206 4900 λω
217 4844 259 4903 καὶ
280 4840 439 4921 κηδεμόνος.
453 4838 507 4899 Καὶ
530 4837 574 4898 ἵνα
599 4840 715 4918 μάθητε,
729 4840 769 4899 ὅτι
793 4841 825 4900 τδ
838 4841 929 4910 ἅπλῶς
980 4839 1106 4901 habentis
1115 4853 1162 4898 est.
1183 4842 1270 4916 Atque
1284 4850 1315 4896 ut
1330 4837 1441 4897 discatis
1449 4836 1523 4916 qnod
1530 4837 1696 4899 indiscrimi-

115 4914 118 4924 Ι
174 4934 242 4995 πάνια
252 4941 367 4997 ἐπαινεῖν
389 4932 437 4994 καὶ
465 4933 620 5013 μακαρίζειν
636 4933 682 4993 ἐπὶ
704 4942 796 5007 πᾶσιν,
810 4936 858 4992 αέκ
871 4932 928 4994 ἔστι
938 4933 1069 5028 ¹¹⁶natim
1079 4929 1169 4990 omnia
1180 4929 1324 4989 laudareet
1337 4928 1482 5008 celebrare,
1497 4929 1594 4990 nonsit
1606 4932 1697 5010 amici,
1822 4955 1824 4959 ·

177 5023 242 5100 οθω,
262 5027 329 5089 ἀλλὰ
351 5028 527 5092 πλανῶνεος·
543 5023 614 5090 Λαίς
638 5046 689 5101 μου
707 5023 776 5104 γάρ,
801 5024 890 5105 φησὶν,
905 5029 930 5086 οἱ
947 5044 968 5091 a
983 5025 1032 5088 sed
1044 5022 1201 5105 decipientis
1213 5045 1220 5079 ε
1234 5022 1349 5102 Populo
1366 5042 1457 5094 meus,
1469 5020 1567 5101 inquit,
1581 5027 1632 5106 qui
1641 5042 1765 5090 nostrai.
1780 5044 1809 5092 o.

179 5084 337 5200 impluere:
356 5123 450 5199 θμᾶς,
468 5117 605 5183 πλανῶαιν
621 5119 704 5194 ὑμᾶς,
717 5115 763 5176 καλ
781 5117 826 5178 τὸν
839 5117 929 5200 ερίὸον
984 5122 1085 5178 beatos
1093 5117 1204 5186 dicunt,
1219 5117 1275 5194 ipsi
1288 5134 1342 5201 nos
1352 5114 1511 5193 decipiunt,
1522 5129 1551 5175 et
1562 5121 1697 5176 semitam
1710 5117 1747 5152 ¹²·

180 5210 218 5265 τῖεν
228 5213 302 5273 ποδοῖν
321 5216 401 5294 ὑμῶν
416 5207 624 5290 ἕκασράσσαναι.
636 5207 691 5269 Τδν
705 5207 752 5288 μδν
772 5201 817 5270 odo
837 5211 930 5292 ίχθρδν
982 5210 1090 5288 pedum
1103 5220 1268 5268 nestrorum
1284 5207 1451 5266 exturbant.
1471 5206 1548 5267 Certe
1556 5207 1697 5268 inimicum

1513 5315 1559 5373 10.
