3764 5992
503 430 571 480 nou
601 427 682 478 usse
706 428 972 482 nusrutruourr.
1435 418 1508 511 425

144 554 196 625 *lit
208 551 360 634 ἱππαρίων·
378 552 440 629 luc,
461 553 511 614 :ets
521 553 677 638 ἁμαρτωλὸς
693 546 743 635 ᾗς,
795 556 914 638 accepit,
928 570 955 618 et
975 558 1080 639 precari
1094 580 1149 621 non
1166 560 1280 642 destitit,
1294 577 1326 624 ut
1337 564 1401 624 lioet
1412 584 1509 646 pecc:-

144 646 222 719 ,αᾶν
237 645 337 717 θίασιυς
350 638 398 727 ᾖς,
412 646 449 724 μὴ
460 651 585 728 ίπαρθῇς.
599 651 641 708 Ού
650 648 742 730 χρείαν
750 699 788 738 „7
796 661 839 709 tor
854 651 909 724 sis,
923 671 976 711 non
990 651 1114 734 desperes
1129 678 1137 711 :
1151 654 1215 714 lieet
1222 657 1312 737 justus
1331 657 1369 717 sis
1379 679 1432 718 non
1441 659 1509 720 eile-

144 739 270 822 εχύοντες
289 745 394 820 ἰατροῦ,
408 742 466 801 ἀλλ’
480 747 504 801 οἱ
525 745 614 810 κακῶς
629 743 741 823 ἔχοντες.
759 758 780 801 Λ
800 741 879 804 raris.
892 745 962 803 It'on
983 759 1025 805 est
1040 766 1110 826 opus
1134 748 1305 810 valentibus
1323 752 1447 830 medico,
1457 752 1510 812 sed
1518 761 1605 808 tratre.
1619 774 1644 821 9.

144 855 159 891 ν
185 831 354 905 θειλύνης·
375 833 419 894 διὰ
441 841 518 895 τοῦτο
544 833 647 915 ταχέως
669 837 742 916 αὐτῷ
797 835 876 894 maie
899 837 1083 898 habentibus.
1100 839 1174 899 Male
1194 840 1311 901 habebat
1330 842 1507 923 publicanum
1521 836 1558 869 ¹²·

147 949 157 964 ·
178 930 196 986 ὃ
222 924 252 985 δὲ
265 925 359 987 Ἰσαλιι
378 925 544 1009 ἰσχυρότερος
562 918 612 1000 ἦν,
631 925 677 986 καί
698 927 742 986 διὰ
794 940 934 1007 propterea
944 928 998 988 cito
1005 949 1115 989 manum
1125 930 1166 990 illi
1178 932 1315 1012 porrexit:
1329 935 1404 994 Isaac
1413 948 1505 995 autem

148 1019 252 1093 εἴασεν,
262 1019 306 1079 ίνα
317 1020 396 1079 αύτσῦ
409 1018 458 1091 τὴν
472 1020 606 1098 ὑπομονὴν
613 1020 741 1100 όπιτείνη.
794 1019 1007 1101 reliustiorerat3
1019 1036 1158 1104 propterea
1173 1023 1285 1103 reliquit
1299 1025 1440 1106 ipsum,ut
1453 1050 1507 1110 pa-

149 1110 203 1191 μλν
217 1114 249 1171 ἐκ
264 1111 417 1191 περιουσίας
427 1116 493 1191 ἡμῖν
503 1115 518 1170 θ
529 1111 605 1191 λόγος
619 1110 742 1192 εἰρήσθω.
795 1109 917 1172 tientiam
928 1115 987 1194 ejus
998 1129 1116 1195 augeret.
1126 1115 1183 1178 Sed
1191 1116 1249 1176 haec
1259 1116 1369 1197 quidem
1379 1112 1509 1179 extbtin·

144 1226 194 1267 σεεν
210 1207 229 1276 ἡ
243 1203 309 1284 γυνὴ
321 1211 413 1284 στεῖρα
430 1195 474 1277 ἦν,
496 1206 636 1283 ἀναγκαῖον
650 1206 744 1276 εἰπεῖν,
795 1201 986 1265 dantianobis
997 1206 1050 1266 sint
1062 1207 1144 1267 dicta.
1161 1209 1217 1268 Cur
1228 1223 1317 1269 autem
1327 1231 1397 1271 uxor
1409 1212 1507 1273 sterilis
1545 1232 1660 1277 curaret

144 1321 173 1379 ης
194 1295 323 1376 παρθάνον
338 1295 440 1376 μητέρα
454 1295 603 1375 γινομένην,
620 1294 657 1374 μὴ
681 1299 746 1356 dret-
796 1308 878 1375 esset,
893 1299 1110 1378 operaepretium
1134 1301 1215 1361 [uerit
1232 1322 1355 1363 enarrare
1369 1327 1376 1361 :
1389 1318 1432 1380 ut,
1443 1296 1661 1402 cnm¹1¹⁰'³¹““¹⁰'

144 1388 231 1463 ,ὅταν
244 1387 307 1469 :leq
320 1411 364 1448 σοι
378 1388 545 1461 όἸουδαῖος,
558 1393 615 1456 πῶς
628 1388 742 1463 ίτεκενὴ
796 1388 930 1468 virginem
945 1389 1047 1451 rideris
1066 1390 1165 1451 iactam
1184 1413 1240 1453 erse
1261 1408 1386 1473 matrem,
1400 1396 1508 1459 credere
1528 1373 1585 1402 Μ’

144 1508 180 1565 ης
201 1486 292 1563 αύτῷ,
310 1486 367 1551 πῶς
384 1483 470 1543 ἔτεκεν
490 1489 509 1556 ἡ
535 1484 648 1564 Σάρρα,
668 1483 744 1554 ναίὴ
797 1502 851 1541 uon
864 1502 968 1542 recuses
974 1505 983 1559 ς
996 1497 1037 1560 ut,
1047 1504 1109 1543 cum
1129 1484 1229 1546 dixerit
1241 1486 1294 1547 tibi
1311 1486 1431 1566 iudaeus,
1444 1494 1509 1567 Quo

144 1574 172 1635 nl
182 1580 201 1649 ἡ
211 1574 335 1657 Ῥαχήλς
344 1572 432 1637 Ὅταν
442 1575 496 1656 γάρ
511 1575 595 1658 μέλλῃ
607 1601 633 1636 τι
644 1581 746 1654 θαυμαα
798 1586 875 1655 pacto
888 1574 1181 1656 peperitltlariai'dicas
1190 1577 1308 1654 illi,Quo
1318 1594 1396 1661 pacto
1405 1583 1510 1664 peperit

144 1694 181 1749 γι
193 1669 315 1751 γίνεσθαι
340 1676 446 1748 θαῦμα,
458 1669 552 1730 πολλοὶ
571 1668 745 1750 προτρίχωσι
797 1667 887 1742 Sarra,
896 1679 923 1727 et
930 1667 1058 1744 Rebecca,
1064 1680 1091 1728 et
1100 1669 1289 1731 Rachelicmu
1301 1673 1374 1732 eninr
1385 1673 1511 1735 mirabile

144 1763 265 1843 ιιθύπερ
280 1762 410 1843 βασιλέως
421 1762 560 1837 εἰσιόντος,
571 1762 745 1843 προτράχουσι
796 1757 935 1840 quidpiam
951 1780 1133 1841 magnumque
1149 1762 1230 1823 fuerit
1244 1769 1510 1843 eventurum,multae

144 1854 233 1931 ,ὅστε
246 1856 285 1935 μὴ
300 1855 397 1935 ύθρόον
414 1855 656 1936 ἀπαρασκευάστοις
670 1852 745 1923 iiie·
796 1865 964 1930 praecumunt
974 1853 1079 1934 figurae.
1086 1853 1122 1913 Et
1134 1855 1362 1933 quemadmodum
1372 1879 1436 1919 cum
1449 1861 1511 1920 lnt-

144 1946 235 2009 πιλία·
250 1945 320 2006 οὕτω
333 1946 380 2006 καί
401 1948 534 2026 θαύματος
547 1947 687 2026 μέλλοντος
699 1945 744 2025 γί-
762 1951 781 1998 Β
797 1959 902 2025 perator
909 1945 1072 2028 ingreditur,
1079 1961 1248 2028 praecurrunt
1259 1949 1366 2026 milites,
1374 1972 1408 2011 ne
1421 1953 1511 2015 subito

144 2038 253 2113 δόξαν,
273 2040 450 2120 προτρύχουσι
469 2040 565 2111 τύποι,
588 2039 657 2100 ὥστε
673 2044 746 2118 ἡμᾶς
797 2036 833 2095 ab
845 2037 984 2119 imparatis
993 2039 1161 2120 excipiatur:
1172 2040 1209 2100 ita
1216 2061 1279 2101 cum
1289 2042 1428 2104 insolitum
1437 2045 1512 2107 futu-

144 2142 224 2201 uere<
255 2131 292 2211 μὴ
318 2135 522 2213 καταπλαγῆναι
553 2133 661 2216 ἀθρόον,
678 2130 745 2211 μηδὲ
797 2150 859 2188 rum
873 2145 941 2190 esset
950 2130 1122 2209 miraculum,
1137 2133 1291 2215 precedunt
1302 2136 1408 2216 ligurae,
1421 2151 1452 2199 ut
1461 2159 1510 2199 nos

144 2223 308 2307 ίπαραδύξιρ
320 2231 366 2285 τοῦ
379 2227 523 2304 γινομένου.
544 2227 630 2285 Τοῦτο
644 2224 688 2284 καί
701 2223 745 2284 ἐπὶ
797 2222 873 2302 prius
885 2223 1024 2284 exercitati
1040 2246 1071 2284 ac
1086 2224 1211 2306 dispositi
1233 2247 1287 2286 non
1299 2228 1390 2289 subito
1404 2230 1511 2291 attoniti

144 2342 165 2379 t.
196 2319 372 2401 Προὲδραμεν
397 2319 507 2390 Ἰωνᾶς,
532 2319 579 2380 καλ
600 2318 745 2398 ἐγύμνασεν
797 2315 953 2391 haereamus,
970 2317 1071 2376 neerei
1092 2331 1189 2398 praeter
1207 2320 1431 2400 exspectationem
1446 2322 1511 2385 viee:

144 2412 257 2475 ίνοναν.
281 2413 409 2492 Καθάπερ
422 2412 473 2495 γὰρ
484 2417 581 2474 ἐκεῖνον
598 2413 666 2491 μετὰ
675 2419 746 2496 τρεῖς
797 2407 886 2466 territi
899 2407 1018 2468 novitate
1027 2407 1257 2490 obstupescamus.
1264 2411 1323 2470 Hoc
1334 2425 1361 2471 et
1371 2413 1399 2471 in
1414 2428 1509 2475 morte.

148 2508 233 2579 ¹1¹0:
251 2505 369 2585 llum,
394 2508 461 2588 ὀὔχ
474 2506 548 2586 :ipim
568 2509 595 2564 ἐν
610 2510 680 2586 αύτῷ
696 2507 744 2580 τὴν
798 2500 1088 2578 praemittentem
1104 2515 1220 2561 mentem
1241 2517 1359 2563 nostram
1377 2506 1507 2567 exercuit.

144 2596 191 2680 tl*
216 2598 265 2660 καί
287 2600 469 2672 κατάλληλον·
492 2598 576 2660 οίκεία
589 2597 641 2682 γὰρ
660 2600 744 2681 :popel
797 2597 837 2656 Ut
850 2595 921 2655 enim
929 2594 1008 2655 illum
1020 2595 1211 2677 posttresdies
1220 2611 1293 2656 cetus
1302 2600 1433 2678 evomuit,
1447 2620 1510 2660 eum

144 2692 206 2765 ηλος
213 2689 328 2751 θανάτου
341 2693 390 2762 τῆς
405 2689 537 2773 ἁμαρτίας
549 2695 566 2762 ἡ
584 2690 677 2772 ρύσις·
700 2695 745 2750 ἐν·
796 2689 825 2747 in
836 2709 867 2748 eo
880 2689 1022 2769 proprium
1032 2700 1059 2747 et
1072 2689 1230 2749 conveniens
1242 2708 1295 2749 non
1306 2691 1447 2772 reperisset
1457 2692 1511 2751 ali·

144 2786 193 2856 er,
206 2788 324 2844 ἐντεῦθεν
338 2782 481 2865 ίρριζὼθη,
495 2786 611 2843 ἐντεῦθεν
625 2784 670 2842 καὶ
683 2783 744 2866 epi·
797 2793 935 2840 mentum:
950 2778 1093 2861 proprium
1106 2779 1207 2862 quippe
1216 2782 1429 2862 conveniensque
1438 2803 1513 2844 mor·

144 2876 208 2955 inp
228 2866 275 2936 σύν
292 2877 331 2957 ἐρ’
348 2880 436 2952 ἡμῶν,
453 2876 560 2937 ἐπειδὰν
575 2877 646 2937 λίθον
659 2899 745 2937 κατα·
797 2874 832 2933 tis
840 2873 998 2934 alimentum
1012 2884 1051 2930 eet
1070 2873 1172 2952 peccati
1189 2874 1447 2935 natura:indenata
1455 2889 1507 2949 est,

147 2968 263 3044 είδύτες,
271 2967 330 3028 τότε
341 2968 390 3047 μὲν
402 2973 507 3050 πρῶτον
519 2971 648 3051 ἐπιχειρεῖ
662 2970 746 3050 πέψαι
761 2980 780 3028 c
798 2966 862 3027 inde
875 2965 1047 3025 corroborata
1057 2963 1176 3039 estinde
1185 2965 1267 3025 etiam
1276 2965 1411 3029 alitur.Ut
1423 2968 1509 3048 igitur

144 3066 179 3123 m
198 3061 338 3142 στομάχω
359 3061 480 3140 δύναμις·
504 3062 611 3124 ἐπειδάν
633 3060 661 3121 δὲ
682 3063 743 3145 εύρη
796 3060 825 3120 in
846 3058 934 3137 nobis,
950 3060 974 3120 si
988 3058 1095 3140 quando
1107 3057 1226 3140 lapidem
1237 3058 1436 3141 deglutivimus
1456 3063 1509 3123 im·

144 3154 201 3235 θεῷ
215 3144 298 3214 οὖσαν
315 3154 430 3236 τρορὴν,
442 3154 595 3234 ὁμιλήσασα
609 3156 654 3216 iel
665 3156 745 3216 πλέον
797 3151 952 3234 prudentes,
962 3165 1023 3212 tum
1042 3151 1154 3232 quidem
1170 3152 1289 3232 primum
1304 3152 1384 3212 illum
1396 3154 1440 3215 vis
1450 3167 1509 3214 sto-

144 3249 229 3325 πτιαῇ
241 3245 362 3325 δυνάμει,
375 3249 473 3318 ἐκεῖνον
488 3247 535 3326 μίν
547 3251 577 3307 ού
589 3247 745 3331 διαρθείρει,
797 3244 886 3307 machi
899 3265 1062 3325 concoquere
1075 3243 1234 3325 aggreditur
1248 3268 1256 3302 :
1268 3267 1330 3306 enm
1340 3268 1404 3307 vero
1417 3247 1509 3307 cibem

144 3342 170 3412 ἥς
183 3337 332 3399 ἀπόλλυσιν
349 3338 435 3420 legire,
449 3342 506 3399 ὅθεν
516 3339 574 3400 οὐδὲ
587 3339 636 3412 τὴν
650 3340 744 3420 προτά-
798 3339 908 3400 minime
927 3338 980 3398 sibi
995 3338 1139 3421 proprium
1155 3338 1324 3418 compererit,
1332 3339 1380 3399 ubi
1403 3338 1509 3400 diutius

144 3431 292 3512 ιιιατίχιιν
311 3432 419 3514 τρορλν,
438 3430 507 3492 ἀλλὰ
530 3433 681 3504 ἀτονήσασα
694 3438 746 3494 κά·
797 3433 855 3493 vim
865 3453 943 3493 suam
954 3429 1137 3509 concoquendi
1153 3430 1195 3491 illi
1209 3429 1352 3511 applicuit,
1360 3451 1413 3491 non
1428 3431 1509 3492 illum

144 3524 300 3603 ίαυνεξεμαῖ
310 3526 378 3604 μετὰ
390 3530 491 3598 πολλῆς
501 3532 549 3600 τῆς
562 3526 667 3600 ὀδύνης·
678 3528 745 3589 otro
798 3524 947 3605 corrumpit
959 3522 1009 3583 sed
1021 3523 1155 3582 virtutem
1168 3543 1246 3581 suam
1260 3521 1350 3600 perdit
1362 3547 1369 3580 :
1379 3521 1450 3582 unde
1461 3544 1510 3583 nee

150 3617 268 3677 θανάτω
289 3617 389 3699 γέγονε.
415 3616 533 3679 liariter:
547 3619 592 3678 τὸν
607 3618 679 3680 λίθον
700 3623 744 3681 τὸν
799 3618 915 3700 priorem
928 3615 1020 3675 eibum
1031 3626 1118 3694 potest
1129 3614 1272 3686 continere,
1278 3613 1325 3673 sed
1335 3612 1437 3673 defessa
1445 3635 1509 3674 cum

144 3732 173 3785 ιι,
194 3709 244 3770 καί
257 3711 307 3769 ούκ
324 3709 430 3791 ἴσχυσεν
447 3712 523 3771 αὐτὸν
538 3712 639 3792 πέιραι·
661 3712 744 3784 ἠσθί-
797 3711 855 3791 ipso
865 3709 945 3769 illum
956 3726 1063 3787 quoque
1072 3726 1125 3765 non
1136 3704 1193 3764 aine
1206 3706 1283 3785 gravi
1293 3704 1386 3765 dolore
1396 3706 1508 3768 evomit:

144 3808 146 3851 ἰ
164 3810 244 3862 πᾶσα
263 3805 282 3874 ἡ
306 3799 426 3882 δύναμις·
441 3803 484 3863 ot
497 3808 575 3864 τοῦτο
590 3807 648 3883 μετ’
665 3808 744 3864 αὐτοῦ
797 3805 834 3862 ita
843 3821 951 3882 quoque
959 3800 987 3859 in
998 3813 1084 3859 morte
1094 3796 1203 3858 accidit
1211 3798 1344 3880 Lapidem
1351 3799 1508 3879 angularem

144 3892 216 3969 σὴν,
238 3895 274 3968 ἢν
297 3885 366 3977 εἶχε,
388 3895 543 3965 συνεξίὸαλε
564 3896 673 3978 τροιρὴν,
690 3901 743 3956 τῶν
796 3891 960 3976 deglutivit,
985 3911 1069 3972 neque
1094 3911 1256 3971 concoquere
1283 3890 1374 3972 ipsum
1402 3892 1506 3973 potuit;

144 3985 312 4066 ηιξεμίσας
329 3987 377 4060 τὴν
391 3989 478 4071 ρύσιν.
493 3988 564 4049 Odit
578 3989 631 4071 γὰρ
643 3989 743 4064 ταύτην
797 3989 886 4050 omnis
895 3987 953 4068 ejus
964 3986 1052 4048 virtus
1063 3984 1202 4065 elanguit:
1217 3999 1358 4067 propterea
1370 4006 1433 4045 cum
1448 3985 1509 4068 ipso

144 4076 277 4153 θήσεται
288 4079 382 4140 λοιπὸν
395 4083 432 4148 εἰς
445 4081 529 4150 τέλος.
545 4080 598 4141 Διὰ
611 4082 744 4143 τοῦτοκαὶ
759 4104 780 4152 1>
797 4082 931 4162 reliqutim
946 4099 1026 4158 quem
1038 4076 1266 4155 habebat,cibum
1275 4078 1363 4159 ejecit,
1373 4078 1440 4138 dum
1453 4080 1509 4139 ho-

144 4170 473 4255 ῃιάδριιμον,ίναθτο’κος
493 4179 628 4255 πιστευθῇ·
643 4179 743 4252 μᾶλλον
797 4175 902 4235 minum
924 4184 1048 4231 naturam
1073 4168 1154 4229 simul
1179 4169 1307 4230 evomuit.
1328 4172 1422 4250 Neque
1436 4172 1509 4232 enim

149 4262 365 4345 σύαοςπιστωθῇ
386 4264 473 4344 μόνον,
491 4266 550 4324 ἀλλ’
566 4266 612 4325 ἐὰν
626 4268 742 4347 ἀαριύῶς
795 4268 920 4347 deinceps
933 4264 1008 4325 illam
1027 4262 1055 4321 in
1073 4261 1156 4322 finem
1167 4263 1265 4344 poterit
1282 4264 1424 4324 continere.
1435 4266 1506 4324 Pro·
1556 4307 1602 4354 c„
1613 4317 1659 4353 m·

144 4354 309 4423 ‚atteret
331 4363 377 4416 τοῦ
398 4356 510 4416 θανάτου
531 4354 580 4429 τὴν
604 4358 742 4440 στείριυσιν
796 4373 885 4441 pterea
896 4356 1110 4435 sterilesquoque
1119 4368 1347 4436 praecesseruntut
1355 4355 1435 4416 etiam
1443 4377 1507 4438 par·
1516 4369 1564 4415 riti·
1607 4386 1660 4431 pn-

144 4471 152 4508 t
168 4448 330 4531 εὑρήσομεν.
795 4466 841 4512 tus
864 4450 931 4510 tides
955 4448 1046 4522 fieret:
1059 4446 1103 4506 vel
1124 4446 1215 4526 potius
1230 4468 1282 4507 non
1297 4447 1378 4508 modo
1395 4462 1425 4508 ut
1438 4441 1658 4540 fidoe:2‡„l]m⁸''

796 4556 890 4627 partus
903 4536 1043 4617 fieretsed
1056 4538 1079 4597 si
1096 4552 1189 4597 exacte
1205 4539 1359 4600 examinare
1377 4540 1505 4620 velimus,

796 4636 882 4719 ipsius
895 4632 977 4693 etiam
994 4630 1088 4690 mortis
1108 4629 1225 4709 figuram
1244 4630 1412 4692 sterilitatem
1425 4633 1508 4695 fnisse

794 4726 968 4810 reperiemus.

144 4817 258 4901 uigere·
269 4821 424 4903 λεπτύνηάρ
435 4822 466 4882 τὸ
479 4825 668 4903 ῥηθησόμενον·
677 4822 742 4902 μάλ-
836 4822 867 4880 d.
889 4816 944 4879 Sed
967 4815 1097 4876 attendite
1111 4813 1229 4874 :subtile
1249 4834 1365 4896 namque
1381 4819 1509 4900 estquod

144 4917 274 4993 ρεῑν,πῶς
285 4915 350 4993 πρὸς
361 4914 564 4991 τλνπίστιντῆς
574 4917 743 4984 ἀναστάσεως
797 4915 937 4975 dicemus:
952 4909 1053 4991 quippe
1074 4907 1173 4967 dicturi
1190 4929 1354 4988 sumusque
1373 4925 1451 4993 pacto
1473 4911 1509 4973 ad

144 5028 183 5087 μα
194 5007 245 5076 τῆς
258 5006 366 5088 Σάρρας
386 5014 559 5088 στειρωθεῖσα
574 5021 742 5093 χειραγωγεῖ.
796 5006 879 5068 fidem
898 4999 1100 5064 resurrectionis
1120 5020 1168 5060 nos
1188 4999 1260 5060 uteri
1276 5002 1365 5063 Sarrae
1383 5003 1511 5066 sterilitas

144 5172 173 5223 ln
187 5190 271 5243 urg.
289 5192 320 5227 ex
340 5180 487 5247 conjectura
504 5178 616 5246 supplet,
629 5183 688 5233 οὕτω
703 5189 730 5234 rt
754 5184 825 5254 Εύρθν
835 5176 978 5245 :eripuimus
989 5192 1047 5226 cum
1054 5172 1241 5240 Sarilqllonti.
1251 5186 1277 5226 et
1283 5174 1349 5231 cod.
1359 5179 1410 5231 tte
1420 5182 1510 5250 elpes}

144 5251 731 5313 retr-Codttdeurntextunostrocousent‘rt.
1292 5324 1334 5382 28

144 5339 196 5381 υι.
219 5341 272 5381 tte.
