3810 6000
119 381 210 457 1016
321 400 469 453 satam
495 400 541 449 EX
566 398 665 451 hosts
690 398 829 449 httttmct
856 398 984 449 settttt
1009 398 1052 447 ET
1077 396 1267 449 raoamats
1294 399 1429 449 otest.

116 532 213 601 cujacii
218 545 311 583 nomen
322 527 374 595 ejus
384 526 419 579 ad
429 542 506 595 quam
518 525 637 577 mittitur.
655 524 798 594 Amprucla
811 540 863 577 me·
919 524 1057 591 Cojaciano
1070 521 1197 575 illustriss.
1208 522 1361 576 cardinalis
1372 523 1495 577 Perronii
1504 523 1668 601 additnmp,

117 607 192 657 minit
209 616 234 656 et
253 602 341 654 titulsu
360 602 502 652 centesima
525 601 615 666 tertie,
631 598 659 651 in
674 615 725 666 quo
742 596 864 650 mendose
918 594 1060 664 ὀλυμπιάδα
1068 602 1204 663 βασίλισσαν
1215 604 1254 680 ssi
1265 600 1579 686 sparmftfepflg2Ad
1587 600 1669 667 017..

117 691 192 735 antea
203 676 334 744 legebatur
344 672 652 742 Ampmctoe.1nCujaeii
663 670 730 724 libro
740 683 804 737 erat,
815 670 866 739 lp·
916 672 1021 738 piadern
1031 672 1145 739 reginam
1154 681 1178 720 et
1187 670 1254 719 altos
1266 671 1411 738 quosdam.
1424 670 1479 723 Sed
1491 690 1519 723 ra
1535 672 1579 724 illo
1588 674 1668 727 Ordine

117 758 224 823 apricio
245 756 395 819 transpirat
411 762 462 809 aaa
478 753 517 802 σὺν
534 754 602 818 αὐτῇ.
613 747 665 800 Sed
685 746 868 799 animadvertit
918 745 1128 797 desiderabantur
1140 743 1178 795 har
1197 743 1332 810 sexaginta
1352 762 1452 833 nepem
1464 746 1668 836 unamceptudu·

116 832 202 883 Billius
212 807 401 882 emendandum
411 827 506 891 locum,
517 840 544 877 et
552 825 587 876 ad
598 824 720 877 seminam
737 826 866 891 scripsisse
918 822 1054 901 centesima
1066 821 1193 871 tricesima
1205 831 1289 907 νειμ,
1299 837 1385 887 quam
1392 832 1524 888 interpres
1534 821 1668 875 chriarum

116 905 340 975 chrysostomum,
350 903 452 969 ejusque
471 902 655 953 correctionem
673 899 748 952 nobis
756 901 867 953 datter·
918 892 1005 944 Billtus
1025 910 1084 944 catu
1107 904 1288 959 praetermisit:
1310 909 1357 944 eas
1372 905 1465 945 autem
1483 910 1516 946 ea
1537 896 1667 963 apognphs

116 983 207 1048 pisnus
217 977 305 1031 Codex
318 973 463 1027 confirmat.
919 967 1082 1033 Antrerpiani
1094 970 1174 1018 nostri
1189 967 1299 1033 collegii
1316 985 1334 1018 a
1355 970 1392 1023 li.
1414 970 1444 1020 P.
1464 969 1565 1021 Andre·
1575 970 1667 1023 &hotto

150 1059 179 1107 P.
193 1057 251 1105 662.
264 1054 294 1104 G.
312 1055 337 1102 4.
359 1062 400 1111 ene
416 1048 530 1121 ippotae
554 1051 611 1100 iloc
631 1046 770 1114 adjecimus
786 1065 817 1099 ex
834 1048 863 1101 8.
918 1042 992 1092 nobis
999 1040 1443 1129 comrrrodptoreprtesentamus,eo
1453 1045 1574 1095 nimica-
1584 1045 1666 1111 adme,

117 1128 187 1196 quod
199 1126 334 1179 confirmat
342 1123 447 1192 epistola
460 1128 470 1174 l
476 1127 517 1189 27,
528 1126 554 1174 in
562 1141 611 1190 qua
627 1140 653 1173 se
671 1124 813 1173 Armeniam
826 1120 866 1173 in-
918 1133 970 1182 qtto
984 1134 1042 1198 cum
1054 1115 1169 1181 alitsJam
1186 1118 1333 1167 Latinitate
1343 1116 1667 1204 donatrssparsssooourre·

117 1202 201 1254 coiere
212 1211 329 1261 teratur,
341 1209 368 1249 at
377 1197 484 1264 eparou
493 1199 589 1248 isola
598 1196 705 1263 epistota
719 1209 804 1247 nmen
816 1198 864 1248 tts
917 1201 987 1240 runt·
1000 1192 1073 1241 Licet
1085 1193 1153 1241 enim
1171 1193 1199 1242 in
1218 1187 1346 1241 omnihus
1357 1189 1438 1243 libra
1447 1207 1495 1255 ee,
1514 1210 1569 1260 qua
1582 1194 1666 1245 smera

116 1278 243 1327 Cucusum
252 1275 289 1324 ait
297 1288 349 1324 esse
360 1271 454 1323 Ciliciae
465 1269 587 1337 oppidum
603 1291 608 1319 :
622 1269 667 1321 sed
683 1283 708 1321 et
721 1267 789 1336 apud
800 1271 865 1322 Pto-
916 1263 1180 1333 Olympiadrmdatoe,
1188 1264 1343 1349 praecedant
1359 1283 1367 1314 ε
1378 1277 1483 1350 ceterae
1494 1278 1578 1319 umen
1585 1266 1666 1320 directo

118 1349 232 1401 lemaurn
243 1345 287 1399 lib.
301 1348 326 1408 5,
339 1362 395 1412 cap.
408 1348 433 1408 6,
446 1354 587 1416 στρατηγίαν
599 1352 707 1405 tricilar.
721 1343 865 1411 Praejectn-
917 1337 992 1403 plane
1001 1340 1094 1391 ordine
1105 1341 1132 1389 in
1143 1339 1249 1407 singulus
1266 1340 1325 1392 alius
1346 1341 1497 1426 Codicrbus
1508 1342 1665 1410 disponunt.

118 1440 175 1474 ram
187 1418 418 1486 Cr'licioe,legirnus,
431 1436 487 1486 qua
503 1420 587 1470 Ponto
599 1418 764 1485 Cappadocio
782 1421 864 1470 ricino
919 1424 986 1462 utex
994 1416 1104 1465 numeris
1113 1412 1665 1498 colligimus,quosdoetissimmLivioeimd

117 1509 181 1558 erut,
190 1509 216 1547 et
227 1498 253 1546 in
265 1493 353 1544 tabula
368 1493 450 1560 prima
468 1495 531 1544 Asia
550 1491 637 1543 Calicis
648 1495 716 1558 regio
729 1509 780 1543 noa
791 1492 864 1561 longe
916 1503 990 1538 oram
1002 1487 1124 1555 marginis
1138 1486 1306 1555 hntrerpiani
1320 1487 1437 1542 Codicis
1446 1504 1594 1575 annotarat.
1604 1494 1666 1545 Porro

117 1590 133 1620 a
145 1572 258 1622 &mres
270 1579 383 1631 notatur,
396 1566 469 1634 longe
480 1566 567 1616 dissita
577 1565 611 1616 ab
620 1566 700 1617 altera
711 1565 865 1633 Ciliciaque
917 1564 1045 1613 t'uritntes
1051 1563 1172 1615 lectiones
1182 1561 1220 1615 sic
1228 1562 1351 1616 indicare
1362 1563 1478 1631 plectant,
1486 1570 1556 1621 ath.
1566 1566 1665 1619 &dicam

117 1647 198 1698 Issico
206 1646 272 1695 sinui
284 1642 375 1693 vicina.
394 1641 551 1693 sozomenus
571 1639 674 1708 quidem
691 1652 759 1691 certe
772 1639 816 1691 lib.
837 1644 863 1695 8.
916 1636 1123 1702 hotrerpianum,
1135 1638 1205 1690 Sam.
1216 1642 1353 1691 variantes
1367 1639 1572 1694 lectionesillius
1580 1644 1667 1711 marg'n'r

116 1737 174 1785 cap.
194 1722 235 1783 22,
256 1714 488 1768 Theodoretuslib.
503 1714 864 1781 5,c.81,1³stlauiustnvtu
915 1725 946 1760 ex
957 1710 1078 1762 Sarabuci
1088 1710 1158 1763 libris
1171 1724 1296 1775 attentas,
1317 1731 1368 1765 eas
1390 1728 1485 1768 autem
1496 1734 1553 1784 qna
1564 1717 1666 1783 odjum

115 1791 302 1861 chrysostomi,
312 1791 473 1855 Nicephorii
483 1789 527 1840 lib.
542 1794 552 1841 t
558 1794 584 1851 8,
592 1808 616 1842 e.
633 1795 674 1854 26,
687 1802 747 1853 etc,
770 1791 864 1841 Cedre·
916 1787 1025 1851 margini
1037 1785 1278 1868 fuerantbditionis
1288 1786 1448 1842 doctissimi
1469 1794 1521 1843 riri
1530 1792 1664 1844 ttsnaass

116 1883 164 1917 nus
176 1864 267 1932 aliique
281 1865 374 1930 passius
386 1866 508 1913 Armenia
520 1867 624 1914 minoris
634 1863 660 1915 id
677 1863 799 1931 oppidum
810 1881 864 1918 esse
916 1857 968 1911 rita
980 1860 1039 1911 Sar.
1053 1878 1089 1924 r.,
1109 1858 1175 1911 illius
1188 1860 1301 1928 denique
1314 1873 1425 1915 textum
1435 1865 1504 1919 διν.
1515 1864 1627 1935 Quen

116 1951 262 1991 constanter
270 1937 479 1989 asserunt.⁸Non
490 1939 592 1988 omnino
601 1950 725 1990 accurata
735 1951 794 1989 sunt
805 1958 864 2007 quas
950 1933 977 1984 P.
989 1936 1048 2015 Ι700.
1058 1935 1090 1988 D.
1102 1939 1128 1984 4.
1140 1944 1231 2005 νομίζῃ.
1243 1934 1329 1988 Addit
1341 1939 1564 2006 conjecturamin
1574 1944 1665 2009 margins

115 2031 193 2082 supro
204 2013 291 2065 retulit
300 2012 399 2062 Fronto
417 2011 528 2062 Ducoeus
537 2012 569 2061 de
580 2012 678 2079 epistol.
688 2011 866 2075 (ltrrsossomr‘
916 2006 1026 2058 Satilrus
1039 2017 1090 2068 iem
1100 2019 1193 2080 νομίζῃ,
1204 2027 1285 2077 mam
1296 2014 1436 2079 sequitur.
1444 2015 1533 2068 ·ttar‘c
1548 2027 1573 2066 et
1582 2035 1621 2069 nos
1629 2017 1666 2068 al·

117 2089 162 2139 ubi
174 2088 288 2141 Caeneus
310 2087 446 2136 Armenias
457 2103 511 2135 esse
533 2087 639 2151 dieitur,
650 2096 677 2135 ut
686 2086 804 2153 primibus
815 2087 862 2137 de-
915 2081 1078 2149 str'pulanrur,
1091 2083 1229 2133 reclament
1236 2085 1300 2137 tues
1308 2087 1390 2142 Mes.

115 2160 297 2212 monstrabitra·
306 2161 334 2207 in
347 2157 413 2210 Vita
425 2157 612 2224 Clupsostonri.
675 2176 679 2181 ·
950 2156 977 2206 P.
992 2158 1060 2218 702,
1082 2159 1114 2208 Ι).
1134 2159 1160 2208 6.
1184 2167 1289 2230 amptg,
1310 2160 1396 2227 Apud
1419 2161 1569 2217 pfflgdjun
1583 2168 1608 2217 g,
1620 2167 1666 2217 pm

150 2237 177 2287 P.
192 2240 249 2287 669.
262 2238 290 2284 Δ.
312 2238 338 2283 2.
349 2244 394 2294 τὴν
410 2239 524 2302 νέκρωσιν.
543 2235 579 2283 De
593 2232 642 2283 hac
658 2249 684 2283 re
699 2230 770 2298 plura
781 2233 863 2285 Geor·
913 2229 1048 2300 Chrysost.
1062 2229 1110 2282 sub
1130 2231 1206 2283 finem
1216 2235 1339 2299 epistolae
1362 2234 1449 2303 ipsius
1460 2236 1498 2289 ad
1510 2239 1665 2293 innocentum

115 2310 169 2377 gius
179 2307 361 2361 Alexandrinus
368 2306 436 2373 apud
446 2306 562 2358 Photium
572 2309 598 2357 in
606 2308 664 2358 Vrtu
674 2306 860 2374 Chrysostomis
913 2304 1060 2371 pontificem
1071 2304 1176 2357 additur
1191 2325 1197 2356 ι
1211 2307 1380 2376 Scripsistine
1392 2312 1448 2364 ista
1464 2324 1492 2363 et
1509 2316 1547 2365 ad
1558 2315 1666 2366 Verteris·

115 2398 252 2452 postquam
260 2385 327 2434 errim
347 2384 529 2431 narrariteum
550 2382 704 2432 Monasterio
718 2383 860 2447 excessisse,
913 2380 1143 2443 Mediolanensem,
1169 2394 1194 2433 et
1219 2383 1259 2433 ad
1276 2383 1472 2438 Cloornatr'uar
1491 2388 1664 2459 Aquilam

105 2456 356 2526 'atqueinspelunca
366 2457 468 2506 hiennio
479 2458 577 2525 integro
588 2456 723 2517 delituisse,
735 2453 809 2506 addit
821 2480 826 2508 ι
838 2464 862 2509 ts
914 2455 1066 2522 episcopum.
1089 2455 1161 2507 Vale
1180 2460 1206 2506 in
1223 2457 1355 2513 Domino.
1377 2462 1493 2515 Atlieet
1516 2463 1666 2517 intercilaint

115 2536 181 2586 daal
188 2539 303 2602 respuitis
310 2536 352 2584 inb
363 2537 404 2583 τοῦ
412 2534 490 2601 spicae
497 2539 528 2583 rei
540 2538 591 2599 aspi
602 2541 644 2591 rip
654 2539 756 2600 γαστέρα
763 2538 801 2582 sai
811 2535 862 2591 τοὺς
913 2528 1033 2594 epistota,
1045 2528 1137 2597 quibus
1156 2533 1182 2581 in
1193 2531 1236 2582 illa
1249 2550 1295 2584 atta
1307 2537 1501 2601 permotione
1521 2558 1576 2607 quae
1592 2558 1662 2607 passus

115 2586 206 2677 irppsr'rs
217 2615 343 2677 ristpgssar
359 2610 397 2660 διὰ
408 2616 451 2665 τὴν
467 2616 530 2658 νόσον
547 2612 570 2657 ts
588 2617 618 2672 τῇ
636 2611 717 2659 aliur:
731 2603 862 2655 Eurortur‘s
912 2615 977 2654 esset
986 2604 1107 2655 narrabat
1117 2624 1123 2654 :
1135 2618 1236 2657 constat
1244 2619 1339 2660 tamen
1354 2626 1390 2661 ex
1402 2610 1549 2678 historicis,
1559 2614 1662 2667 ooeidm

115 2694 197 2731 autem
207 2681 250 2731 brie
259 2679 417 2749 proesrrgore
428 2680 460 2728 iis
470 2681 582 2746 corporis
592 2679 717 2745 partibus,
730 2697 861 2747 qaaeren·
912 2679 945 2728 tis
955 2679 1087 2744 episcopos
1103 2696 1156 2730 non
1175 2679 1291 2746 pacificis
1310 2694 1422 2736 tantum
1441 2685 1535 2753 literis,
1546 2688 1588 2740 ssd
1604 2690 1663 2740 eris·

115 2765 178 2806 trern
189 2774 221 2806 cc
233 2772 303 2806 renes
312 2757 454 2821 attingunt,
465 2756 492 2802 in
504 2753 587 2802 urbem
597 2751 645 2802 boc
656 2754 744 2804 morbo
757 2766 861 2804 coactus
913 2752 1147 2802 communicatoriis
1158 2770 1216 2803 cunr
1228 2754 1274 2805 illo
1285 2761 1517 2823 communicasse,
1530 2761 1662 2813 arms

113 2826 358 2880 revenial’alladius
370 2827 577 2890 iteminD'talogo
590 2844 596 2874 :
608 2820 676 2877 'Crem
696 2839 746 2877 arto
758 2828 861 2880 biennio
911 2825 1093 2879 illustrissimus
1101 2827 1246 2879 Cardinalis
1256 2831 1391 2884 Batonius
1403 2836 1489 2889 Tom.
1508 2835 1660 2888 binnulus.

114 2920 253 2972 nunrquanr
275 2901 409 2966 cubuisset,
428 2918 480 2949 non
497 2912 581 2962 nocte,
600 2918 652 2949 non
663 2900 714 2953 die.
733 2901 861 2970 subjectas
910 2903 970 2961 405,
982 2913 1045 2956 sect.
1062 2902 1289 2970 sacratisque
1302 2905 1340 2956 od
1360 2909 1438 2974 ipsos
1448 2908 1520 2962 date
1531 2922 1659 2973 annotat

48 3002 53 3014 ·
114 2979 200 3028 venui
214 2988 300 3045 partes
316 2979 418 3027 omnino
429 2975 576 3044 menficat,
587 2974 690 3043 jrigore
708 2977 861 3028 virtutesre-
911 2973 946 3025 ad
963 2975 1142 3027 Chromatium
1164 2977 1368 3044 Aquileiensetn‚
1382 2995 1412 3034 et
1432 2987 1486 3035 ista
1497 2985 1532 3037 ad
1544 2988 1657 3036 leonium

115 3050 302 3118 rturnfiriente.
911 3047 1136 3114 Mediolanensem,
1148 3070 1224 3119 quarn
1235 3070 1266 3103 ex
1275 3053 1383 3108 Codice
1400 3058 1533 3113 Vaticano
1550 3074 1660 3127 acceptam

145 3127 173 3176 Ρ.
188 3130 246 3177 stt).
267 3127 298 3174 D.
321 3128 345 3174 6·
363 3123 483 3193 ripuarias.
497 3122 607 3174 Froben.
628 3133 669 3178 τοῦ
686 3135 821 3197 antaplon,
833 3139 861 3178 et
911 3140 926 3173 a
940 3123 986 3188 pire
998 3127 1125 3191 memoria
1136 3124 1262 3179 Gulielmo
1275 3128 1378 3182 Sirleto
1389 3133 1531 3185 Cardiuali
1541 3135 1658 3186 Bibliothe-

111 3210 183 3250 retus
195 3201 331 3264 Interpres‚
343 3198 423 3247 deliro
434 3199 480 3248 illo
489 3197 628 3250 Nectario:
637 3210 664 3248 at
673 3198 701 3249 P.
712 3204 774 3250 eth.
784 3199 860 3271 ipra·
911 3200 991 3265 cario,
1001 3200 1173 3252 etLatinitate
1181 3200 1310 3253 donatam
1324 3206 1449 3271 prolert':
1464 3208 1566 3260 Fortem
1575 3222 1660 3259 restrum

43 3284 53 3301 ‘
111 3284 160 3329 stoa
171 3285 316 3325 constanter
329 3271 478 3339 praeierunt,
495 3270 586 3338 quibus
605 3273 758 3341 suffragatur
774 3275 860 3326 Theo·
912 3285 936 3322 et
958 3275 1057 3324 uirilem
1076 3277 1206 3336 anr'nrurn,
1224 3288 1276 3327 etc.
1298 3279 1385 3331 Porro
1398 3288 1550 3336 urbicium
1560 3282 1628 3343 dixit,
1638 3296 1658 3330 ιιι

111 3347 216 3400 doretus
227 3348 270 3399 lib.
281 3350 310 3412 5,
322 3365 345 3398 e.
355 3350 385 3398 34
402 3356 438 3400 :st
449 3360 490 3406 τῆς
501 3355 597 3416 irripere
609 3355 724 3402 intererrat
736 3347 857 3419 Ᾰρσάιιιον,
911 3347 1060 3400 Ptolemaeus
1074 3353 1100 3400 in
1111 3350 1272 3416 Geographia
1287 3353 1415 3421 regiones
1435 3357 1573 3408 insubrum
1585 3356 1659 3407 deser.-

110 3430 135 3485 t.-
146 3425 201 3491 μετ’
221 3432 301 3476 lustror
320 3430 406 3489 lpirsro
417 3463 424 3485 ,
437 3430 582 3491 npespbrtars
593 3430 632 3474 οὖν
648 3430 762 3484 titianas:
777 3423 859 3476 Occi·
911 3421 989 3485 lrens,
1002 3430 1130 3479 strictim
1142 3435 1192 3485 ἤτοι
1202 3432 1368 3483 atritoleiaror.
1382 3429 1490 3482 Strabo
1502 3432 1547 3482 lib.
1559 3436 1581 3489 5,
1593 3432 1620 3481 de
1627 3434 1659 3481 lu·

109 3499 193 3548 dentis
203 3497 315 3565 episcopi
330 3497 471 3547 Arsaciurrt
489 3495 543 3563 ry'as
555 3513 722 3547 successorem
734 3515 766 3546 ne
786 3498 859 3547 sala.
909 3496 1040 3560 subribus,
1062 3504 1208 3553 utricolensis
1226 3505 1248 3552 δ’
1270 3508 1342 3570 ἔσχων
1365 3512 1546 3576 perpensio:
1567 3505 1658 3576 (isaaci

110 3584 164 3625 tare
174 3573 274 3640 quidem
285 3562 388 3640 dignati
396 3571 501 3622 sunam
511 3572 630 3621 Socrates
650 3568 696 3624 lilr.
711 3574 736 3635 6,
746 3589 804 3637 cap.
815 3576 858 3634 ll,
908 3572 1042 3640 metropoli
1046 3593 1058 3623 s
1061 3572 1122 3640 suit
1140 3574 1334 3628 Medrolanurn.
1347 3577 1397 3629 sic
1409 3580 1486 3646 apud
1494 3581 1596 3632 eumdem
1603 3582 1657 3630 Stra-

109 3647 201 3698 seribit
210 3644 349 3706 Arsaniam,
361 3647 466 3696 fratrem
474 3645 594 3709 Nectarii,
606 3647 651 3711 qui
663 3658 722 3696 ante
732 3648 857 3698 loannem
914 3647 1007 3696 lronem
1020 3646 1139 3715 legimus:
1151 3656 1198 3716 ἔχει
1207 3654 1232 3702 bi
1241 3659 1369 3721 lprroprtos
1383 3660 1534 3727 saepit-pria
1545 3665 1658 3721 lassaris

110 3719 343 3787 Constantinopolis
365 3721 538 3786 episcopatum
557 3719 790 3785 administraverat,
804 3723 857 3787 jam

109 3794 857 3862 octogenariumepiscopumordinatum.Sozomenualrh.8,

112 3887 171 3937 cap.
184 3873 226 3922 28.

138 4019 191 4073 ΙΝ
203 4015 426 4073 EPISTOLAS
445 4015 541 4067 LXIX
556 4015 616 4067 AD
634 4017 831 4074 DIVERSOS

110 4158 303 4227 Nuncprirnurn
314 4176 378 4208 ann.
398 4172 437 4208 eto
449 4173 489 4208 tec
500 4173 542 4206 ιιι
555 4157 646 4209 Groece
676 4169 700 4208 et
719 4161 810 4212 latine
828 4162 857 4212 in

258 4243 338 4292 lucent
355 4241 437 4290 editas
456 4240 537 4293 Νοιιι·
549 4240 702 4308 interpretis.

141 4370 200 4435 Pag.
214 4368 332 4419 699.Εωί
340 4364 467 4417 missasad
474 4365 661 4435 Olympiadem,
673 4368 853 4422 Innocentium

106 4441 263 4509 pontificem,
274 4440 371 4491 etalios
391 4440 510 4506 epistolas
529 4440 633 4492 Photius
651 4442 675 4494 in
696 4442 853 4496 Bibliotheca

108 4519 237 4569 communi
250 4515 324 4567 titulo
336 4514 542 4580 comprehendit,
555 4534 613 4567 cum
626 4519 672 4580 ait,
685 4527 855 4583 ἀνεγνώσθησαν

106 4600 223 4648 larcroloei
233 4600 274 4645 τοῦ
281 4599 304 4645 lr
315 4598 384 4656 ἁγίοις
392 4600 479 4659 sarpis
486 4590 580 4644 ἰωάννον
590 4602 631 4646 τοῦ
644 4606 815 4664 xpasosrbpss,
830 4605 855 4660 si,-

105 4677 168 4734 μετὰ
186 4677 227 4727 τὴν
238 4670 313 4720 ἄδικον
326 4673 365 4718 καὶ
382 4674 534 4736 ἀπάνθρωπον
553 4675 641 4737 ὶξορίαν
660 4679 717 4739 πρὸς
736 4675 854 4743 irapinas

105 4748 203 4810 ἔγραψεν
214 4759 220 4789 z
232 4741 316 4792 Lectoe
331 4750 391 4788 sunt
410 4740 524 4807 epistolae
539 4742 624 4792 sancti
633 4741 723 4793 Patris
741 4743 853 4797 Ioannis

87 4842 91 4849 ·
106 4814 290 4884 Chrysostornr',
302 4832 367 4883 qaus
378 4813 470 4882 injuste
482 4826 558 4883 atque
570 4814 744 4868 inhumaniter·
750 4820 852 4889 relega-

105 4900 146 4939 tus
157 4890 194 4940 ad
208 4889 372 4939 variosnrr'sit
386 4906 394 4936 .·
408 4901 491 4939 tumen
515 4888 540 4939 in
552 4888 637 4940 multis
648 4890 786 4943 Codicibus
798 4897 852 4945 hta.

106 4965 242 5029 nuscriptis
253 4961 388 5030 separatim
400 4964 531 5028 exscripta
557 4963 715 5030 reperiuntur
733 4966 792 5019 sola
803 4968 851 5023 illae

104 5036 283 5103 septemdecim
305 5035 338 5088 ad
347 5035 526 5105 Olympiadem
540 5039 629 5104 otissa,
642 5055 668 5094 et
679 5041 768 5094 inullis
782 5043 850 5096 haud

104 5112 181 5164 alium
200 5113 390 5178 inscriptionem
416 5126 500 5167 totum
528 5114 592 5166 illud
613 5133 700 5166 earum
720 5117 848 5181 volumen,

105 5203 182 5255 quam
193 5186 363 5255 Epistularum
375 5186 409 5241 ad
428 5188 617 5259 Olympiadem,
638 5189 746 5256 obtinet,
755 5195 781 5248 in
799 5212 849 5247 uno

911 3726 1093 3790 λιμνοθνιὶάττῃ,
1108 3723 1145 3773 Et
1157 3722 1232 3773 trahet
1242 3724 1430 3795 Burdigalam
1451 3732 1586 3798 empon'urrr
1596 3732 1657 3795 inpo-

909 3797 983 3844 siturn
1002 3798 1141 3848 oestuarr'is.
1161 3797 1203 3849 Sie
1226 3811 1252 3849 et
1271 3800 1346 3863 apud
1365 3802 1537 3870 Stephanum
1554 3810 1657 3871 asi-pim

909 3868 1004 3921 dicitur
1017 3871 1077 3923 urbs
1088 3871 1192 3937 Gallice,
1206 3890 1262 3938 qua
1274 3873 1408 3928 Straboni
1423 3890 1451 3933 rb
1463 3885 1600 3946 asisium-
1688 3878 1694 3887 ¹

943 3944 971 3994 P.
985 3948 1046 3997 703.
1056 3948 1089 3996 Ι).
1107 3949 1133 3996 7.
1146 3953 1232 4018 nptias.
1247 3949 1289 3997 lta
1307 3949 1468 4016 scripsimus
1485 3971 1532 4018 pro
1544 3951 1607 4019 qrrod
1616 3964 1658 4001 erat

909 4018 978 4084 apud
993 4020 1053 4071 Sar.
1065 4026 1148 4092 opita,-
1161 4033 1187 4071 et
1196 4023 1223 4071 in
1234 4023 1282 4072 tls.
1297 4025 1326 4075 h.
1343 4036 1441 4097 Βρῐςιις.
1461 4029 1505 4079 Sic
1521 4028 1587 4093 apud
1600 4029 1657 4078 Strt·

908 4091 1001 4143 bonam
1015 4102 1155 4164 praepetis
1167 4107 1235 4147 reete
1246 4096 1422 4150 emendatum
1435 4113 1476 4152 est
1488 4110 1571 4172 spreta.
1579 4104 1655 4155 senia

908 4167 1082 4220 etholemreo
1091 4181 1117 4219 et
1135 4172 1220 4232 Livio,
1237 4171 1462 4226 Cenomanorum
1483 4190 1561 4242 caput
1581 4179 1657 4233 estin

907 4242 983 4293 ltalia
995 4245 1169 4294 homanorum
1179 4244 1290 4306 colonia,
1302 4245 1352 4296 sub
1364 4250 1532 4303 Venetorum
1543 4252 1657 4303 dominatu

908 4315 1031 4382 populosa
1060 4320 1149 4369 civitas
1167 4335 1183 4368 a
1201 4319 1322 4371 Leandro
1342 4322 1459 4375 Bmcr'a
1479 4326 1584 4381 dicitur,
1595 4328 1659 4390 liujus

907 4389 1043 4444 Gautleatii
1053 4395 1278 4459 Brinianiepiscopi
1290 4410 1400 4449 exstant
1408 4401 1475 4451 rarii
1488 4414 1608 4452 tractatus
1617 4405 1658 4452 sire

907 4481 1035 4515 sermones
1054 4468 1079 4516 in
1091 4466 1206 4517 Exodum
1216 4480 1244 4518 et
1254 4470 1281 4517 in
1301 4471 1448 4539 Evangelia
1464 4477 1543 4528 Tom.
1555 4479 1569 4525 2
1581 4476 1658 4526 Biblio-

908 4539 986 4590 thecre
997 4540 1110 4602 Putrum,
1119 4544 1144 4591 in
1154 4559 1261 4608 quorum
1270 4544 1430 4609 praelatione
1447 4561 1565 4617 tempore
1575 4554 1599 4605 S.
1610 4558 1657 4603 tm·

907 4612 989 4664 brosii
1000 4631 1026 4665 se
1037 4617 1129 4666 vixisse
1140 4628 1256 4667 testatur.

946 4690 975 4739 P.
990 4692 1051 4741 707.
1065 4695 1091 4739 Α,
1106 4693 1129 4743 l.
1153 4690 1295 4756 harpruclar
1315 4711 1426 4760 nomen,
1440 4698 1476 4751 ad
1495 4718 1572 4767 ιῐιιεπι
1593 4705 1657 4754 nior

906 4774 966 4813 srtnt
980 4765 1129 4829 epistolrr96
1141 4769 1230 4830 estut,
1241 4765 1378 4820 alibrariis
1386 4774 1556 4827 immutatum
1567 4781 1655 4831 tahar.

906 4854 964 4888 eum
978 4838 1111 4889 verisimile
1120 4839 1153 4890 sit
1163 4857 1218 4890 eam
1232 4838 1349 4903 indicari,
1363 4863 1447 4913 quam
1459 4850 1593 4902 Proculam
1601 4852 1655 4903 indi-

905 4913 971 4979 gitat
982 4912 1089 4964 Palladii
1114 4914 1232 4981 Dialogus
1250 4915 1291 4967 his
1301 4917 1405 4970 verbis:
1423 4922 1567 4992 Ingrrssus
1586 4940 1652 4977 auen

906 4986 1080 5055 baptisterium
1088 4989 1271 5058 Olrmpiadent
1280 5005 1366 5057 cocat,
1379 5014 1445 5063 quoe
1452 5000 1488 5049 ab
1494 5003 1653 5054 Ecclesirnar

905 5061 1059 5126 discedebat,
1071 5081 1124 5114 una
1135 5075 1160 5114 et
1167 5063 1326 5116 Pentadiarn
1337 5080 1364 5118 et
1372 5070 1523 5125 Proculam
1534 5078 1652 5130 dmm.

905 5135 1093 5205 Spirirrarnque
1107 5138 1175 5189 beati
1186 5139 1307 5191 Nebridii
1313 5143 1464 5214 conjugem.
1473 5150 1488 5177 “
1499 5151 1585 5221 lange
1594 5150 1653 5201 abo

904 5221 945 5261 rat
955 5208 997 5265 lric
1008 5212 1154 5281 conjectus
1164 5215 1312 5282 Frontonis,
1332 5221 1385 5284 qui
1402 5222 1580 5292 Amprrrelarr
1596 5225 1650 5275 burt
