<?xml version="1.0" encoding="UTF-8"?>
<!DOCTYPE html PUBLIC "-//W3C//DTD XHTML 1.0 Transitional//EN"
    "http://www.w3.org/TR/xhtml1/DTD/xhtml1-transitional.dtd">
<html xmlns="http://www.w3.org/1999/xhtml" xml:lang="en" lang="en">
 <head>
  <title>
</title>
<meta http-equiv="Content-Type" content="text/html;charset=utf-8" />
  <meta name='ocr-system' content='tesseract 3.04.00' />
  <meta name='ocr-capabilities' content='ocr_page ocr_carea ocr_par ocr_line ocrx_word'/>
</head>
<body>
  <div class='ocr_page' id='page_1' title='image "./sanctipatrisnos03chrygoog_0721.png"; bbox 0 0 3764 5992; ppageno 0'>
   <div class='ocr_carea' id='block_1_1' title="bbox 736 485 1603 575">
    <p class='ocr_par' dir='ltr' id='par_1_1' title="bbox 736 485 1603 575">
     <span class='ocr_line' id='line_1_1' title="bbox 736 485 1603 575; baseline 0.012 -33"><span class='ocrx_word' id='word_1_1' title='bbox 736 490 914 544; x_wconf 72' lang='lat' dir='ltr'><strong>lestarona.</strong></span> <span class='ocrx_word' id='word_1_2' title='bbox 1532 485 1603 575; x_wconf 66' lang='lat'><strong>713</strong></span> 
     </span>
    </p>
   </div>
   <div class='ocr_carea' id='block_1_2' title="bbox 53 615 1684 4460">
    <p class='ocr_par' dir='ltr' id='par_1_2' title="bbox 53 615 1684 4460">
     <span class='ocr_line' id='line_1_2' title="bbox 56 615 1598 707; baseline 0.006 -31"><span class='ocrx_word' id='word_1_3' title='bbox 56 619 86 676; x_wconf 80' lang='grc' dir='ltr'><strong>οὐ</strong></span> <span class='ocrx_word' id='word_1_4' title='bbox 101 615 262 697; x_wconf 76' lang='grc' dir='ltr'>βαλανείων,</span> <span class='ocrx_word' id='word_1_5' title='bbox 275 618 323 678; x_wconf 80' lang='grc' dir='ltr'>οὐκ</span> <span class='ocrx_word' id='word_1_6' title='bbox 331 619 503 692; x_wconf 79' lang='grc' dir='ltr'>ἐπιτηδείων,</span> <span class='ocrx_word' id='word_1_7' title='bbox 513 623 542 680; x_wconf 83' lang='grc' dir='ltr'><strong>οὗ</strong></span> <span class='ocrx_word' id='word_1_8' title='bbox 552 623 600 692; x_wconf 69' lang='grc' dir='ltr'><strong>τῆς</strong></span> <span class='ocrx_word' id='word_1_9' title='bbox 609 618 691 693; x_wconf 82' lang='grc' dir='ltr'>ἀλλης</span> <span class='ocrx_word' id='word_1_10' title='bbox 702 618 829 692; x_wconf 84' lang='grc' dir='ltr'>ἀνέσεως,</span> <span class='ocrx_word' id='word_1_11' title='bbox 884 620 1014 680; x_wconf 81' lang='lat' dir='ltr'><strong>stomachi</strong></span> <span class='ocrx_word' id='word_1_12' title='bbox 1028 622 1130 682; x_wconf 84' lang='lat' dir='ltr'><strong>morbis</strong></span> <span class='ocrx_word' id='word_1_13' title='bbox 1141 622 1271 685; x_wconf 79' lang='lat' dir='ltr'><strong>obsessus.</strong></span> <span class='ocrx_word' id='word_1_14' title='bbox 1282 624 1343 687; x_wconf 85' lang='lat' dir='ltr'><strong>lam</strong></span> <span class='ocrx_word' id='word_1_15' title='bbox 1357 646 1417 705; x_wconf 79' lang='lat' dir='ltr'><strong>quaa</strong></span> <span class='ocrx_word' id='word_1_16' title='bbox 1428 622 1495 686; x_wconf 87' lang='lat' dir='ltr'><strong>binc</strong></span> <span class='ocrx_word' id='word_1_17' title='bbox 1504 646 1598 707; x_wconf 80' lang='lat' dir='ltr'><strong>seque·</strong></span> 
     </span>
     <span class='ocr_line' id='line_1_3' title="bbox 57 710 1598 798; baseline 0.006 -28"><span class='ocrx_word' id='word_1_18' title='bbox 57 713 206 793; x_wconf 81' lang='grc' dir='ltr'>Ἰσαυρικοῦ</span> <span class='ocrx_word' id='word_1_19' title='bbox 214 710 294 790; x_wconf 80' lang='grc' dir='ltr'>ρόόου</span> <span class='ocrx_word' id='word_1_20' title='bbox 304 711 467 791; x_wconf 69' lang='grc' dir='ltr'>πανταχόθεν</span> <span class='ocrx_word' id='word_1_21' title='bbox 477 714 767 793; x_wconf 69' lang='grc' dir='ltr'>ἡμᾶςπολιορκοῦντος,</span> <span class='ocrx_word' id='word_1_22' title='bbox 776 714 829 770; x_wconf 87' lang='grc' dir='ltr'><strong>τῶν</strong></span> <span class='ocrx_word' id='word_1_23' title='bbox 883 714 1141 792; x_wconf 81' lang='lat' dir='ltr'><strong>rentur,rnnsidera,</strong></span> <span class='ocrx_word' id='word_1_24' title='bbox 1154 736 1248 798; x_wconf 80' lang='lat' dir='ltr'>nempe</span> <span class='ocrx_word' id='word_1_25' title='bbox 1259 737 1321 776; x_wconf 88' lang='lat' dir='ltr'><strong>cum</strong></span> <span class='ocrx_word' id='word_1_26' title='bbox 1333 737 1382 777; x_wconf 84' lang='lat' dir='ltr'><strong>neo</strong></span> <span class='ocrx_word' id='word_1_27' title='bbox 1392 716 1490 777; x_wconf 82' lang='lat' dir='ltr'><strong>medici</strong></span> <span class='ocrx_word' id='word_1_28' title='bbox 1499 732 1598 798; x_wconf 74' lang='lat' dir='ltr'><strong>praesto</strong></span> 
     </span>
     <span class='ocr_line' id='line_1_4' title="bbox 57 802 1597 888; baseline 0.006 -27"><span class='ocrx_word' id='word_1_29' title='bbox 57 802 146 861; x_wconf 90' lang='grc' dir='ltr'>σίλλων</span> <span class='ocrx_word' id='word_1_30' title='bbox 160 807 265 872; x_wconf 87' lang='grc' dir='ltr'>κακῶν,</span> <span class='ocrx_word' id='word_1_31' title='bbox 285 802 353 884; x_wconf 80' lang='grc' dir='ltr'>άπερ</span> <span class='ocrx_word' id='word_1_32' title='bbox 376 807 393 874; x_wconf 80' lang='grc' dir='ltr'>ἡ</span> <span class='ocrx_word' id='word_1_33' title='bbox 421 802 545 862; x_wconf 73' lang='grc' dir='ltr'>δυσκολία</span> <span class='ocrx_word' id='word_1_34' title='bbox 566 807 619 862; x_wconf 89' lang='grc' dir='ltr'><strong>τῶν</strong></span> <span class='ocrx_word' id='word_1_35' title='bbox 644 803 709 862; x_wconf 85' lang='grc' dir='ltr'>ὁδῶν</span> <span class='ocrx_word' id='word_1_36' title='bbox 730 802 827 863; x_wconf 76' lang='grc' dir='ltr'>τίκτειν</span> <span class='ocrx_word' id='word_1_37' title='bbox 883 820 978 877; x_wconf 81' lang='lat' dir='ltr'><strong>essent,</strong></span> <span class='ocrx_word' id='word_1_38' title='bbox 994 828 1043 866; x_wconf 86' lang='lat' dir='ltr'><strong>nec</strong></span> <span class='ocrx_word' id='word_1_39' title='bbox 1055 806 1162 885; x_wconf 83' lang='lat' dir='ltr'><strong>balnea,</strong></span> <span class='ocrx_word' id='word_1_40' title='bbox 1180 829 1229 868; x_wconf 90' lang='lat' dir='ltr'><strong>nec</strong></span> <span class='ocrx_word' id='word_1_41' title='bbox 1242 829 1284 867; x_wconf 86' lang='lat' dir='ltr'><strong>res</strong></span> <span class='ocrx_word' id='word_1_42' title='bbox 1305 809 1471 888; x_wconf 61' lang='lat' dir='ltr'><strong>necesaria,</strong></span> <span class='ocrx_word' id='word_1_43' title='bbox 1483 830 1532 870; x_wconf 83' lang='lat' dir='ltr'><strong>nee</strong></span> <span class='ocrx_word' id='word_1_44' title='bbox 1543 810 1597 871; x_wconf 87' lang='lat' dir='ltr'><strong>alia</strong></span> 
     </span>
     <span class='ocr_line' id='line_1_5' title="bbox 57 892 1598 976; baseline 0.004 -24"><span class='ocrx_word' id='word_1_45' title='bbox 57 892 150 966; x_wconf 82' lang='grc' dir='ltr'>εἴωθε,</span> <span class='ocrx_word' id='word_1_46' title='bbox 174 895 322 974; x_wconf 68' lang='grc' dir='ltr'>φροντίδος,</span> <span class='ocrx_word' id='word_1_47' title='bbox 346 894 488 973; x_wconf 78' lang='grc' dir='ltr'>μερίμνης,</span> <span class='ocrx_word' id='word_1_48' title='bbox 506 895 634 972; x_wconf 79' lang='grc' dir='ltr'>ἀθυμίας,</span> <span class='ocrx_word' id='word_1_49' title='bbox 650 895 762 974; x_wconf 77' lang='grc' dir='ltr'>ίρημίας</span> <span class='ocrx_word' id='word_1_50' title='bbox 775 900 828 955; x_wconf 84' lang='grc' dir='ltr'><strong>τῶν</strong></span> <span class='ocrx_word' id='word_1_51' title='bbox 883 894 1032 971; x_wconf 85' lang='lat' dir='ltr'><strong>commoda,</strong></span> <span class='ocrx_word' id='word_1_52' title='bbox 1054 916 1085 954; x_wconf 83' lang='lat' dir='ltr'><strong>ac</strong></span> <span class='ocrx_word' id='word_1_53' title='bbox 1110 911 1237 976; x_wconf 75' lang='lat' dir='ltr'><strong>praeterea</strong></span> <span class='ocrx_word' id='word_1_54' title='bbox 1258 899 1415 957; x_wconf 79' lang='lat' dir='ltr'><strong>Isaurorum</strong></span> <span class='ocrx_word' id='word_1_55' title='bbox 1440 909 1528 957; x_wconf 86' lang='lat' dir='ltr'><strong>motus</strong></span> <span class='ocrx_word' id='word_1_56' title='bbox 1548 919 1598 958; x_wconf 88' lang='lat' dir='ltr'><strong>uos</strong></span> 
     </span>
     <span class='ocr_line' id='line_1_6' title="bbox 56 985 1598 1069; baseline 0.003 -25"><span class='ocrx_word' id='word_1_57' title='bbox 56 985 279 1067; x_wconf 89' lang='grc' dir='ltr'>θεραπευσόντων.</span> <span class='ocrx_word' id='word_1_58' title='bbox 293 985 372 1046; x_wconf 69' lang='lat' dir='ltr'><strong>utta</strong></span> <span class='ocrx_word' id='word_1_59' title='bbox 382 991 427 1044; x_wconf 82' lang='grc' dir='ltr'><strong>νῦν</strong></span> <span class='ocrx_word' id='word_1_60' title='bbox 442 987 546 1045; x_wconf 77' lang='grc' dir='ltr'>ἅπαντα</span> <span class='ocrx_word' id='word_1_61' title='bbox 557 992 641 1045; x_wconf 82' lang='grc' dir='ltr'>ταῦτα</span> <span class='ocrx_word' id='word_1_62' title='bbox 650 986 767 1046; x_wconf 84' lang='grc' dir='ltr'>λέλυται.</span> <span class='ocrx_word' id='word_1_63' title='bbox 780 990 828 1055; x_wconf 85' lang='grc' dir='ltr'><strong>Εἰς</strong></span> <span class='ocrx_word' id='word_1_64' title='bbox 883 985 1001 1066; x_wconf 89' lang='lat' dir='ltr'><strong>undique</strong></span> <span class='ocrx_word' id='word_1_65' title='bbox 1011 1002 1151 1069; x_wconf 67' lang='lat' dir='ltr'><strong>promeret,</strong></span> <span class='ocrx_word' id='word_1_66' title='bbox 1159 989 1264 1068; x_wconf 81' lang='lat' dir='ltr'><strong>aliaque</strong></span> <span class='ocrx_word' id='word_1_67' title='bbox 1273 991 1342 1048; x_wconf 88' lang='lat' dir='ltr'><strong>mala</strong></span> <span class='ocrx_word' id='word_1_68' title='bbox 1351 1010 1410 1068; x_wconf 83' lang='lat' dir='ltr'><strong>quae</strong></span> <span class='ocrx_word' id='word_1_69' title='bbox 1422 1011 1458 1049; x_wconf 84' lang='lat' dir='ltr'><strong>ex</strong></span> <span class='ocrx_word' id='word_1_70' title='bbox 1470 989 1598 1050; x_wconf 88' lang='lat' dir='ltr'><strong>itinerum</strong></span> 
     </span>
     <span class='ocr_line' id='line_1_7' title="bbox 55 1076 1599 1159; baseline 0.003 -24"><span class='ocrx_word' id='word_1_71' title='bbox 55 1076 110 1157; x_wconf 77' lang='grc' dir='ltr'><strong>γὰρ</strong></span> <span class='ocrx_word' id='word_1_72' title='bbox 123 1076 169 1149; x_wconf 80' lang='grc' dir='ltr'><strong>τὴν</strong></span> <span class='ocrx_word' id='word_1_73' title='bbox 185 1077 332 1137; x_wconf 83' lang='grc' dir='ltr'>Κουκουσδν</span> <span class='ocrx_word' id='word_1_74' title='bbox 345 1076 474 1151; x_wconf 82' lang='grc' dir='ltr'>ἐλθόντες,</span> <span class='ocrx_word' id='word_1_75' title='bbox 488 1077 536 1150; x_wconf 74' lang='grc' dir='ltr'><strong>τίν</strong></span> <span class='ocrx_word' id='word_1_76' title='bbox 550 1101 579 1136; x_wconf 92' lang='grc' dir='ltr'><strong>τε</strong></span> <span class='ocrx_word' id='word_1_77' title='bbox 592 1077 740 1159; x_wconf 71' lang='grc' dir='ltr'>ἀρρωστίαν</span> <span class='ocrx_word' id='word_1_78' title='bbox 752 1078 826 1138; x_wconf 79' lang='grc' dir='ltr'>ἀπα-</span> <span class='ocrx_word' id='word_1_79' title='bbox 883 1077 1044 1138; x_wconf 81' lang='lat' dir='ltr'><strong>difficultate</strong></span> <span class='ocrx_word' id='word_1_80' title='bbox 1052 1079 1125 1138; x_wconf 86' lang='lat' dir='ltr'><strong>nasci</strong></span> <span class='ocrx_word' id='word_1_81' title='bbox 1133 1093 1339 1155; x_wconf 74' lang='lat' dir='ltr'><strong>consueverunt,</strong></span> <span class='ocrx_word' id='word_1_82' title='bbox 1349 1080 1400 1140; x_wconf 89' lang='lat' dir='ltr'><strong>hoc</strong></span> <span class='ocrx_word' id='word_1_83' title='bbox 1410 1094 1450 1140; x_wconf 89' lang='lat' dir='ltr'><strong>est</strong></span> <span class='ocrx_word' id='word_1_84' title='bbox 1459 1100 1534 1156; x_wconf 80' lang='grc' dir='ltr'>σιιτε,</span> <span class='ocrx_word' id='word_1_85' title='bbox 1546 1080 1599 1140; x_wconf 91' lang='lat' dir='ltr'><strong>sol-</strong></span> 
     </span>
     <span class='ocr_line' id='line_1_8' title="bbox 55 1167 1599 1253; baseline 0.003 -27"><span class='ocrx_word' id='word_1_86' title='bbox 55 1192 107 1226; x_wconf 86' lang='grc' dir='ltr'><strong>σαν</strong></span> <span class='ocrx_word' id='word_1_87' title='bbox 123 1169 272 1246; x_wconf 79' lang='grc' dir='ltr'>ἀπεθέμεθα</span> <span class='ocrx_word' id='word_1_88' title='bbox 293 1168 361 1248; x_wconf 78' lang='grc' dir='ltr'>μετὰ</span> <span class='ocrx_word' id='word_1_89' title='bbox 382 1172 434 1226; x_wconf 90' lang='grc' dir='ltr'><strong>τῶν</strong></span> <span class='ocrx_word' id='word_1_90' title='bbox 453 1169 602 1250; x_wconf 76' lang='grc' dir='ltr'>λειψάνων,</span> <span class='ocrx_word' id='word_1_91' title='bbox 622 1170 669 1229; x_wconf 89' lang='grc' dir='ltr'><strong>καί</strong></span> <span class='ocrx_word' id='word_1_92' title='bbox 698 1174 777 1248; x_wconf 76' lang='grc' dir='ltr'>ἐσμεν</span> <span class='ocrx_word' id='word_1_93' title='bbox 801 1175 827 1231; x_wconf 81' lang='grc' dir='ltr'>έν</span> <span class='ocrx_word' id='word_1_94' title='bbox 883 1167 1004 1246; x_wconf 88' lang='lat' dir='ltr'><strong>licitudo,</strong></span> <span class='ocrx_word' id='word_1_95' title='bbox 1029 1170 1112 1229; x_wconf 90' lang='lat' dir='ltr'><strong>animi</strong></span> <span class='ocrx_word' id='word_1_96' title='bbox 1136 1170 1323 1246; x_wconf 79' lang='lat' dir='ltr'><strong>consternatio,</strong></span> <span class='ocrx_word' id='word_1_97' title='bbox 1345 1171 1437 1253; x_wconf 91' lang='lat' dir='ltr'><strong>inopia</strong></span> <span class='ocrx_word' id='word_1_98' title='bbox 1458 1192 1563 1246; x_wconf 83' lang='lat' dir='ltr'><strong>eorum,</strong></span> <span class='ocrx_word' id='word_1_99' title='bbox 1580 1192 1599 1230; x_wconf 85' lang='lat' dir='ltr'><strong>a</strong></span> 
     </span>
     <span class='ocr_line' id='line_1_9' title="bbox 54 1260 1597 1345; baseline 0.005 -27"><span class='ocrx_word' id='word_1_100' title='bbox 54 1260 142 1341; x_wconf 76' lang='grc' dir='ltr'>ὑγιεία</span> <span class='ocrx_word' id='word_1_101' title='bbox 151 1261 340 1341; x_wconf 79' lang='grc' dir='ltr'>καθαρωτάτη,</span> <span class='ocrx_word' id='word_1_102' title='bbox 350 1266 397 1319; x_wconf 79' lang='grc' dir='ltr'><strong>τοῦ</strong></span> <span class='ocrx_word' id='word_1_103' title='bbox 409 1284 439 1320; x_wconf 90' lang='grc' dir='ltr'><strong>τε</strong></span> <span class='ocrx_word' id='word_1_104' title='bbox 448 1260 529 1341; x_wconf 79' lang='grc' dir='ltr'>ρόόου</span> <span class='ocrx_word' id='word_1_105' title='bbox 538 1264 590 1319; x_wconf 85' lang='grc' dir='ltr'><strong>τῶν</strong></span> <span class='ocrx_word' id='word_1_106' title='bbox 605 1262 731 1343; x_wconf 86' lang='grc' dir='ltr'>Ἰσαιίριον</span> <span class='ocrx_word' id='word_1_107' title='bbox 741 1264 828 1336; x_wconf 82' lang='grc' dir='ltr'>ἀπηλ·</span> <span class='ocrx_word' id='word_1_108' title='bbox 883 1261 983 1340; x_wconf 90' lang='lat' dir='ltr'><strong>quibus</strong></span> <span class='ocrx_word' id='word_1_109' title='bbox 996 1264 1084 1322; x_wconf 90' lang='lat' dir='ltr'><strong>curari</strong></span> <span class='ocrx_word' id='word_1_110' title='bbox 1098 1284 1212 1345; x_wconf 87' lang='lat' dir='ltr'><strong>possem.</strong></span> <span class='ocrx_word' id='word_1_111' title='bbox 1228 1266 1264 1323; x_wconf 78' lang='lat' dir='ltr'><strong>At</strong></span> <span class='ocrx_word' id='word_1_112' title='bbox 1276 1285 1348 1324; x_wconf 89' lang='lat' dir='ltr'><strong>nuno</strong></span> <span class='ocrx_word' id='word_1_113' title='bbox 1358 1265 1448 1324; x_wconf 89' lang='lat' dir='ltr'><strong>omnia</strong></span> <span class='ocrx_word' id='word_1_114' title='bbox 1460 1265 1521 1325; x_wconf 81' lang='lat' dir='ltr'><strong>baeo</strong></span> <span class='ocrx_word' id='word_1_115' title='bbox 1532 1284 1597 1326; x_wconf 74' lang='lat' dir='ltr'><strong>era·</strong></span> 
     </span>
     <span class='ocr_line' id='line_1_10' title="bbox 53 1350 1598 1433; baseline 0.003 -24"><span class='ocrx_word' id='word_1_116' title='bbox 53 1350 192 1430; x_wconf 82' lang='grc' dir='ltr'>λάγημεν,</span> <span class='ocrx_word' id='word_1_117' title='bbox 215 1354 318 1412; x_wconf 84' lang='grc' dir='ltr'>πολλῶν</span> <span class='ocrx_word' id='word_1_118' title='bbox 343 1354 453 1412; x_wconf 75' lang='grc' dir='ltr'>ἐνταῦθα</span> <span class='ocrx_word' id='word_1_119' title='bbox 475 1357 645 1433; x_wconf 81' lang='grc' dir='ltr'>στρατιωτῶν</span> <span class='ocrx_word' id='word_1_120' title='bbox 669 1354 765 1428; x_wconf 89' lang='grc' dir='ltr'>όντων,</span> <span class='ocrx_word' id='word_1_121' title='bbox 783 1356 828 1414; x_wconf 85' lang='grc' dir='ltr'><strong>καί</strong></span> <span class='ocrx_word' id='word_1_122' title='bbox 883 1368 1006 1413; x_wconf 87' lang='lat' dir='ltr'><strong>uuerunt.</strong></span> <span class='ocrx_word' id='word_1_123' title='bbox 1024 1356 1061 1414; x_wconf 93' lang='lat' dir='ltr'><strong>Ut</strong></span> <span class='ocrx_word' id='word_1_124' title='bbox 1071 1354 1142 1415; x_wconf 89' lang='lat' dir='ltr'><strong>enim</strong></span> <span class='ocrx_word' id='word_1_125' title='bbox 1154 1356 1291 1414; x_wconf 89' lang='lat' dir='ltr'><strong>Cucusum</strong></span> <span class='ocrx_word' id='word_1_126' title='bbox 1310 1355 1443 1427; x_wconf 79' lang='lat' dir='ltr'><strong>venimus,</strong></span> <span class='ocrx_word' id='word_1_127' title='bbox 1457 1369 1516 1415; x_wconf 91' lang='lat' dir='ltr'><strong>tum</strong></span> <span class='ocrx_word' id='word_1_128' title='bbox 1527 1376 1598 1419; x_wconf 87' lang='lat' dir='ltr'><strong>mor-</strong></span> 
     </span>
     <span class='ocr_line' id='line_1_11' title="bbox 53 1444 1644 1528; baseline 0.004 -27"><span class='ocrx_word' id='word_1_129' title='bbox 53 1444 158 1523; x_wconf 83' lang='grc' dir='ltr'>σςρόδρα</span> <span class='ocrx_word' id='word_1_130' title='bbox 171 1445 236 1524; x_wconf 88' lang='grc' dir='ltr'>πρδς</span> <span class='ocrx_word' id='word_1_131' title='bbox 251 1444 343 1510; x_wconf 69' lang='grc' dir='ltr'>αὐτοὺς</span> <span class='ocrx_word' id='word_1_132' title='bbox 358 1444 615 1524; x_wconf 79' lang='grc' dir='ltr'>παρατεταγμένων·</span> <span class='ocrx_word' id='word_1_133' title='bbox 627 1450 679 1505; x_wconf 92' lang='grc' dir='ltr'><strong>τῶν</strong></span> <span class='ocrx_word' id='word_1_134' title='bbox 689 1471 719 1506; x_wconf 87' lang='grc' dir='ltr'><strong>τε</strong></span> <span class='ocrx_word' id='word_1_135' title='bbox 732 1450 828 1520; x_wconf 83' lang='grc' dir='ltr'>έπετη-</span> <span class='ocrx_word' id='word_1_136' title='bbox 846 1455 865 1501; x_wconf 83' lang='grc' dir='ltr'><strong>Β</strong></span> <span class='ocrx_word' id='word_1_137' title='bbox 881 1445 949 1505; x_wconf 92' lang='lat' dir='ltr'><strong>bum</strong></span> <span class='ocrx_word' id='word_1_138' title='bbox 961 1469 1067 1506; x_wconf 90' lang='lat' dir='ltr'><strong>omnem</strong></span> <span class='ocrx_word' id='word_1_139' title='bbox 1084 1469 1138 1506; x_wconf 88' lang='lat' dir='ltr'><strong>una</strong></span> <span class='ocrx_word' id='word_1_140' title='bbox 1152 1469 1214 1506; x_wconf 87' lang='lat' dir='ltr'><strong>cum</strong></span> <span class='ocrx_word' id='word_1_141' title='bbox 1227 1447 1348 1527; x_wconf 88' lang='lat' dir='ltr'><strong>reliquiis</strong></span> <span class='ocrx_word' id='word_1_142' title='bbox 1359 1447 1516 1528; x_wconf 86' lang='lat' dir='ltr'><strong>abjecimus,</strong></span> <span class='ocrx_word' id='word_1_143' title='bbox 1530 1447 1598 1509; x_wconf 88' lang='lat' dir='ltr'><strong>inte·</strong></span> <span class='ocrx_word' id='word_1_144' title='bbox 1640 1510 1644 1516; x_wconf 73' lang='grc'>,</span> 
     </span>
     <span class='ocr_line' id='line_1_12' title="bbox 55 1532 1598 1617; baseline 0.006 -26"><span class='ocrx_word' id='word_1_145' title='bbox 55 1533 160 1604; x_wconf 79' lang='grc' dir='ltr'>δείωνὴ</span> <span class='ocrx_word' id='word_1_146' title='bbox 175 1532 284 1615; x_wconf 80' lang='grc' dir='ltr'>ἀρθονία</span> <span class='ocrx_word' id='word_1_147' title='bbox 297 1535 424 1594; x_wconf 77' lang='grc' dir='ltr'>πάντοθεν</span> <span class='ocrx_word' id='word_1_148' title='bbox 439 1540 504 1614; x_wconf 79' lang='grc' dir='ltr'>ἡμῖν</span> <span class='ocrx_word' id='word_1_149' title='bbox 513 1538 627 1616; x_wconf 76' lang='grc' dir='ltr'>ἐπιρρεῖ,</span> <span class='ocrx_word' id='word_1_150' title='bbox 642 1536 748 1596; x_wconf 88' lang='grc' dir='ltr'>πάντων</span> <span class='ocrx_word' id='word_1_151' title='bbox 760 1536 827 1614; x_wconf 87' lang='grc' dir='ltr'>μετδι</span> <span class='ocrx_word' id='word_1_152' title='bbox 883 1538 1051 1617; x_wconf 77' lang='lat' dir='ltr'><strong>gerrimaque</strong></span> <span class='ocrx_word' id='word_1_153' title='bbox 1067 1538 1223 1598; x_wconf 82' lang='lat' dir='ltr'><strong>valetudine</strong></span> <span class='ocrx_word' id='word_1_154' title='bbox 1236 1537 1365 1616; x_wconf 79' lang='lat' dir='ltr'><strong>fruimur,</strong></span> <span class='ocrx_word' id='word_1_155' title='bbox 1376 1538 1598 1600; x_wconf 88' lang='lat' dir='ltr'><strong>tumlsaurorum</strong></span> 
     </span>
     <span class='ocr_line' id='line_1_13' title="bbox 55 1626 1600 1711; baseline 0.003 -25"><span class='ocrx_word' id='word_1_156' title='bbox 55 1626 144 1700; x_wconf 84' lang='grc' dir='ltr'>πάσης</span> <span class='ocrx_word' id='word_1_157' title='bbox 159 1627 261 1693; x_wconf 74' lang='grc' dir='ltr'>εὐνοίας</span> <span class='ocrx_word' id='word_1_158' title='bbox 283 1631 354 1705; x_wconf 73' lang='grc' dir='ltr'>ἡμᾶς</span> <span class='ocrx_word' id='word_1_159' title='bbox 377 1627 594 1708; x_wconf 66' lang='grc' dir='ltr'>ἀποδεχομένων,</span> <span class='ocrx_word' id='word_1_160' title='bbox 615 1628 701 1688; x_wconf 85' lang='grc' dir='ltr'>καίτοι</span> <span class='ocrx_word' id='word_1_161' title='bbox 726 1630 827 1710; x_wconf 82' lang='grc' dir='ltr'>σρόδρα</span> <span class='ocrx_word' id='word_1_162' title='bbox 882 1642 955 1688; x_wconf 84' lang='lat' dir='ltr'><strong>metu</strong></span> <span class='ocrx_word' id='word_1_163' title='bbox 964 1628 1083 1690; x_wconf 72' lang='lat' dir='ltr'><strong>defuncti</strong></span> <span class='ocrx_word' id='word_1_164' title='bbox 1097 1651 1202 1707; x_wconf 83' lang='lat' dir='ltr'><strong>sumus,</strong></span> <span class='ocrx_word' id='word_1_165' title='bbox 1213 1631 1315 1711; x_wconf 86' lang='lat' dir='ltr'><strong>quippe</strong></span> <span class='ocrx_word' id='word_1_166' title='bbox 1327 1651 1390 1689; x_wconf 88' lang='lat' dir='ltr'><strong>cum</strong></span> <span class='ocrx_word' id='word_1_167' title='bbox 1398 1632 1479 1691; x_wconf 91' lang='lat' dir='ltr'><strong>multi</strong></span> <span class='ocrx_word' id='word_1_168' title='bbox 1491 1632 1537 1692; x_wconf 88' lang='lat' dir='ltr'><strong>bic</strong></span> <span class='ocrx_word' id='word_1_169' title='bbox 1547 1632 1600 1691; x_wconf 89' lang='lat' dir='ltr'><strong>mi·</strong></span> 
     </span>
     <span class='ocr_line' id='line_1_14' title="bbox 56 1718 1598 1803; baseline 0.003 -25"><span class='ocrx_word' id='word_1_170' title='bbox 56 1720 220 1798; x_wconf 79' lang='grc' dir='ltr'>ἐρημοτάτων</span> <span class='ocrx_word' id='word_1_171' title='bbox 234 1720 307 1796; x_wconf 84' lang='grc' dir='ltr'>ὄντος</span> <span class='ocrx_word' id='word_1_172' title='bbox 320 1725 366 1778; x_wconf 81' lang='grc' dir='ltr'><strong>τοῦ</strong></span> <span class='ocrx_word' id='word_1_173' title='bbox 379 1718 489 1801; x_wconf 81' lang='grc' dir='ltr'>χοιρίον.</span> <span class='ocrx_word' id='word_1_174' title='bbox 506 1720 576 1780; x_wconf 78' lang='grc' dir='ltr'>Ἀλλ’</span> <span class='ocrx_word' id='word_1_175' title='bbox 591 1719 682 1800; x_wconf 79' lang='grc' dir='ltr'>ἔτυχεν</span> <span class='ocrx_word' id='word_1_176' title='bbox 698 1725 712 1780; x_wconf 85' lang='grc' dir='ltr'>δ</span> <span class='ocrx_word' id='word_1_177' title='bbox 729 1722 827 1782; x_wconf 86' lang='grc' dir='ltr'>δεσπό-</span> <span class='ocrx_word' id='word_1_178' title='bbox 881 1719 942 1780; x_wconf 87' lang='lat' dir='ltr'><strong>lites</strong></span> <span class='ocrx_word' id='word_1_179' title='bbox 951 1719 1016 1799; x_wconf 85' lang='lat' dir='ltr'><strong>sint,</strong></span> <span class='ocrx_word' id='word_1_180' title='bbox 1030 1735 1056 1782; x_wconf 88' lang='lat' dir='ltr'><strong>et</strong></span> <span class='ocrx_word' id='word_1_181' title='bbox 1070 1721 1181 1800; x_wconf 90' lang='lat' dir='ltr'><strong>quidem</strong></span> <span class='ocrx_word' id='word_1_182' title='bbox 1189 1722 1360 1803; x_wconf 89' lang='lat' dir='ltr'><strong>paratissimo</strong></span> <span class='ocrx_word' id='word_1_183' title='bbox 1374 1724 1476 1802; x_wconf 84' lang='lat' dir='ltr'><strong>animo,</strong></span> <span class='ocrx_word' id='word_1_184' title='bbox 1492 1737 1598 1783; x_wconf 86' lang='lat' dir='ltr'><strong>utrum</strong></span> 
     </span>
     <span class='ocr_line' id='line_1_15' title="bbox 54 1811 1599 1897; baseline 0.003 -26"><span class='ocrx_word' id='word_1_185' title='bbox 54 1837 104 1884; x_wconf 85' lang='grc' dir='ltr'><strong>της</strong></span> <span class='ocrx_word' id='word_1_186' title='bbox 119 1835 168 1890; x_wconf 88' lang='grc' dir='ltr'>μου</span> <span class='ocrx_word' id='word_1_187' title='bbox 180 1811 321 1892; x_wconf 81' lang='grc' dir='ltr'>Διόσκορος</span> <span class='ocrx_word' id='word_1_188' title='bbox 334 1815 443 1872; x_wconf 77' lang='grc' dir='ltr'>ἐνταῦθα</span> <span class='ocrx_word' id='word_1_189' title='bbox 456 1811 506 1887; x_wconf 82' lang='grc' dir='ltr'><strong>ὧν,</strong></span> <span class='ocrx_word' id='word_1_190' title='bbox 517 1813 544 1881; x_wconf 91' lang='grc' dir='ltr'><strong>δς</strong></span> <span class='ocrx_word' id='word_1_191' title='bbox 559 1814 604 1873; x_wconf 87' lang='grc' dir='ltr'><strong>καί</strong></span> <span class='ocrx_word' id='word_1_192' title='bbox 618 1815 654 1882; x_wconf 85' lang='grc' dir='ltr'><strong>εἰς</strong></span> <span class='ocrx_word' id='word_1_193' title='bbox 665 1815 826 1897; x_wconf 82' lang='grc' dir='ltr'>Καισάρειαν</span> <span class='ocrx_word' id='word_1_194' title='bbox 881 1811 948 1891; x_wconf 87' lang='lat' dir='ltr'><strong>ipsis</strong></span> <span class='ocrx_word' id='word_1_195' title='bbox 968 1812 1113 1894; x_wconf 81' lang='lat' dir='ltr'><strong>confligant</strong></span> <span class='ocrx_word' id='word_1_196' title='bbox 1129 1837 1135 1871; x_wconf 88' lang='grc' dir='ltr'>ι</span> <span class='ocrx_word' id='word_1_197' title='bbox 1154 1835 1245 1873; x_wconf 89' lang='lat' dir='ltr'><strong>rerum</strong></span> <span class='ocrx_word' id='word_1_198' title='bbox 1264 1834 1371 1893; x_wconf 88' lang='lat' dir='ltr'><strong>quoque</strong></span> <span class='ocrx_word' id='word_1_199' title='bbox 1389 1815 1599 1875; x_wconf 83' lang='lat' dir='ltr'><strong>necessariarum</strong></span> 
     </span>
     <span class='ocr_line' id='line_1_16' title="bbox 55 1902 1599 1987; baseline 0.003 -26"><span class='ocrx_word' id='word_1_200' title='bbox 55 1903 210 1963; x_wconf 86' lang='grc' dir='ltr'>ἀπέστειλεν</span> <span class='ocrx_word' id='word_1_201' title='bbox 225 1902 328 1974; x_wconf 79' lang='grc' dir='ltr'>οἰκέτην</span> <span class='ocrx_word' id='word_1_202' title='bbox 349 1905 386 1970; x_wconf 91' lang='grc' dir='ltr'><strong>είς</strong></span> <span class='ocrx_word' id='word_1_203' title='bbox 406 1903 469 1963; x_wconf 83' lang='grc' dir='ltr'>αὐτὸ</span> <span class='ocrx_word' id='word_1_204' title='bbox 488 1912 580 1980; x_wconf 70' lang='grc' dir='ltr'>τοῦτο,</span> <span class='ocrx_word' id='word_1_205' title='bbox 602 1909 765 1987; x_wconf 84' lang='grc' dir='ltr'>παρακαλῶν</span> <span class='ocrx_word' id='word_1_206' title='bbox 781 1907 826 1967; x_wconf 85' lang='grc' dir='ltr'><strong>καί</strong></span> <span class='ocrx_word' id='word_1_207' title='bbox 882 1903 1599 1984; x_wconf 81' lang='lat' dir='ltr'><strong>copianobisundiquealssuit,omnibrssummaeum</strong></span> 
     </span>
     <span class='ocr_line' id='line_1_17' title="bbox 54 1994 1599 2079; baseline 0.002 -26"><span class='ocrx_word' id='word_1_208' title='bbox 54 1996 177 2074; x_wconf 87' lang='grc' dir='ltr'>δεόμενος</span> <span class='ocrx_word' id='word_1_209' title='bbox 192 1994 229 2074; x_wconf 76' lang='grc' dir='ltr'>μὴ</span> <span class='ocrx_word' id='word_1_210' title='bbox 241 2000 405 2075; x_wconf 81' lang='grc' dir='ltr'>προτιμῆσαι</span> <span class='ocrx_word' id='word_1_211' title='bbox 418 2000 466 2067; x_wconf 74' lang='grc' dir='ltr'><strong>τῆς</strong></span> <span class='ocrx_word' id='word_1_212' title='bbox 479 1999 558 2055; x_wconf 79' lang='grc' dir='ltr'>αὑτοῦ</span> <span class='ocrx_word' id='word_1_213' title='bbox 572 1997 656 2065; x_wconf 81' lang='grc' dir='ltr'>οἰκίας</span> <span class='ocrx_word' id='word_1_214' title='bbox 668 1999 770 2079; x_wconf 74' lang='grc' dir='ltr'>ἑτέραν,</span> <span class='ocrx_word' id='word_1_215' title='bbox 780 1999 826 2057; x_wconf 86' lang='grc' dir='ltr'><strong>καί</strong></span> <span class='ocrx_word' id='word_1_216' title='bbox 881 1995 1070 2057; x_wconf 84' lang='lat' dir='ltr'><strong>benevolentia</strong></span> <span class='ocrx_word' id='word_1_217' title='bbox 1087 2017 1133 2055; x_wconf 88' lang='lat' dir='ltr'><strong>nos</strong></span> <span class='ocrx_word' id='word_1_218' title='bbox 1153 1996 1359 2078; x_wconf 82' lang='lat' dir='ltr'><strong>excipientibus,</strong></span> <span class='ocrx_word' id='word_1_219' title='bbox 1375 1994 1479 2057; x_wconf 89' lang='lat' dir='ltr'><strong>etiamsi</strong></span> <span class='ocrx_word' id='word_1_220' title='bbox 1497 1996 1599 2076; x_wconf 82' lang='lat' dir='ltr'><strong>alioqui</strong></span> 
     </span>
     <span class='ocr_line' id='line_1_18' title="bbox 55 2084 1598 2169; baseline 0.002 -23"><span class='ocrx_word' id='word_1_221' title='bbox 55 2088 142 2169; x_wconf 85' lang='grc' dir='ltr'>έτεροι</span> <span class='ocrx_word' id='word_1_222' title='bbox 156 2089 182 2148; x_wconf 78' lang='grc' dir='ltr'><strong>δὲ</strong></span> <span class='ocrx_word' id='word_1_223' title='bbox 195 2087 307 2154; x_wconf 88' lang='grc' dir='ltr'>πλείους.</span> <span class='ocrx_word' id='word_1_224' title='bbox 317 2088 387 2148; x_wconf 82' lang='grc' dir='ltr'>Ἀλλ’</span> <span class='ocrx_word' id='word_1_225' title='bbox 402 2093 542 2166; x_wconf 84' lang='grc' dir='ltr'>ἀναγκαῖον</span> <span class='ocrx_word' id='word_1_226' title='bbox 552 2090 662 2168; x_wconf 78' lang='grc' dir='ltr'>ἐνόμισα</span> <span class='ocrx_word' id='word_1_227' title='bbox 675 2096 727 2150; x_wconf 83' lang='grc' dir='ltr'><strong>τῶν</strong></span> <span class='ocrx_word' id='word_1_228' title='bbox 739 2092 826 2151; x_wconf 64' lang='grc' dir='ltr'>ἄλλων</span> <span class='ocrx_word' id='word_1_229' title='bbox 881 2084 1078 2146; x_wconf 85' lang='lat' dir='ltr'><strong>desertissimas</strong></span> <span class='ocrx_word' id='word_1_230' title='bbox 1084 2088 1195 2148; x_wconf 88' lang='lat' dir='ltr'><strong>omnino</strong></span> <span class='ocrx_word' id='word_1_231' title='bbox 1208 2087 1253 2147; x_wconf 90' lang='lat' dir='ltr'><strong>bic</strong></span> <span class='ocrx_word' id='word_1_232' title='bbox 1265 2088 1341 2148; x_wconf 87' lang='lat' dir='ltr'><strong>loeus</strong></span> <span class='ocrx_word' id='word_1_233' title='bbox 1353 2089 1440 2149; x_wconf 74' lang='lat' dir='ltr'><strong>sitiit</strong></span> <span class='ocrx_word' id='word_1_234' title='bbox 1454 2110 1516 2148; x_wconf 90' lang='lat' dir='ltr'><strong>casu</strong></span> <span class='ocrx_word' id='word_1_235' title='bbox 1529 2111 1598 2169; x_wconf 90' lang='lat' dir='ltr'><strong>quo·</strong></span> 
     </span>
     <span class='ocr_line' id='line_1_19' title="bbox 53 2176 1600 2261; baseline 0.001 -21"><span class='ocrx_word' id='word_1_236' title='bbox 53 2186 146 2240; x_wconf 78' lang='grc' dir='ltr'>τοῦτον</span> <span class='ocrx_word' id='word_1_237' title='bbox 160 2184 339 2260; x_wconf 75' lang='grc' dir='ltr'>προτιμῆσαι,</span> <span class='ocrx_word' id='word_1_238' title='bbox 361 2178 407 2238; x_wconf 82' lang='grc' dir='ltr'><strong>καί</strong></span> <span class='ocrx_word' id='word_1_239' title='bbox 429 2178 600 2260; x_wconf 74' lang='grc' dir='ltr'>κατήχθημεν</span> <span class='ocrx_word' id='word_1_240' title='bbox 619 2185 646 2240; x_wconf 83' lang='grc' dir='ltr'>έν</span> <span class='ocrx_word' id='word_1_241' title='bbox 661 2191 715 2251; x_wconf 86' lang='grc' dir='ltr'>τοῖς</span> <span class='ocrx_word' id='word_1_242' title='bbox 735 2186 824 2243; x_wconf 79' lang='grc' dir='ltr'>αὐτοῦ.</span> <span class='ocrx_word' id='word_1_243' title='bbox 882 2177 946 2237; x_wconf 83' lang='lat' dir='ltr'><strong>dam</strong></span> <span class='ocrx_word' id='word_1_244' title='bbox 967 2176 1094 2237; x_wconf 86' lang='lat' dir='ltr'><strong>dominus</strong></span> <span class='ocrx_word' id='word_1_245' title='bbox 1121 2200 1197 2238; x_wconf 88' lang='lat' dir='ltr'><strong>meus</strong></span> <span class='ocrx_word' id='word_1_246' title='bbox 1212 2180 1359 2239; x_wconf 85' lang='lat' dir='ltr'><strong>Dioscorus</strong></span> <span class='ocrx_word' id='word_1_247' title='bbox 1387 2180 1433 2240; x_wconf 82' lang='lat' dir='ltr'><strong>bio</strong></span> <span class='ocrx_word' id='word_1_248' title='bbox 1455 2194 1524 2259; x_wconf 75' lang='lat' dir='ltr'><strong>etat,</strong></span> <span class='ocrx_word' id='word_1_249' title='bbox 1552 2182 1600 2261; x_wconf 86' lang='lat' dir='ltr'><strong>qui</strong></span> 
     </span>
     <span class='ocr_line' id='line_1_20' title="bbox 55 2269 1600 2354; baseline 0.003 -24"><span class='ocrx_word' id='word_1_250' title='bbox 55 2272 112 2330; x_wconf 80' lang='grc' dir='ltr'><strong>Καὶ</strong></span> <span class='ocrx_word' id='word_1_251' title='bbox 135 2270 222 2330; x_wconf 77' lang='grc' dir='ltr'>πάντα</span> <span class='ocrx_word' id='word_1_252' title='bbox 240 2276 305 2347; x_wconf 78' lang='grc' dir='ltr'>ἡμῖν</span> <span class='ocrx_word' id='word_1_253' title='bbox 320 2271 396 2339; x_wconf 84' lang='grc' dir='ltr'>αὐτὸς</span> <span class='ocrx_word' id='word_1_254' title='bbox 420 2270 537 2350; x_wconf 84' lang='grc' dir='ltr'>γίνεται,</span> <span class='ocrx_word' id='word_1_255' title='bbox 561 2275 597 2340; x_wconf 83' lang='grc' dir='ltr'><strong>ὡς</strong></span> <span class='ocrx_word' id='word_1_256' title='bbox 624 2273 669 2332; x_wconf 82' lang='grc' dir='ltr'><strong>καί</strong></span> <span class='ocrx_word' id='word_1_257' title='bbox 694 2274 827 2354; x_wconf 69' lang='grc' dir='ltr'>καταόοᾷν</span> <span class='ocrx_word' id='word_1_258' title='bbox 882 2270 962 2329; x_wconf 70' lang='lat' dir='ltr'><strong>eliam</strong></span> <span class='ocrx_word' id='word_1_259' title='bbox 980 2269 1112 2328; x_wconf 75' lang='lat' dir='ltr'><strong>famulum</strong></span> <span class='ocrx_word' id='word_1_260' title='bbox 1133 2270 1224 2329; x_wconf 73' lang='lat' dir='ltr'><strong>dedita</strong></span> <span class='ocrx_word' id='word_1_261' title='bbox 1244 2293 1324 2352; x_wconf 80' lang='lat' dir='ltr'><strong>opera</strong></span> <span class='ocrx_word' id='word_1_262' title='bbox 1346 2273 1494 2332; x_wconf 67' lang='lat' dir='ltr'><strong>Caesaream</strong></span> <span class='ocrx_word' id='word_1_263' title='bbox 1515 2272 1600 2349; x_wconf 79' lang='lat' dir='ltr'><strong>misit,</strong></span> 
     </span>
     <span class='ocr_line' id='line_1_21' title="bbox 57 2361 1600 2446; baseline 0 -23"><span class='ocrx_word' id='word_1_264' title='bbox 57 2368 138 2424; x_wconf 75' lang='grc' dir='ltr'>αὐτοῦ</span> <span class='ocrx_word' id='word_1_265' title='bbox 151 2366 282 2443; x_wconf 87' lang='grc' dir='ltr'>συνεχῶς,</span> <span class='ocrx_word' id='word_1_266' title='bbox 297 2362 341 2422; x_wconf 81' lang='grc' dir='ltr'><strong>διδ</strong></span> <span class='ocrx_word' id='word_1_267' title='bbox 354 2363 401 2436; x_wconf 79' lang='grc' dir='ltr'><strong>τὴν</strong></span> <span class='ocrx_word' id='word_1_268' title='bbox 416 2364 517 2435; x_wconf 69' lang='grc' dir='ltr'>πολλὴν</span> <span class='ocrx_word' id='word_1_269' title='bbox 533 2367 612 2426; x_wconf 77' lang='grc' dir='ltr'>αὐτοῦ</span> <span class='ocrx_word' id='word_1_270' title='bbox 625 2365 773 2446; x_wconf 69' lang='grc' dir='ltr'>δαθίλειαν,</span> <span class='ocrx_word' id='word_1_271' title='bbox 783 2365 828 2426; x_wconf 84' lang='grc' dir='ltr'><strong>καί</strong></span> <span class='ocrx_word' id='word_1_272' title='bbox 883 2375 1007 2442; x_wconf 81' lang='lat' dir='ltr'><strong>rogatum</strong></span> <span class='ocrx_word' id='word_1_273' title='bbox 1020 2375 1100 2439; x_wconf 90' lang='lat' dir='ltr'><strong>atque</strong></span> <span class='ocrx_word' id='word_1_274' title='bbox 1115 2361 1294 2439; x_wconf 85' lang='lat' dir='ltr'><strong>obsecratum,</strong></span> <span class='ocrx_word' id='word_1_275' title='bbox 1312 2384 1346 2423; x_wconf 91' lang='lat' dir='ltr'><strong>ne</strong></span> <span class='ocrx_word' id='word_1_276' title='bbox 1358 2362 1452 2422; x_wconf 86' lang='lat' dir='ltr'><strong>domui</strong></span> <span class='ocrx_word' id='word_1_277' title='bbox 1466 2384 1521 2423; x_wconf 78' lang='lat' dir='ltr'><strong>sua</strong></span> <span class='ocrx_word' id='word_1_278' title='bbox 1534 2364 1600 2423; x_wconf 91' lang='lat' dir='ltr'><strong>alte·</strong></span> 
     </span>
     <span class='ocr_line' id='line_1_22' title="bbox 57 2452 1599 2538; baseline 0.001 -26"><span class='ocrx_word' id='word_1_279' title='bbox 57 2455 106 2527; x_wconf 76' lang='grc' dir='ltr'><strong>τὴν</strong></span> <span class='ocrx_word' id='word_1_280' title='bbox 130 2455 266 2535; x_wconf 84' lang='grc' dir='ltr'>ἀρθσνίαν,</span> <span class='ocrx_word' id='word_1_281' title='bbox 283 2456 316 2527; x_wconf 76' lang='grc' dir='ltr'>ἣν</span> <span class='ocrx_word' id='word_1_282' title='bbox 332 2454 454 2534; x_wconf 77' lang='grc' dir='ltr'>βούλεται</span> <span class='ocrx_word' id='word_1_283' title='bbox 469 2457 607 2537; x_wconf 83' lang='grc' dir='ltr'>παρέχειν.</span> <span class='ocrx_word' id='word_1_284' title='bbox 626 2461 668 2517; x_wconf 81' lang='grc' dir='ltr'><strong>Δι’</strong></span> <span class='ocrx_word' id='word_1_285' title='bbox 682 2463 754 2537; x_wconf 73' lang='grc' dir='ltr'>ἡμᾶς</span> <span class='ocrx_word' id='word_1_286' title='bbox 768 2466 828 2538; x_wconf 74' lang='grc' dir='ltr'>γοῦν</span> <span class='ocrx_word' id='word_1_287' title='bbox 846 2472 866 2520; x_wconf 86' lang='lat' dir='ltr'><strong>c</strong></span> <span class='ocrx_word' id='word_1_288' title='bbox 884 2475 943 2513; x_wconf 89' lang='lat' dir='ltr'><strong>ram</strong></span> <span class='ocrx_word' id='word_1_289' title='bbox 955 2454 1113 2512; x_wconf 82' lang='lat' dir='ltr'><strong>anteferrem</strong></span> <span class='ocrx_word' id='word_1_290' title='bbox 1128 2475 1137 2529; x_wconf 86' lang='lat'>;</span> <span class='ocrx_word' id='word_1_291' title='bbox 1152 2452 1253 2532; x_wconf 86' lang='lat' dir='ltr'><strong>aliique</strong></span> <span class='ocrx_word' id='word_1_292' title='bbox 1267 2454 1331 2513; x_wconf 90' lang='lat' dir='ltr'><strong>item</strong></span> <span class='ocrx_word' id='word_1_293' title='bbox 1344 2454 1435 2536; x_wconf 85' lang='lat' dir='ltr'><strong>plures</strong></span> <span class='ocrx_word' id='word_1_294' title='bbox 1446 2454 1519 2514; x_wconf 87' lang='lat' dir='ltr'><strong>idem</strong></span> <span class='ocrx_word' id='word_1_295' title='bbox 1533 2455 1599 2514; x_wconf 84' lang='lat' dir='ltr'><strong>fece-</strong></span> 
     </span>
     <span class='ocr_line' id='line_1_23' title="bbox 55 2542 1602 2630; baseline 0.002 -26"><span class='ocrx_word' id='word_1_296' title='bbox 55 2546 103 2604; x_wconf 77' lang='grc' dir='ltr'><strong>καί</strong></span> <span class='ocrx_word' id='word_1_297' title='bbox 117 2545 229 2624; x_wconf 80' lang='grc' dir='ltr'>μετέστη</span> <span class='ocrx_word' id='word_1_298' title='bbox 245 2546 342 2627; x_wconf 78' lang='grc' dir='ltr'>χωρίον</span> <span class='ocrx_word' id='word_1_299' title='bbox 364 2549 453 2617; x_wconf 78' lang='grc' dir='ltr'>οἰκῶν,</span> <span class='ocrx_word' id='word_1_300' title='bbox 474 2546 542 2608; x_wconf 82' lang='grc' dir='ltr'>ὥστε</span> <span class='ocrx_word' id='word_1_301' title='bbox 565 2547 647 2608; x_wconf 82' lang='grc' dir='ltr'>παντί</span> <span class='ocrx_word' id='word_1_302' title='bbox 670 2555 829 2630; x_wconf 85' lang='grc' dir='ltr'>θεραπεῦσαι</span> <span class='ocrx_word' id='word_1_303' title='bbox 885 2557 958 2603; x_wconf 86' lang='lat' dir='ltr'><strong>runt.</strong></span> <span class='ocrx_word' id='word_1_304' title='bbox 974 2545 1078 2605; x_wconf 76' lang='lat' dir='ltr'><strong>Verum</strong></span> <span class='ocrx_word' id='word_1_305' title='bbox 1088 2543 1158 2603; x_wconf 90' lang='lat' dir='ltr'><strong>banc</strong></span> <span class='ocrx_word' id='word_1_306' title='bbox 1171 2542 1233 2603; x_wconf 88' lang='lat' dir='ltr'><strong>aliis</strong></span> <span class='ocrx_word' id='word_1_307' title='bbox 1245 2545 1441 2627; x_wconf 69' lang='lat' dir='ltr'><strong>praeferendam</strong></span> <span class='ocrx_word' id='word_1_308' title='bbox 1454 2547 1602 2606; x_wconf 85' lang='lat' dir='ltr'><strong>necessario</strong></span> 
     </span>
     <span class='ocr_line' id='line_1_24' title="bbox 54 2635 1600 2722; baseline 0.003 -27"><span class='ocrx_word' id='word_1_309' title='bbox 54 2637 162 2719; x_wconf 84' lang='grc' dir='ltr'>τρόπῳ,</span> <span class='ocrx_word' id='word_1_310' title='bbox 174 2638 221 2709; x_wconf 78' lang='grc' dir='ltr'><strong>τήν</strong></span> <span class='ocrx_word' id='word_1_311' title='bbox 235 2662 264 2696; x_wconf 91' lang='grc' dir='ltr'><strong>τε</strong></span> <span class='ocrx_word' id='word_1_312' title='bbox 279 2638 364 2697; x_wconf 77' lang='grc' dir='ltr'>οἰκίαν</span> <span class='ocrx_word' id='word_1_313' title='bbox 383 2643 448 2717; x_wconf 78' lang='grc' dir='ltr'>ἡμῖν</span> <span class='ocrx_word' id='word_1_314' title='bbox 471 2642 662 2710; x_wconf 81' lang='grc' dir='ltr'>κατασκευάζει</span> <span class='ocrx_word' id='word_1_315' title='bbox 686 2641 752 2722; x_wconf 85' lang='grc' dir='ltr'>πρδς</span> <span class='ocrx_word' id='word_1_316' title='bbox 774 2665 828 2722; x_wconf 81' lang='grc' dir='ltr'>χει·</span> <span class='ocrx_word' id='word_1_317' title='bbox 885 2635 953 2695; x_wconf 91' lang='lat' dir='ltr'><strong>mibi</strong></span> <span class='ocrx_word' id='word_1_318' title='bbox 970 2635 1124 2695; x_wconf 80' lang='lat' dir='ltr'><strong>existimavi</strong></span> <span class='ocrx_word' id='word_1_319' title='bbox 1136 2660 1143 2692; x_wconf 91' lang='lat'>:</span> <span class='ocrx_word' id='word_1_320' title='bbox 1157 2636 1247 2715; x_wconf 87' lang='lat' dir='ltr'><strong>itaqttc</strong></span> <span class='ocrx_word' id='word_1_321' title='bbox 1266 2635 1340 2718; x_wconf 88' lang='lat' dir='ltr'><strong>apud</strong></span> <span class='ocrx_word' id='word_1_322' title='bbox 1353 2654 1416 2697; x_wconf 86' lang='lat' dir='ltr'><strong>eum</strong></span> <span class='ocrx_word' id='word_1_323' title='bbox 1429 2637 1600 2699; x_wconf 81' lang='lat' dir='ltr'><strong>divertimus.</strong></span> 
     </span>
     <span class='ocr_line' id='line_1_25' title="bbox 58 2727 1602 2815; baseline 0.003 -28"><span class='ocrx_word' id='word_1_324' title='bbox 58 2734 137 2807; x_wconf 87' lang='grc' dir='ltr'>μῶνα</span> <span class='ocrx_word' id='word_1_325' title='bbox 151 2727 314 2802; x_wconf 84' lang='grc' dir='ltr'>ἐπιτηδείαν,</span> <span class='ocrx_word' id='word_1_326' title='bbox 325 2729 413 2789; x_wconf 87' lang='grc' dir='ltr'>πάντα</span> <span class='ocrx_word' id='word_1_327' title='bbox 424 2735 507 2790; x_wconf 88' lang='grc' dir='ltr'>ποιῶν</span> <span class='ocrx_word' id='word_1_328' title='bbox 521 2730 588 2810; x_wconf 73' lang='grc' dir='ltr'>ὑπὲρ</span> <span class='ocrx_word' id='word_1_329' title='bbox 601 2731 694 2793; x_wconf 87' lang='grc' dir='ltr'>τοότου</span> <span class='ocrx_word' id='word_1_330' title='bbox 706 2732 752 2791; x_wconf 81' lang='grc' dir='ltr'><strong>καί</strong></span> <span class='ocrx_word' id='word_1_331' title='bbox 762 2757 831 2815; x_wconf 85' lang='grc' dir='ltr'>πρα-</span> <span class='ocrx_word' id='word_1_332' title='bbox 887 2734 976 2808; x_wconf 79' lang='lat' dir='ltr'><strong>Atque</strong></span> <span class='ocrx_word' id='word_1_333' title='bbox 988 2728 1045 2809; x_wconf 89' lang='lat' dir='ltr'><strong>ipse</strong></span> <span class='ocrx_word' id='word_1_334' title='bbox 1055 2727 1132 2787; x_wconf 90' lang='lat' dir='ltr'><strong>nobis</strong></span> <span class='ocrx_word' id='word_1_335' title='bbox 1144 2727 1254 2806; x_wconf 88' lang='lat' dir='ltr'><strong>quidvis</strong></span> <span class='ocrx_word' id='word_1_336' title='bbox 1264 2743 1312 2805; x_wconf 86' lang='lat' dir='ltr'><strong>est,</strong></span> <span class='ocrx_word' id='word_1_337' title='bbox 1323 2730 1360 2788; x_wconf 88' lang='lat' dir='ltr'><strong>ita</strong></span> <span class='ocrx_word' id='word_1_338' title='bbox 1376 2743 1406 2789; x_wconf 87' lang='lat' dir='ltr'><strong>ut</strong></span> <span class='ocrx_word' id='word_1_339' title='bbox 1417 2731 1453 2789; x_wconf 92' lang='lat' dir='ltr'><strong>ob</strong></span> <span class='ocrx_word' id='word_1_340' title='bbox 1465 2729 1602 2811; x_wconf 77' lang='lat' dir='ltr'><strong>ingentem</strong></span> 
     </span>
     <span class='ocr_line' id='line_1_26' title="bbox 56 2819 1602 2905; baseline 0.003 -27"><span class='ocrx_word' id='word_1_341' title='bbox 56 2820 262 2901; x_wconf 86' lang='grc' dir='ltr'>γματευόμενος·</span> <span class='ocrx_word' id='word_1_342' title='bbox 278 2820 324 2880; x_wconf 83' lang='grc' dir='ltr'><strong>καί</strong></span> <span class='ocrx_word' id='word_1_343' title='bbox 339 2820 406 2889; x_wconf 71' lang='grc' dir='ltr'>ὅλως</span> <span class='ocrx_word' id='word_1_344' title='bbox 419 2820 490 2881; x_wconf 74' lang='grc' dir='ltr'>οὐδὲν</span> <span class='ocrx_word' id='word_1_345' title='bbox 506 2821 670 2883; x_wconf 79' lang='grc' dir='ltr'>ἐλλέλειπται</span> <span class='ocrx_word' id='word_1_346' title='bbox 691 2824 831 2905; x_wconf 86' lang='grc' dir='ltr'>θεραπείας</span> <span class='ocrx_word' id='word_1_347' title='bbox 886 2820 971 2901; x_wconf 89' lang='lat' dir='ltr'><strong>ipsius</strong></span> <span class='ocrx_word' id='word_1_348' title='bbox 984 2819 1175 2878; x_wconf 82' lang='lat' dir='ltr'><strong>liberalitatem</strong></span> <span class='ocrx_word' id='word_1_349' title='bbox 1188 2834 1214 2879; x_wconf 88' lang='lat' dir='ltr'><strong>et</strong></span> <span class='ocrx_word' id='word_1_350' title='bbox 1230 2821 1392 2900; x_wconf 77' lang='lat' dir='ltr'><strong>largitatem,</strong></span> <span class='ocrx_word' id='word_1_351' title='bbox 1408 2844 1460 2902; x_wconf 87' lang='lat' dir='ltr'><strong>qua</strong></span> <span class='ocrx_word' id='word_1_352' title='bbox 1476 2844 1540 2904; x_wconf 76' lang='lat' dir='ltr'><strong>erga</strong></span> <span class='ocrx_word' id='word_1_353' title='bbox 1554 2845 1602 2884; x_wconf 91' lang='lat' dir='ltr'><strong>nos</strong></span> 
     </span>
     <span class='ocr_line' id='line_1_27' title="bbox 59 2910 1603 2997; baseline 0.002 -25"><span class='ocrx_word' id='word_1_354' title='bbox 59 2914 156 2972; x_wconf 81' lang='grc' dir='ltr'>ἕνεκεν.</span> <span class='ocrx_word' id='word_1_355' title='bbox 171 2913 224 2972; x_wconf 81' lang='grc' dir='ltr'><strong>Καὶ</strong></span> <span class='ocrx_word' id='word_1_356' title='bbox 238 2911 322 2992; x_wconf 86' lang='grc' dir='ltr'>έτεροι</span> <span class='ocrx_word' id='word_1_357' title='bbox 338 2910 467 2972; x_wconf 81' lang='grc' dir='ltr'>δὲπολλοί</span> <span class='ocrx_word' id='word_1_358' title='bbox 482 2914 618 2996; x_wconf 78' lang='grc' dir='ltr'>ἐπίτροποι</span> <span class='ocrx_word' id='word_1_359' title='bbox 627 2914 673 2975; x_wconf 83' lang='grc' dir='ltr'><strong>καί</strong></span> <span class='ocrx_word' id='word_1_360' title='bbox 683 2914 830 2993; x_wconf 84' lang='grc' dir='ltr'>οἰκονόμοι,</span> <span class='ocrx_word' id='word_1_361' title='bbox 887 2914 925 2973; x_wconf 88' lang='lat' dir='ltr'><strong>uti</strong></span> <span class='ocrx_word' id='word_1_362' title='bbox 935 2911 1019 2994; x_wconf 88' lang='lat' dir='ltr'><strong>cupit,</strong></span> <span class='ocrx_word' id='word_1_363' title='bbox 1027 2926 1156 2993; x_wconf 89' lang='lat' dir='ltr'><strong>perpetuo</strong></span> <span class='ocrx_word' id='word_1_364' title='bbox 1165 2933 1228 2972; x_wconf 89' lang='lat' dir='ltr'><strong>cum</strong></span> <span class='ocrx_word' id='word_1_365' title='bbox 1238 2914 1603 2997; x_wconf 85' lang='lat' dir='ltr'><strong>eoexpostulemus.Quippc</strong></span> 
     </span>
     <span class='ocr_line' id='line_1_28' title="bbox 58 3002 1684 3086; baseline 0.002 -22"><span class='ocrx_word' id='word_1_366' title='bbox 58 3005 134 3086; x_wconf 74' lang='grc' dir='ltr'>παρὰ</span> <span class='ocrx_word' id='word_1_367' title='bbox 160 3008 213 3062; x_wconf 87' lang='grc' dir='ltr'><strong>τῶν</strong></span> <span class='ocrx_word' id='word_1_368' title='bbox 231 3006 365 3063; x_wconf 85' lang='grc' dir='ltr'>δεσποτῶν</span> <span class='ocrx_word' id='word_1_369' title='bbox 390 3007 442 3063; x_wconf 81' lang='grc' dir='ltr'><strong>τῶν</strong></span> <span class='ocrx_word' id='word_1_370' title='bbox 464 3008 565 3064; x_wconf 83' lang='grc' dir='ltr'>έαυτῶν</span> <span class='ocrx_word' id='word_1_371' title='bbox 587 3006 765 3075; x_wconf 84' lang='grc' dir='ltr'>κελευσθέντες</span> <span class='ocrx_word' id='word_1_372' title='bbox 787 3007 831 3067; x_wconf 75' lang='grc' dir='ltr'><strong>διὰ</strong></span> <span class='ocrx_word' id='word_1_373' title='bbox 886 3017 976 3063; x_wconf 85' lang='lat' dir='ltr'><strong>nostra</strong></span> <span class='ocrx_word' id='word_1_374' title='bbox 991 3024 1070 3062; x_wconf 84' lang='lat' dir='ltr'><strong>causa</strong></span> <span class='ocrx_word' id='word_1_375' title='bbox 1082 3003 1162 3063; x_wconf 86' lang='lat' dir='ltr'><strong>etiarn</strong></span> <span class='ocrx_word' id='word_1_376' title='bbox 1174 3025 1207 3063; x_wconf 87' lang='lat' dir='ltr'><strong>ex</strong></span> <span class='ocrx_word' id='word_1_377' title='bbox 1218 3002 1324 3064; x_wconf 73' lang='lat' dir='ltr'><strong>aedibus</strong></span> <span class='ocrx_word' id='word_1_378' title='bbox 1333 3005 1390 3065; x_wconf 85' lang='lat' dir='ltr'><strong>suis</strong></span> <span class='ocrx_word' id='word_1_379' title='bbox 1404 3006 1432 3066; x_wconf 91' lang='lat' dir='ltr'><strong>in</strong></span> <span class='ocrx_word' id='word_1_380' title='bbox 1447 3007 1542 3067; x_wconf 82' lang='lat' dir='ltr'><strong>vtllam</strong></span> <span class='ocrx_word' id='word_1_381' title='bbox 1551 3008 1604 3067; x_wconf 89' lang='lat' dir='ltr'><strong>mi·</strong></span> <span class='ocrx_word' id='word_1_382' title='bbox 1681 3026 1684 3031; x_wconf 81' lang='grc'>·</span> 
     </span>
     <span class='ocr_line' id='line_1_29' title="bbox 59 3088 1604 3179; baseline 0.001 -24"><span class='ocrx_word' id='word_1_383' title='bbox 59 3088 240 3178; x_wconf 77' lang='grc' dir='ltr'>γραμμάτων,</span> <span class='ocrx_word' id='word_1_384' title='bbox 260 3101 376 3178; x_wconf 87' lang='grc' dir='ltr'>συνεχῶς</span> <span class='ocrx_word' id='word_1_385' title='bbox 405 3096 612 3177; x_wconf 75' lang='grc' dir='ltr'>παραγίνονται,</span> <span class='ocrx_word' id='word_1_386' title='bbox 638 3097 739 3178; x_wconf 80' lang='grc' dir='ltr'>έτυαμοι</span> <span class='ocrx_word' id='word_1_387' title='bbox 762 3100 831 3160; x_wconf 81' lang='grc' dir='ltr'><strong>κατά</strong></span> <span class='ocrx_word' id='word_1_388' title='bbox 887 3095 986 3175; x_wconf 83' lang='lat' dir='ltr'><strong>gravit,</strong></span> <span class='ocrx_word' id='word_1_389' title='bbox 1001 3108 1032 3153; x_wconf 89' lang='lat' dir='ltr'><strong>ut</strong></span> <span class='ocrx_word' id='word_1_390' title='bbox 1046 3094 1179 3154; x_wconf 87' lang='lat' dir='ltr'><strong>nosomni</strong></span> <span class='ocrx_word' id='word_1_391' title='bbox 1201 3095 1285 3155; x_wconf 79' lang='lat' dir='ltr'><strong>officii</strong></span> <span class='ocrx_word' id='word_1_392' title='bbox 1304 3117 1399 3176; x_wconf 81' lang='lat' dir='ltr'><strong>genere</strong></span> <span class='ocrx_word' id='word_1_393' title='bbox 1415 3097 1604 3179; x_wconf 85' lang='lat' dir='ltr'><strong>complectere-</strong></span> 
     </span>
     <span class='ocr_line' id='line_1_30' title="bbox 60 3184 1603 3269; baseline 0.001 -22"><span class='ocrx_word' id='word_1_394' title='bbox 60 3189 148 3249; x_wconf 83' lang='grc' dir='ltr'>πάντα</span> <span class='ocrx_word' id='word_1_395' title='bbox 170 3188 266 3269; x_wconf 84' lang='grc' dir='ltr'>τρόπον</span> <span class='ocrx_word' id='word_1_396' title='bbox 287 3195 360 3267; x_wconf 76' lang='grc' dir='ltr'>ἡμᾶς</span> <span class='ocrx_word' id='word_1_397' title='bbox 380 3192 544 3249; x_wconf 79' lang='grc' dir='ltr'>ἀναπαῦσαι.</span> <span class='ocrx_word' id='word_1_398' title='bbox 569 3193 663 3252; x_wconf 80' lang='grc' dir='ltr'>Ταῦτα</span> <span class='ocrx_word' id='word_1_399' title='bbox 692 3192 719 3254; x_wconf 72' lang='grc' dir='ltr'><strong>δὲ</strong></span> <span class='ocrx_word' id='word_1_400' title='bbox 743 3194 832 3255; x_wconf 78' lang='grc' dir='ltr'>πάντα</span> <span class='ocrx_word' id='word_1_401' title='bbox 886 3202 949 3247; x_wconf 84' lang='lat' dir='ltr'><strong>tur:</strong></span> <span class='ocrx_word' id='word_1_402' title='bbox 964 3202 1045 3267; x_wconf 87' lang='lat' dir='ltr'><strong>atque</strong></span> <span class='ocrx_word' id='word_1_403' title='bbox 1058 3187 1168 3269; x_wconf 89' lang='lat' dir='ltr'><strong>insuper</strong></span> <span class='ocrx_word' id='word_1_404' title='bbox 1178 3184 1289 3246; x_wconf 88' lang='lat' dir='ltr'><strong>domum</strong></span> <span class='ocrx_word' id='word_1_405' title='bbox 1305 3188 1381 3248; x_wconf 92' lang='lat' dir='ltr'><strong>nobis</strong></span> <span class='ocrx_word' id='word_1_406' title='bbox 1392 3188 1426 3248; x_wconf 92' lang='lat' dir='ltr'><strong>ad</strong></span> <span class='ocrx_word' id='word_1_407' title='bbox 1437 3189 1603 3249; x_wconf 86' lang='lat' dir='ltr'><strong>tolerandam</strong></span> 
     </span>
     <span class='ocr_line' id='line_1_31' title="bbox 61 3278 1605 3365; baseline 0.002 -28"><span class='ocrx_word' id='word_1_408' title='bbox 61 3281 168 3360; x_wconf 86' lang='grc' dir='ltr'>εἴρηκα,</span> <span class='ocrx_word' id='word_1_409' title='bbox 183 3279 229 3339; x_wconf 80' lang='grc' dir='ltr'><strong>καί</strong></span> <span class='ocrx_word' id='word_1_410' title='bbox 243 3280 277 3338; x_wconf 86' lang='grc' dir='ltr'><strong>τδι</strong></span> <span class='ocrx_word' id='word_1_411' title='bbox 292 3279 340 3357; x_wconf 78' lang='grc' dir='ltr'><strong>μὲν</strong></span> <span class='ocrx_word' id='word_1_412' title='bbox 359 3281 552 3359; x_wconf 85' lang='grc' dir='ltr'>ἀπωδυράμην,</span> <span class='ocrx_word' id='word_1_413' title='bbox 566 3281 600 3342; x_wconf 81' lang='grc' dir='ltr'>τά</span> <span class='ocrx_word' id='word_1_414' title='bbox 610 3284 739 3365; x_wconf 90' lang='grc' dir='ltr'>πρότερα,</span> <span class='ocrx_word' id='word_1_415' title='bbox 753 3283 786 3343; x_wconf 72' lang='lat' dir='ltr'><strong>ad</strong></span> <span class='ocrx_word' id='word_1_416' title='bbox 804 3284 831 3344; x_wconf 72' lang='grc' dir='ltr'><strong>δὲ</strong></span> <span class='ocrx_word' id='word_1_417' title='bbox 855 3342 858 3349; x_wconf 78' lang='grc'>,</span> <span class='ocrx_word' id='word_1_418' title='bbox 885 3278 1001 3339; x_wconf 82' lang='lat' dir='ltr'><strong>hiemem</strong></span> <span class='ocrx_word' id='word_1_419' title='bbox 1027 3278 1150 3338; x_wconf 84' lang='lat' dir='ltr'><strong>idoneam</strong></span> <span class='ocrx_word' id='word_1_420' title='bbox 1168 3279 1295 3352; x_wconf 84' lang='lat' dir='ltr'><strong>exstruit,</strong></span> <span class='ocrx_word' id='word_1_421' title='bbox 1311 3302 1362 3361; x_wconf 87' lang='lat' dir='ltr'><strong>pro</strong></span> <span class='ocrx_word' id='word_1_422' title='bbox 1380 3301 1463 3359; x_wconf 84' lang='lat' dir='ltr'><strong>eaque</strong></span> <span class='ocrx_word' id='word_1_423' title='bbox 1485 3302 1516 3340; x_wconf 86' lang='lat' dir='ltr'><strong>re</strong></span> <span class='ocrx_word' id='word_1_424' title='bbox 1534 3280 1605 3340; x_wconf 88' lang='lat' dir='ltr'><strong>nihil</strong></span> 
     </span>
     <span class='ocr_line' id='line_1_32' title="bbox 58 3364 1605 3454; baseline -0.001 -21"><span class='ocrx_word' id='word_1_425' title='bbox 58 3364 145 3445; x_wconf 75' lang='grc' dir='ltr'>εἷπον,</span> <span class='ocrx_word' id='word_1_426' title='bbox 158 3371 321 3453; x_wconf 81' lang='grc' dir='ltr'>τδιχρηστά,</span> <span class='ocrx_word' id='word_1_427' title='bbox 332 3371 375 3431; x_wconf 82' lang='grc' dir='ltr'><strong>ἵνα</strong></span> <span class='ocrx_word' id='word_1_428' title='bbox 388 3370 425 3449; x_wconf 74' lang='grc' dir='ltr'>μὴ</span> <span class='ocrx_word' id='word_1_429' title='bbox 438 3379 577 3453; x_wconf 85' lang='grc' dir='ltr'>προπετῶς</span> <span class='ocrx_word' id='word_1_430' title='bbox 587 3380 831 3454; x_wconf 65' lang='grc' dir='ltr'>ςιςήμᾶςένςεῦθεν</span> <span class='ocrx_word' id='word_1_431' title='bbox 847 3383 867 3428; x_wconf 82' lang='lat' dir='ltr'><strong>l)</strong></span> <span class='ocrx_word' id='word_1_432' title='bbox 886 3392 939 3430; x_wconf 89' lang='lat' dir='ltr'><strong>non</strong></span> <span class='ocrx_word' id='word_1_433' title='bbox 957 3371 1014 3450; x_wconf 78' lang='lat' dir='ltr'><strong>agit</strong></span> <span class='ocrx_word' id='word_1_434' title='bbox 1034 3392 1066 3429; x_wconf 87' lang='lat' dir='ltr'><strong>ac</strong></span> <span class='ocrx_word' id='word_1_435' title='bbox 1083 3370 1214 3448; x_wconf 85' lang='lat' dir='ltr'><strong>molitur;</strong></span> <span class='ocrx_word' id='word_1_436' title='bbox 1237 3369 1353 3450; x_wconf 89' lang='lat' dir='ltr'><strong>denique</strong></span> <span class='ocrx_word' id='word_1_437' title='bbox 1370 3371 1477 3430; x_wconf 85' lang='lat' dir='ltr'><strong>nullum</strong></span> <span class='ocrx_word' id='word_1_438' title='bbox 1495 3373 1605 3432; x_wconf 91' lang='lat' dir='ltr'><strong>omnino</strong></span> 
     </span>
     <span class='ocr_line' id='line_1_33' title="bbox 59 3461 1635 3546; baseline -0.002 -23"><span class='ocrx_word' id='word_1_439' title='bbox 59 3467 158 3545; x_wconf 80' lang='grc' dir='ltr'>ἐγείρῃ.</span> <span class='ocrx_word' id='word_1_440' title='bbox 174 3467 207 3523; x_wconf 83' lang='grc' dir='ltr'><strong>Εἰ</strong></span> <span class='ocrx_word' id='word_1_441' title='bbox 230 3463 339 3545; x_wconf 75' lang='grc' dir='ltr'>μίνγάρ</span> <span class='ocrx_word' id='word_1_442' title='bbox 364 3466 388 3523; x_wconf 84' lang='lat' dir='ltr'><strong>ol</strong></span> <span class='ocrx_word' id='word_1_443' title='bbox 414 3466 567 3543; x_wconf 86' lang='grc' dir='ltr'>βουλόμενοι</span> <span class='ocrx_word' id='word_1_444' title='bbox 595 3469 682 3528; x_wconf 81' lang='grc' dir='ltr'>δοῦναι</span> <span class='ocrx_word' id='word_1_445' title='bbox 697 3473 762 3546; x_wconf 76' lang='grc' dir='ltr'>ἡμῖν</span> <span class='ocrx_word' id='word_1_446' title='bbox 783 3468 832 3542; x_wconf 72' lang='grc' dir='ltr'><strong>τὴν</strong></span> <span class='ocrx_word' id='word_1_447' title='bbox 886 3463 969 3522; x_wconf 83' lang='lat' dir='ltr'><strong>officii</strong></span> <span class='ocrx_word' id='word_1_448' title='bbox 989 3482 1050 3541; x_wconf 82' lang='lat' dir='ltr'><strong>erga</strong></span> <span class='ocrx_word' id='word_1_449' title='bbox 1072 3482 1121 3520; x_wconf 89' lang='lat' dir='ltr'><strong>nos</strong></span> <span class='ocrx_word' id='word_1_450' title='bbox 1132 3482 1215 3540; x_wconf 77' lang='lat' dir='ltr'><strong>genus</strong></span> <span class='ocrx_word' id='word_1_451' title='bbox 1228 3461 1263 3520; x_wconf 89' lang='lat' dir='ltr'><strong>ab</strong></span> <span class='ocrx_word' id='word_1_452' title='bbox 1280 3462 1538 3542; x_wconf 82' lang='lat' dir='ltr'><strong>eopraetermissum</strong></span> <span class='ocrx_word' id='word_1_453' title='bbox 1555 3477 1604 3522; x_wconf 87' lang='lat' dir='ltr'><strong>est.</strong></span> <span class='ocrx_word' id='word_1_454' title='bbox 1626 3489 1635 3508; x_wconf 85' lang='lat'><strong>·</strong></span> 
     </span>
     <span class='ocr_line' id='line_1_34' title="bbox 58 3550 1605 3638; baseline -0.003 -23"><span class='ocrx_word' id='word_1_455' title='bbox 58 3557 154 3636; x_wconf 86' lang='grc' dir='ltr'>χάριν,</span> <span class='ocrx_word' id='word_1_456' title='bbox 166 3556 268 3636; x_wconf 87' lang='grc' dir='ltr'>κυρίους</span> <span class='ocrx_word' id='word_1_457' title='bbox 276 3562 348 3632; x_wconf 76' lang='grc' dir='ltr'>ἡμᾶς</span> <span class='ocrx_word' id='word_1_458' title='bbox 357 3566 454 3616; x_wconf 88' lang='grc' dir='ltr'>ποιοῖεν</span> <span class='ocrx_word' id='word_1_459' title='bbox 461 3565 508 3617; x_wconf 86' lang='grc' dir='ltr'><strong>τοῦ</strong></span> <span class='ocrx_word' id='word_1_460' title='bbox 515 3550 581 3618; x_wconf 73' lang='grc' dir='ltr'>εἶναι</span> <span class='ocrx_word' id='word_1_461' title='bbox 594 3557 660 3619; x_wconf 77' lang='grc' dir='ltr'>ὅπου</span> <span class='ocrx_word' id='word_1_462' title='bbox 676 3560 831 3638; x_wconf 83' lang='grc' dir='ltr'>βουλόμεθα,</span> <span class='ocrx_word' id='word_1_463' title='bbox 887 3552 931 3612; x_wconf 79' lang='lat' dir='ltr'><strong>Ad</strong></span> <span class='ocrx_word' id='word_1_464' title='bbox 945 3551 1003 3612; x_wconf 80' lang='lat' dir='ltr'><strong>ltaec</strong></span> <span class='ocrx_word' id='word_1_465' title='bbox 1014 3553 1135 3633; x_wconf 87' lang='lat' dir='ltr'><strong>plerique</strong></span> <span class='ocrx_word' id='word_1_466' title='bbox 1148 3551 1195 3610; x_wconf 88' lang='lat' dir='ltr'><strong>aiii</strong></span> <span class='ocrx_word' id='word_1_467' title='bbox 1210 3565 1398 3632; x_wconf 86' lang='lat' dir='ltr'><strong>procuratores</strong></span> <span class='ocrx_word' id='word_1_468' title='bbox 1410 3565 1437 3610; x_wconf 87' lang='lat' dir='ltr'><strong>et</strong></span> <span class='ocrx_word' id='word_1_469' title='bbox 1452 3573 1543 3612; x_wconf 86' lang='lat' dir='ltr'><strong>rerum</strong></span> <span class='ocrx_word' id='word_1_470' title='bbox 1556 3552 1605 3611; x_wconf 88' lang='lat' dir='ltr'><strong>ad·</strong></span> 
     </span>
     <span class='ocr_line' id='line_1_35' title="bbox 58 3641 1605 3728; baseline -0.002 -23"><span class='ocrx_word' id='word_1_471' title='bbox 58 3654 107 3706; x_wconf 80' lang='grc' dir='ltr'><strong>καί</strong></span> <span class='ocrx_word' id='word_1_472' title='bbox 129 3646 166 3725; x_wconf 85' lang='grc' dir='ltr'>μὴ</span> <span class='ocrx_word' id='word_1_473' title='bbox 191 3646 272 3705; x_wconf 88' lang='grc' dir='ltr'>πάλιν</span> <span class='ocrx_word' id='word_1_474' title='bbox 287 3646 374 3728; x_wconf 73' lang='grc' dir='ltr'>ἕτερον</span> <span class='ocrx_word' id='word_1_475' title='bbox 388 3653 453 3727; x_wconf 79' lang='grc' dir='ltr'>ἡμῖν</span> <span class='ocrx_word' id='word_1_476' title='bbox 469 3649 589 3727; x_wconf 84' lang='grc' dir='ltr'>μέλλοιεν</span> <span class='ocrx_word' id='word_1_477' title='bbox 610 3652 775 3728; x_wconf 78' lang='grc' dir='ltr'>ἀποκληροῦν</span> <span class='ocrx_word' id='word_1_478' title='bbox 789 3652 832 3712; x_wconf 85' lang='grc' dir='ltr'><strong>τό-</strong></span> <span class='ocrx_word' id='word_1_479' title='bbox 886 3645 1091 3718; x_wconf 85' lang='lat' dir='ltr'><strong>ministratores,</strong></span> <span class='ocrx_word' id='word_1_480' title='bbox 1104 3641 1222 3701; x_wconf 90' lang='lat' dir='ltr'><strong>dominis</strong></span> <span class='ocrx_word' id='word_1_481' title='bbox 1233 3641 1264 3700; x_wconf 95' lang='lat' dir='ltr'><strong>id</strong></span> <span class='ocrx_word' id='word_1_482' title='bbox 1277 3641 1344 3722; x_wconf 91' lang='lat' dir='ltr'><strong>ipsis</strong></span> <span class='ocrx_word' id='word_1_483' title='bbox 1355 3664 1405 3722; x_wconf 92' lang='lat' dir='ltr'><strong>per</strong></span> <span class='ocrx_word' id='word_1_484' title='bbox 1416 3643 1509 3702; x_wconf 85' lang='lat' dir='ltr'><strong>literas</strong></span> <span class='ocrx_word' id='word_1_485' title='bbox 1518 3643 1605 3725; x_wconf 91' lang='lat' dir='ltr'><strong>impe·</strong></span> 
     </span>
     <span class='ocr_line' id='line_1_36' title="bbox 58 3732 1606 3823; baseline 0.001 -31"><span class='ocrx_word' id='word_1_486' title='bbox 58 3763 120 3812; x_wconf 77' lang='grc' dir='ltr'>παν,</span> <span class='ocrx_word' id='word_1_487' title='bbox 132 3741 159 3799; x_wconf 80' lang='grc' dir='ltr'>ὃν</span> <span class='ocrx_word' id='word_1_488' title='bbox 174 3738 205 3796; x_wconf 79' lang='grc' dir='ltr'>ἂν</span> <span class='ocrx_word' id='word_1_489' title='bbox 216 3737 342 3812; x_wconf 77' lang='grc' dir='ltr'>ἐθέλωσι,</span> <span class='ocrx_word' id='word_1_490' title='bbox 356 3741 496 3810; x_wconf 70' lang='grc' dir='ltr'>κατάλεξαι</span> <span class='ocrx_word' id='word_1_491' title='bbox 511 3741 558 3815; x_wconf 56' lang='grc' dir='ltr'>τὴν</span> <span class='ocrx_word' id='word_1_492' title='bbox 569 3742 657 3823; x_wconf 62' lang='grc' dir='ltr'>χάριν,</span> <span class='ocrx_word' id='word_1_493' title='bbox 672 3745 706 3802; x_wconf 58' lang='grc' dir='ltr'><strong>Εἰ</strong></span> <span class='ocrx_word' id='word_1_494' title='bbox 720 3742 748 3802; x_wconf 79' lang='grc' dir='ltr'><strong>δὲ</strong></span> <span class='ocrx_word' id='word_1_495' title='bbox 762 3743 832 3802; x_wconf 66' lang='grc' dir='ltr'>ἔνθεν</span> <span class='ocrx_word' id='word_1_496' title='bbox 886 3735 1019 3807; x_wconf 88' lang='lat' dir='ltr'><strong>rantibus,</strong></span> <span class='ocrx_word' id='word_1_497' title='bbox 1036 3732 1150 3793; x_wconf 89' lang='lat' dir='ltr'><strong>subinde</strong></span> <span class='ocrx_word' id='word_1_498' title='bbox 1170 3733 1225 3791; x_wconf 90' lang='lat' dir='ltr'><strong>huc</strong></span> <span class='ocrx_word' id='word_1_499' title='bbox 1243 3732 1381 3808; x_wconf 88' lang='lat' dir='ltr'><strong>accedunt,</strong></span> <span class='ocrx_word' id='word_1_500' title='bbox 1400 3733 1487 3815; x_wconf 85' lang='lat' dir='ltr'><strong>parati</strong></span> <span class='ocrx_word' id='word_1_501' title='bbox 1508 3735 1606 3813; x_wconf 84' lang='lat' dir='ltr'><strong>quavis</strong></span> 
     </span>
     <span class='ocr_line' id='line_1_37' title="bbox 57 3824 1606 3912; baseline -0.002 -23"><span class='ocrx_word' id='word_1_502' title='bbox 57 3838 133 3909; x_wconf 69' lang='grc' dir='ltr'>ἡμᾶς</span> <span class='ocrx_word' id='word_1_503' title='bbox 147 3831 314 3901; x_wconf 88' lang='grc' dir='ltr'>ἀνιστάντες,</span> <span class='ocrx_word' id='word_1_504' title='bbox 326 3835 365 3899; x_wconf 86' lang='grc' dir='ltr'><strong>εἰς</strong></span> <span class='ocrx_word' id='word_1_505' title='bbox 380 3831 467 3912; x_wconf 72' lang='grc' dir='ltr'>ἕτερον</span> <span class='ocrx_word' id='word_1_506' title='bbox 481 3834 600 3911; x_wconf 80' lang='grc' dir='ltr'>μέλλοιεν</span> <span class='ocrx_word' id='word_1_507' title='bbox 611 3834 725 3912; x_wconf 85' lang='grc' dir='ltr'>πέμπειν</span> <span class='ocrx_word' id='word_1_508' title='bbox 737 3835 830 3905; x_wconf 84' lang='grc' dir='ltr'>τόπον,</span> <span class='ocrx_word' id='word_1_509' title='bbox 886 3827 989 3887; x_wconf 86' lang='lat' dir='ltr'><strong>ratione</strong></span> <span class='ocrx_word' id='word_1_510' title='bbox 1012 3846 1060 3884; x_wconf 88' lang='lat' dir='ltr'><strong>nos</strong></span> <span class='ocrx_word' id='word_1_511' title='bbox 1087 3824 1195 3883; x_wconf 87' lang='lat' dir='ltr'><strong>relicere</strong></span> <span class='ocrx_word' id='word_1_512' title='bbox 1218 3845 1249 3883; x_wconf 89' lang='lat' dir='ltr'><strong>ac</strong></span> <span class='ocrx_word' id='word_1_513' title='bbox 1273 3845 1401 3884; x_wconf 83' lang='lat' dir='ltr'><strong>recreate.</strong></span> <span class='ocrx_word' id='word_1_514' title='bbox 1430 3824 1493 3885; x_wconf 86' lang='lat' dir='ltr'><strong>llaec</strong></span> <span class='ocrx_word' id='word_1_515' title='bbox 1514 3840 1606 3886; x_wconf 86' lang='lat' dir='ltr'><strong>autem</strong></span> 
     </span>
     <span class='ocr_line' id='line_1_38' title="bbox 57 3915 1605 4008; baseline -0.002 -27"><span class='ocrx_word' id='word_1_516' title='bbox 57 3923 106 3981; x_wconf 87' lang='grc' dir='ltr'><strong>καί</strong></span> <span class='ocrx_word' id='word_1_517' title='bbox 127 3922 207 3982; x_wconf 88' lang='grc' dir='ltr'>πάλιν</span> <span class='ocrx_word' id='word_1_518' title='bbox 222 3922 296 3995; x_wconf 82' lang='grc' dir='ltr'>όδδς,</span> <span class='ocrx_word' id='word_1_519' title='bbox 317 3922 362 3981; x_wconf 84' lang='grc' dir='ltr'><strong>καί</strong></span> <span class='ocrx_word' id='word_1_520' title='bbox 383 3923 464 3982; x_wconf 88' lang='grc' dir='ltr'>πάλιν</span> <span class='ocrx_word' id='word_1_521' title='bbox 479 3925 636 4003; x_wconf 87' lang='grc' dir='ltr'>ἀποδημία,</span> <span class='ocrx_word' id='word_1_522' title='bbox 649 3926 709 4004; x_wconf 73' lang='grc' dir='ltr'>ἐμοὶ</span> <span class='ocrx_word' id='word_1_523' title='bbox 732 3927 833 4008; x_wconf 75' lang='grc' dir='ltr'>σρόδρα</span> <span class='ocrx_word' id='word_1_524' title='bbox 886 3917 976 3976; x_wconf 87' lang='lat' dir='ltr'><strong>omnia</strong></span> <span class='ocrx_word' id='word_1_525' title='bbox 989 3915 1089 3975; x_wconf 90' lang='lat' dir='ltr'><strong>idcirco</strong></span> <span class='ocrx_word' id='word_1_526' title='bbox 1098 3915 1318 3987; x_wconf 88' lang='lat' dir='ltr'><strong>commemoravi,</strong></span> <span class='ocrx_word' id='word_1_527' title='bbox 1331 3930 1410 3996; x_wconf 88' lang='lat' dir='ltr'><strong>atque</strong></span> <span class='ocrx_word' id='word_1_528' title='bbox 1419 3915 1473 3976; x_wconf 89' lang='lat' dir='ltr'><strong>alia</strong></span> <span class='ocrx_word' id='word_1_529' title='bbox 1484 3917 1605 3996; x_wconf 87' lang='lat' dir='ltr'><strong>quidem,</strong></span> 
     </span>
     <span class='ocr_line' id='line_1_39' title="bbox 60 4007 1605 4101; baseline -0.001 -29"><span class='ocrx_word' id='word_1_530' title='bbox 60 4019 137 4072; x_wconf 82' lang='grc' dir='ltr'>τοῦτο</span> <span class='ocrx_word' id='word_1_531' title='bbox 149 4012 350 4094; x_wconf 81' lang='grc' dir='ltr'>χαλεπώτερον·</span> <span class='ocrx_word' id='word_1_532' title='bbox 364 4018 468 4094; x_wconf 89' lang='grc' dir='ltr'>πρῶτον</span> <span class='ocrx_word' id='word_1_533' title='bbox 489 4016 664 4095; x_wconf 51' lang='lat' dir='ltr'><strong>palmarius-‚a</strong></span> <span class='ocrx_word' id='word_1_534' title='bbox 679 4018 831 4101; x_wconf 81' lang='grc' dir='ltr'>είςμακρό-</span> <span class='ocrx_word' id='word_1_535' title='bbox 886 4011 938 4070; x_wconf 87' lang='lat' dir='ltr'><strong>hoc</strong></span> <span class='ocrx_word' id='word_1_536' title='bbox 959 4024 1009 4086; x_wconf 88' lang='lat' dir='ltr'><strong>est,</strong></span> <span class='ocrx_word' id='word_1_537' title='bbox 1027 4009 1130 4091; x_wconf 89' lang='lat' dir='ltr'><strong>priora,</strong></span> <span class='ocrx_word' id='word_1_538' title='bbox 1155 4007 1263 4081; x_wconf 84' lang='lat' dir='ltr'><strong>deflevi,</strong></span> <span class='ocrx_word' id='word_1_539' title='bbox 1287 4009 1340 4068; x_wconf 85' lang='lat' dir='ltr'><strong>alia</strong></span> <span class='ocrx_word' id='word_1_540' title='bbox 1359 4022 1461 4086; x_wconf 87' lang='lat' dir='ltr'><strong>autem,</strong></span> <span class='ocrx_word' id='word_1_541' title='bbox 1483 4009 1534 4070; x_wconf 89' lang='lat' dir='ltr'><strong>boc</strong></span> <span class='ocrx_word' id='word_1_542' title='bbox 1554 4025 1605 4085; x_wconf 87' lang='lat' dir='ltr'><strong>est,</strong></span> 
     </span>
     <span class='ocr_line' id='line_1_40' title="bbox 59 4100 1607 4191; baseline -0.002 -27"><span class='ocrx_word' id='word_1_543' title='bbox 59 4128 135 4185; x_wconf 84' lang='grc' dir='ltr'>τερον</span> <span class='ocrx_word' id='word_1_544' title='bbox 156 4103 173 4176; x_wconf 77' lang='grc' dir='ltr'>ἢ</span> <span class='ocrx_word' id='word_1_545' title='bbox 197 4108 234 4172; x_wconf 86' lang='grc' dir='ltr'><strong>είς</strong></span> <span class='ocrx_word' id='word_1_546' title='bbox 258 4104 443 4188; x_wconf 75' lang='grc' dir='ltr'>χαλεπώτερον</span> <span class='ocrx_word' id='word_1_547' title='bbox 467 4111 538 4184; x_wconf 78' lang='grc' dir='ltr'>ἡμᾶς</span> <span class='ocrx_word' id='word_1_548' title='bbox 562 4108 688 4190; x_wconf 75' lang='grc' dir='ltr'>πέμψωσι</span> <span class='ocrx_word' id='word_1_549' title='bbox 720 4109 831 4191; x_wconf 77' lang='grc' dir='ltr'>χωρίον·</span> <span class='ocrx_word' id='word_1_550' title='bbox 887 4102 947 4161; x_wconf 71' lang='lat' dir='ltr'><strong>laeta</strong></span> <span class='ocrx_word' id='word_1_551' title='bbox 963 4116 988 4161; x_wconf 88' lang='lat' dir='ltr'><strong>ct</strong></span> <span class='ocrx_word' id='word_1_552' title='bbox 996 4100 1128 4182; x_wconf 84' lang='lat' dir='ltr'><strong>jucunda,</strong></span> <span class='ocrx_word' id='word_1_553' title='bbox 1146 4100 1196 4160; x_wconf 90' lang='lat' dir='ltr'><strong>tibi</strong></span> <span class='ocrx_word' id='word_1_554' title='bbox 1206 4101 1332 4182; x_wconf 77' lang='lat' dir='ltr'><strong>exposui,</strong></span> <span class='ocrx_word' id='word_1_555' title='bbox 1346 4115 1376 4160; x_wconf 85' lang='lat' dir='ltr'><strong>ut</strong></span> <span class='ocrx_word' id='word_1_556' title='bbox 1386 4123 1419 4161; x_wconf 90' lang='lat' dir='ltr'><strong>ne</strong></span> <span class='ocrx_word' id='word_1_557' title='bbox 1433 4101 1494 4181; x_wconf 89' lang='lat' dir='ltr'><strong>quis</strong></span> <span class='ocrx_word' id='word_1_558' title='bbox 1508 4117 1607 4162; x_wconf 80' lang='lat' dir='ltr'><strong>temere</strong></span> 
     </span>
     <span class='ocr_line' id='line_1_41' title="bbox 58 4192 1607 4283; baseline 0.002 -27"><span class='ocrx_word' id='word_1_559' title='bbox 58 4198 152 4256; x_wconf 82' lang='grc' dir='ltr'>ἔπειτα</span> <span class='ocrx_word' id='word_1_560' title='bbox 167 4197 207 4268; x_wconf 77' lang='grc' dir='ltr'>δὲ,</span> <span class='ocrx_word' id='word_1_561' title='bbox 222 4197 262 4257; x_wconf 83' lang='grc' dir='ltr'><strong>ὅτι</strong></span> <span class='ocrx_word' id='word_1_562' title='bbox 279 4197 377 4277; x_wconf 87' lang='grc' dir='ltr'>μυρίων</span> <span class='ocrx_word' id='word_1_563' title='bbox 392 4197 497 4277; x_wconf 72' lang='grc' dir='ltr'>ἐξαρκῶν</span> <span class='ocrx_word' id='word_1_564' title='bbox 512 4200 570 4278; x_wconf 70' lang='grc' dir='ltr'>ἐμοὶ</span> <span class='ocrx_word' id='word_1_565' title='bbox 593 4202 623 4261; x_wconf 84' lang='grc' dir='ltr'><strong>τὸ</strong></span> <span class='ocrx_word' id='word_1_566' title='bbox 642 4200 738 4261; x_wconf 84' lang='grc' dir='ltr'>όδεόειν</span> <span class='ocrx_word' id='word_1_567' title='bbox 752 4205 833 4283; x_wconf 84' lang='grc' dir='ltr'>χαλε·</span> <span class='ocrx_word' id='word_1_568' title='bbox 887 4216 936 4254; x_wconf 79' lang='lat'><strong>11⁰⁸</strong></span> <span class='ocrx_word' id='word_1_569' title='bbox 950 4194 1015 4253; x_wconf 69' lang='lat' dir='ltr'><strong>hinc</strong></span> <span class='ocrx_word' id='word_1_570' title='bbox 1028 4205 1158 4253; x_wconf 65' lang='grc' dir='ltr'>θωθίθᾶί·</span> <span class='ocrx_word' id='word_1_571' title='bbox 1175 4195 1245 4252; x_wconf 63' lang='lat' dir='ltr'><strong>Nam</strong></span> <span class='ocrx_word' id='word_1_572' title='bbox 1260 4192 1282 4252; x_wconf 76' lang='lat' dir='ltr'><strong>Sl</strong></span> <span class='ocrx_word' id='word_1_573' title='bbox 1297 4193 1327 4265; x_wconf 73' lang='lat' dir='ltr'><strong>ll,</strong></span> <span class='ocrx_word' id='word_1_574' title='bbox 1347 4196 1394 4273; x_wconf 74' lang='lat' dir='ltr'><strong>qul</strong></span> <span class='ocrx_word' id='word_1_575' title='bbox 1414 4214 1465 4279; x_wconf 30' lang='lat'><strong>11⁰⁵,</strong></span> <span class='ocrx_word' id='word_1_576' title='bbox 1475 4194 1607 4254; x_wconf 68' lang='lat' dir='ltr'><strong>beneficio</strong></span> 
     </span>
     <span class='ocr_line' id='line_1_42' title="bbox 59 4283 1607 4373; baseline -0.004 -25"><span class='ocrx_word' id='word_1_577' title='bbox 59 4288 188 4369; x_wconf 77' lang='grc' dir='ltr'>πότερον.</span> <span class='ocrx_word' id='word_1_578' title='bbox 200 4289 254 4347; x_wconf 84' lang='grc' dir='ltr'><strong>Καί</strong></span> <span class='ocrx_word' id='word_1_579' title='bbox 267 4289 318 4370; x_wconf 87' lang='grc' dir='ltr'>γδιρ</span> <span class='ocrx_word' id='word_1_580' title='bbox 334 4292 370 4356; x_wconf 83' lang='grc' dir='ltr'><strong>είς</strong></span> <span class='ocrx_word' id='word_1_581' title='bbox 385 4290 546 4369; x_wconf 78' lang='grc' dir='ltr'>αάτδιςὴμᾶς</span> <span class='ocrx_word' id='word_1_582' title='bbox 565 4293 711 4373; x_wconf 70' lang='grc' dir='ltr'>κατήνεγκε</span> <span class='ocrx_word' id='word_1_583' title='bbox 724 4301 769 4354; x_wconf 66' lang='grc' dir='ltr'><strong>τοῦ</strong></span> <span class='ocrx_word' id='word_1_584' title='bbox 783 4300 833 4354; x_wconf 76' lang='grc' dir='ltr'><strong>θα-</strong></span> <span class='ocrx_word' id='word_1_585' title='bbox 888 4287 995 4345; x_wconf 82' lang='lat' dir='ltr'><strong>afficere</strong></span> <span class='ocrx_word' id='word_1_586' title='bbox 1008 4285 1131 4365; x_wconf 89' lang='lat' dir='ltr'><strong>cupiunt,</strong></span> <span class='ocrx_word' id='word_1_587' title='bbox 1150 4283 1256 4342; x_wconf 88' lang='lat' dir='ltr'><strong>arbitrii</strong></span> <span class='ocrx_word' id='word_1_588' title='bbox 1274 4283 1328 4342; x_wconf 89' lang='lat' dir='ltr'><strong>hoc</strong></span> <span class='ocrx_word' id='word_1_589' title='bbox 1343 4283 1427 4343; x_wconf 89' lang='lat' dir='ltr'><strong>nostri</strong></span> <span class='ocrx_word' id='word_1_590' title='bbox 1442 4284 1551 4357; x_wconf 79' lang='lat' dir='ltr'><strong>saciant,</strong></span> <span class='ocrx_word' id='word_1_591' title='bbox 1576 4298 1607 4343; x_wconf 88' lang='lat' dir='ltr'><strong>ut</strong></span> 
     </span>
     <span class='ocr_line' id='line_1_43' title="bbox 59 4373 1608 4460; baseline 0.001 -26"><span class='ocrx_word' id='word_1_592' title='bbox 59 4380 139 4438; x_wconf 83' lang='grc' dir='ltr'>ναίτοο</span> <span class='ocrx_word' id='word_1_593' title='bbox 152 4378 200 4445; x_wconf 83' lang='grc' dir='ltr'><strong>τδς</strong></span> <span class='ocrx_word' id='word_1_594' title='bbox 220 4379 303 4447; x_wconf 82' lang='grc' dir='ltr'>πύλας</span> <span class='ocrx_word' id='word_1_595' title='bbox 321 4380 418 4454; x_wconf 67' lang='grc' dir='ltr'>ταύτης</span> <span class='ocrx_word' id='word_1_596' title='bbox 436 4386 485 4452; x_wconf 72' lang='grc' dir='ltr'>τῆς</span> <span class='ocrx_word' id='word_1_597' title='bbox 503 4385 683 4460; x_wconf 64' lang='grc' dir='ltr'>ἀπσδημίαςὴ</span> <span class='ocrx_word' id='word_1_598' title='bbox 699 4387 834 4447; x_wconf 65' lang='grc' dir='ltr'>δυσκολία,</span> <span class='ocrx_word' id='word_1_599' title='bbox 851 4398 870 4446; x_wconf 72' lang='grc' dir='ltr'>Ε</span> <span class='ocrx_word' id='word_1_600' title='bbox 889 4398 943 4456; x_wconf 88' lang='lat' dir='ltr'><strong>quo</strong></span> <span class='ocrx_word' id='word_1_601' title='bbox 957 4377 1018 4435; x_wconf 91' lang='lat' dir='ltr'><strong>loco</strong></span> <span class='ocrx_word' id='word_1_602' title='bbox 1032 4374 1157 4445; x_wconf 81' lang='lat' dir='ltr'><strong>velimus,</strong></span> <span class='ocrx_word' id='word_1_603' title='bbox 1172 4373 1249 4432; x_wconf 90' lang='lat' dir='ltr'><strong>nobis</strong></span> <span class='ocrx_word' id='word_1_604' title='bbox 1264 4395 1322 4433; x_wconf 88' lang='lat' dir='ltr'><strong>esse</strong></span> <span class='ocrx_word' id='word_1_605' title='bbox 1335 4374 1423 4449; x_wconf 86' lang='lat' dir='ltr'><strong>liceat,</strong></span> <span class='ocrx_word' id='word_1_606' title='bbox 1436 4396 1485 4433; x_wconf 87' lang='lat' dir='ltr'><strong>nec</strong></span> <span class='ocrx_word' id='word_1_607' title='bbox 1498 4396 1608 4435; x_wconf 88' lang='lat' dir='ltr'><strong>rursum</strong></span> 
     </span>
    </p>
   </div>
   <div class='ocr_carea' id='block_1_3' title="bbox 59 4464 1611 5013">
    <p class='ocr_par' dir='ltr' id='par_1_3' title="bbox 59 4464 1611 5013">
     <span class='ocr_line' id='line_1_44' title="bbox 59 4464 1609 4555; baseline 0.008 -41"><span class='ocrx_word' id='word_1_608' title='bbox 59 4469 116 4529; x_wconf 66' lang='grc' dir='ltr'>Καὶ</span> <span class='ocrx_word' id='word_1_609' title='bbox 131 4468 298 4550; x_wconf 64' lang='grc' dir='ltr'>διατρίὸογμν</span> <span class='ocrx_word' id='word_1_610' title='bbox 312 4478 356 4531; x_wconf 68' lang='grc' dir='ltr'><strong>νῦν</strong></span> <span class='ocrx_word' id='word_1_611' title='bbox 370 4474 395 4530; x_wconf 70' lang='grc' dir='ltr'><strong>ἐν</strong></span> <span class='ocrx_word' id='word_1_612' title='bbox 407 4475 551 4555; x_wconf 73' lang='grc' dir='ltr'>Κουχουσῷ</span> <span class='ocrx_word' id='word_1_613' title='bbox 557 4522 565 4549; x_wconf 45' lang='grc' dir='ltr'>γ</span> <span class='ocrx_word' id='word_1_614' title='bbox 581 4480 614 4555; x_wconf 66' lang='grc' dir='ltr'><strong>τῇ</strong></span> <span class='ocrx_word' id='word_1_615' title='bbox 629 4479 741 4549; x_wconf 65' lang='grc' dir='ltr'>διηνεκεῖ</span> <span class='ocrx_word' id='word_1_616' title='bbox 753 4478 835 4537; x_wconf 56' lang='lat'>120}—</span> <span class='ocrx_word' id='word_1_617' title='bbox 889 4467 968 4527; x_wconf 72' lang='lat' dir='ltr'><strong>UOlJlS</strong></span> <span class='ocrx_word' id='word_1_618' title='bbox 978 4467 1093 4526; x_wconf 65' lang='lat' dir='ltr'><strong>alierum</strong></span> <span class='ocrx_word' id='word_1_619' title='bbox 1107 4466 1196 4524; x_wconf 71' lang='lat' dir='ltr'><strong>locum</strong></span> <span class='ocrx_word' id='word_1_620' title='bbox 1209 4464 1340 4523; x_wconf 79' lang='lat' dir='ltr'><strong>arbitratu</strong></span> <span class='ocrx_word' id='word_1_621' title='bbox 1355 4465 1489 4544; x_wconf 78' lang='lat' dir='ltr'><strong>llltltuqtte</strong></span> <span class='ocrx_word' id='word_1_622' title='bbox 1499 4487 1549 4527; x_wconf 74' lang='grc'><strong>8110</strong></span> <span class='ocrx_word' id='word_1_623' title='bbox 1564 4488 1609 4526; x_wconf 70' lang='grc'><strong>38·</strong></span> 
     </span>
     <span class='ocr_line' id='line_1_45' title="bbox 62 4554 1609 4648; baseline 0.009 -43"><span class='ocrx_word' id='word_1_624' title='bbox 62 4562 112 4639; x_wconf 65' lang='lat' dir='ltr'><strong>&amp;pq</strong></span> <span class='ocrx_word' id='word_1_625' title='bbox 125 4559 171 4618; x_wconf 67' lang='grc' dir='ltr'>καὶ</span> <span class='ocrx_word' id='word_1_626' title='bbox 187 4559 286 4640; x_wconf 61' lang='grc' dir='ltr'>ἡσυχίᾳ</span> <span class='ocrx_word' id='word_1_627' title='bbox 304 4562 486 4642; x_wconf 60' lang='lat' dir='ltr'><strong>storeaque</strong></span> <span class='ocrx_word' id='word_1_628' title='bbox 501 4566 624 4641; x_wconf 56' lang='grc' dir='ltr'>ναστοὺς,</span> <span class='ocrx_word' id='word_1_629' title='bbox 641 4569 686 4627; x_wconf 67' lang='grc' dir='ltr'><strong>χαι</strong></span> <span class='ocrx_word' id='word_1_630' title='bbox 699 4568 747 4641; x_wconf 49' lang='grc' dir='ltr'><strong>τὴν</strong></span> <span class='ocrx_word' id='word_1_631' title='bbox 760 4573 786 4629; x_wconf 66' lang='grc' dir='ltr'><strong>ἐν</strong></span> <span class='ocrx_word' id='word_1_632' title='bbox 797 4573 835 4648; x_wconf 64' lang='grc' dir='ltr'><strong>τῷ</strong></span> <span class='ocrx_word' id='word_1_633' title='bbox 890 4558 1021 4639; x_wconf 79' lang='lat' dir='ltr'><strong>signaturi</strong></span> <span class='ocrx_word' id='word_1_634' title='bbox 1032 4559 1096 4633; x_wconf 86' lang='lat' dir='ltr'><strong>sint,</strong></span> <span class='ocrx_word' id='word_1_635' title='bbox 1112 4557 1164 4615; x_wconf 89' lang='lat' dir='ltr'><strong>hoc</strong></span> <span class='ocrx_word' id='word_1_636' title='bbox 1175 4554 1336 4614; x_wconf 87' lang='lat' dir='ltr'><strong>beneficium</strong></span> <span class='ocrx_word' id='word_1_637' title='bbox 1348 4556 1447 4636; x_wconf 88' lang='lat' dir='ltr'><strong>accipe.</strong></span> <span class='ocrx_word' id='word_1_638' title='bbox 1455 4557 1503 4617; x_wconf 91' lang='lat' dir='ltr'><strong>Sin</strong></span> <span class='ocrx_word' id='word_1_639' title='bbox 1519 4573 1609 4619; x_wconf 86' lang='lat' dir='ltr'><strong>autern</strong></span> 
     </span>
     <span class='ocr_line' id='line_1_46' title="bbox 64 4646 1609 4740; baseline 0.01 -44"><span class='ocrx_word' id='word_1_640' title='bbox 64 4654 159 4730; x_wconf 52' lang='grc' dir='ltr'>μακρῷ</span> <span class='ocrx_word' id='word_1_641' title='bbox 175 4651 263 4731; x_wconf 67' lang='grc' dir='ltr'>χρόνῳ</span> <span class='ocrx_word' id='word_1_642' title='bbox 279 4653 421 4732; x_wconf 56' lang='grc' dir='ltr'>γενομένης</span> <span class='ocrx_word' id='word_1_643' title='bbox 433 4662 498 4734; x_wconf 65' lang='grc' dir='ltr'>ἡμῖν</span> <span class='ocrx_word' id='word_1_644' title='bbox 515 4660 716 4740; x_wconf 59' lang='grc' dir='ltr'>ταλαιπωρίας,</span> <span class='ocrx_word' id='word_1_645' title='bbox 736 4660 782 4720; x_wconf 69' lang='grc' dir='ltr'><strong>χαλ</strong></span> <span class='ocrx_word' id='word_1_646' title='bbox 802 4660 835 4721; x_wconf 77' lang='lat' dir='ltr'><strong>td</strong></span> <span class='ocrx_word' id='word_1_647' title='bbox 889 4673 937 4710; x_wconf 91' lang='lat' dir='ltr'><strong>nos</strong></span> <span class='ocrx_word' id='word_1_648' title='bbox 957 4651 1022 4709; x_wconf 91' lang='lat' dir='ltr'><strong>hinc</strong></span> <span class='ocrx_word' id='word_1_649' title='bbox 1040 4662 1143 4707; x_wconf 89' lang='lat' dir='ltr'><strong>amotos</strong></span> <span class='ocrx_word' id='word_1_650' title='bbox 1165 4647 1192 4705; x_wconf 91' lang='lat' dir='ltr'><strong>in</strong></span> <span class='ocrx_word' id='word_1_651' title='bbox 1210 4647 1325 4705; x_wconf 86' lang='lat' dir='ltr'><strong>alterum</strong></span> <span class='ocrx_word' id='word_1_652' title='bbox 1346 4646 1436 4708; x_wconf 90' lang='lat' dir='ltr'><strong>locum</strong></span> <span class='ocrx_word' id='word_1_653' title='bbox 1458 4649 1609 4731; x_wconf 79' lang='lat' dir='ltr'><strong>ablegatori</strong></span> 
     </span>
     <span class='ocr_line' id='line_1_47' title="bbox 62 4737 1611 4831; baseline 0.01 -43"><span class='ocrx_word' id='word_1_654' title='bbox 62 4742 270 4821; x_wconf 52' lang='grc' dir='ltr'>συντετριμμένης</span> <span class='ocrx_word' id='word_1_655' title='bbox 282 4750 360 4822; x_wconf 69' lang='grc' dir='ltr'>ἡμῶν</span> <span class='ocrx_word' id='word_1_656' title='bbox 373 4749 456 4818; x_wconf 61' lang='grc' dir='ltr'>ὀστᾶ,</span> <span class='ocrx_word' id='word_1_657' title='bbox 470 4748 515 4808; x_wconf 67' lang='grc' dir='ltr'>χαὶ</span> <span class='ocrx_word' id='word_1_658' title='bbox 529 4749 577 4822; x_wconf 67' lang='grc' dir='ltr'><strong>τὴν</strong></span> <span class='ocrx_word' id='word_1_659' title='bbox 589 4755 836 4831; x_wconf 49' lang='lat' dir='ltr'><strong>mammosam</strong></span> <span class='ocrx_word' id='word_1_660' title='bbox 890 4755 963 4813; x_wconf 87' lang='lat' dir='ltr'><strong>sunt,</strong></span> <span class='ocrx_word' id='word_1_661' title='bbox 985 4740 1114 4818; x_wconf 86' lang='lat' dir='ltr'><strong>nobisque</strong></span> <span class='ocrx_word' id='word_1_662' title='bbox 1132 4758 1240 4796; x_wconf 89' lang='lat' dir='ltr'><strong>rursum</strong></span> <span class='ocrx_word' id='word_1_663' title='bbox 1259 4737 1309 4796; x_wconf 90' lang='lat' dir='ltr'><strong>iter</strong></span> <span class='ocrx_word' id='word_1_664' title='bbox 1328 4738 1430 4811; x_wconf 88' lang='lat' dir='ltr'><strong>subire,</strong></span> <span class='ocrx_word' id='word_1_665' title='bbox 1443 4760 1475 4799; x_wconf 88' lang='lat' dir='ltr'><strong>ac</strong></span> <span class='ocrx_word' id='word_1_666' title='bbox 1492 4745 1611 4823; x_wconf 75' lang='lat' dir='ltr'><strong>peregri·</strong></span> 
     </span>
     <span class='ocr_line' id='line_1_48' title="bbox 62 4828 1611 4920; baseline 0.002 -29"><span class='ocrx_word' id='word_1_667' title='bbox 62 4835 148 4914; x_wconf 90' lang='grc' dir='ltr'>σάρκα</span> <span class='ocrx_word' id='word_1_668' title='bbox 162 4834 205 4892; x_wconf 81' lang='grc' dir='ltr'><strong>διὰ</strong></span> <span class='ocrx_word' id='word_1_669' title='bbox 228 4840 274 4908; x_wconf 82' lang='grc' dir='ltr'><strong>τῆς</strong></span> <span class='ocrx_word' id='word_1_670' title='bbox 289 4837 402 4918; x_wconf 74' lang='grc' dir='ltr'>ἡσυχίας</span> <span class='ocrx_word' id='word_1_671' title='bbox 423 4840 616 4920; x_wconf 60' lang='grc' dir='ltr'>θεραπεύοντες,</span> <span class='ocrx_word' id='word_1_672' title='bbox 638 4843 786 4917; x_wconf 57' lang='grc' dir='ltr'>Ἀπήντησε</span> <span class='ocrx_word' id='word_1_673' title='bbox 809 4844 836 4905; x_wconf 72' lang='grc' dir='ltr'><strong>δὲ</strong></span> <span class='ocrx_word' id='word_1_674' title='bbox 891 4834 950 4894; x_wconf 88' lang='lat' dir='ltr'><strong>nari</strong></span> <span class='ocrx_word' id='word_1_675' title='bbox 969 4852 1075 4892; x_wconf 87' lang='lat' dir='ltr'><strong>neeesse</strong></span> <span class='ocrx_word' id='word_1_676' title='bbox 1088 4843 1139 4905; x_wconf 87' lang='lat' dir='ltr'><strong>est,</strong></span> <span class='ocrx_word' id='word_1_677' title='bbox 1154 4828 1221 4888; x_wconf 92' lang='lat' dir='ltr'><strong>mihi</strong></span> <span class='ocrx_word' id='word_1_678' title='bbox 1243 4849 1307 4888; x_wconf 91' lang='lat' dir='ltr'><strong>sane</strong></span> <span class='ocrx_word' id='word_1_679' title='bbox 1327 4829 1380 4888; x_wconf 91' lang='lat' dir='ltr'><strong>boc</strong></span> <span class='ocrx_word' id='word_1_680' title='bbox 1399 4829 1480 4912; x_wconf 82' lang='lat' dir='ltr'><strong>longe</strong></span> <span class='ocrx_word' id='word_1_681' title='bbox 1500 4834 1611 4913; x_wconf 72' lang='lat' dir='ltr'><strong>gravius</strong></span> 
     </span>
     <span class='ocr_line' id='line_1_49' title="bbox 63 4925 1611 5013; baseline 0.01 -31"><span class='ocrx_word' id='word_1_682' title='bbox 63 4925 140 4997; x_wconf 77' lang='grc' dir='ltr'><strong>καὶὴ</strong></span> <span class='ocrx_word' id='word_1_683' title='bbox 158 4925 236 5004; x_wconf 88' lang='grc' dir='ltr'>κυρία</span> <span class='ocrx_word' id='word_1_684' title='bbox 261 4951 311 5004; x_wconf 89' lang='grc' dir='ltr'>μου</span> <span class='ocrx_word' id='word_1_685' title='bbox 332 4929 498 5003; x_wconf 75' lang='grc' dir='ltr'><strong>ΙΣαόινιανὴ</strong></span> <span class='ocrx_word' id='word_1_686' title='bbox 519 4938 536 5004; x_wconf 84' lang='grc' dir='ltr'>ἡ</span> <span class='ocrx_word' id='word_1_687' title='bbox 558 4933 675 5001; x_wconf 86' lang='grc' dir='ltr'>διάκονος</span> <span class='ocrx_word' id='word_1_688' title='bbox 697 4936 766 4996; x_wconf 78' lang='grc' dir='ltr'>κατὰ</span> <span class='ocrx_word' id='word_1_689' title='bbox 788 4936 836 5010; x_wconf 70' lang='grc' dir='ltr'><strong>τὴν</strong></span> <span class='ocrx_word' id='word_1_690' title='bbox 891 4934 1068 5013; x_wconf 87' lang='lat' dir='ltr'><strong>acerbiusque</strong></span> <span class='ocrx_word' id='word_1_691' title='bbox 1084 4929 1311 5011; x_wconf 82' lang='lat' dir='ltr'><strong>luerit:primum</strong></span> <span class='ocrx_word' id='word_1_692' title='bbox 1320 4930 1392 4990; x_wconf 90' lang='lat' dir='ltr'><strong>enim</strong></span> <span class='ocrx_word' id='word_1_693' title='bbox 1403 4930 1475 4992; x_wconf 86' lang='lat' dir='ltr'><strong>illud</strong></span> <span class='ocrx_word' id='word_1_694' title='bbox 1491 4934 1611 4997; x_wconf 83' lang='lat' dir='ltr'><strong>metuen-</strong></span> 
     </span>
    </p>
   </div>
   <div class='ocr_carea' id='block_1_4' title="bbox 66 5110 1614 5271">
    <p class='ocr_par' dir='ltr' id='par_1_4' title="bbox 66 5110 1614 5271">
     <span class='ocr_line' id='line_1_50' title="bbox 96 5110 1612 5186; baseline 0.007 -24"><span class='ocrx_word' id='word_1_695' title='bbox 96 5110 360 5165; x_wconf 69' lang='grc' dir='ltr'><strong>ιΗιιιιοδειίιίιιῑιιιιιιιιι</strong></span> <span class='ocrx_word' id='word_1_696' title='bbox 372 5113 540 5183; x_wconf 80' lang='lat' dir='ltr'><strong>diaconissam</strong></span> <span class='ocrx_word' id='word_1_697' title='bbox 557 5121 827 5186; x_wconf 79' lang='lat' dir='ltr'><strong>opinatur‘lillemon·</strong></span> <span class='ocrx_word' id='word_1_698' title='bbox 852 5120 957 5174; x_wconf 78' lang='lat' dir='ltr'><strong>loannis</strong></span> <span class='ocrx_word' id='word_1_699' title='bbox 976 5119 1057 5170; x_wconf 84' lang='lat' dir='ltr'><strong>nostri</strong></span> <span class='ocrx_word' id='word_1_700' title='bbox 1069 5117 1184 5168; x_wconf 86' lang='lat' dir='ltr'><strong>amitam.</strong></span> <span class='ocrx_word' id='word_1_701' title='bbox 1199 5114 1274 5178; x_wconf 82' lang='lat' dir='ltr'><strong>Quod</strong></span> <span class='ocrx_word' id='word_1_702' title='bbox 1291 5117 1312 5166; x_wconf 81' lang='lat' dir='ltr'><strong>ri</strong></span> <span class='ocrx_word' id='word_1_703' title='bbox 1330 5132 1381 5167; x_wconf 87' lang='lat' dir='ltr'><strong>non</strong></span> <span class='ocrx_word' id='word_1_704' title='bbox 1399 5129 1511 5186; x_wconf 85' lang='lat' dir='ltr'><strong>eertum,</strong></span> <span class='ocrx_word' id='word_1_705' title='bbox 1523 5119 1612 5173; x_wconf 75' lang='lat' dir='ltr'><strong>verisi-</strong></span> 
     </span>
     <span class='ocr_line' id='line_1_51' title="bbox 66 5190 1614 5271; baseline 0.009 -32"><span class='ocrx_word' id='word_1_706' title='bbox 66 5192 115 5240; x_wconf 85' lang='lat' dir='ltr'><strong>tius</strong></span> <span class='ocrx_word' id='word_1_707' title='bbox 133 5207 187 5240; x_wconf 88' lang='lat' dir='ltr'><strong>eam</strong></span> <span class='ocrx_word' id='word_1_708' title='bbox 207 5190 356 5258; x_wconf 70' lang='lat' dir='ltr'><strong>fuisseque</strong></span> <span class='ocrx_word' id='word_1_709' title='bbox 375 5195 512 5247; x_wconf 79' lang='lat' dir='ltr'><strong>Sabiniano</strong></span> <span class='ocrx_word' id='word_1_710' title='bbox 530 5197 671 5251; x_wconf 81' lang='lat' dir='ltr'><strong>diaconissa</strong></span> <span class='ocrx_word' id='word_1_711' title='bbox 691 5213 828 5253; x_wconf 81' lang='lat' dir='ltr'><strong>vocatura</strong></span> <span class='ocrx_word' id='word_1_712' title='bbox 853 5198 912 5250; x_wconf 85' lang='lat' dir='ltr'><strong>mile</strong></span> <span class='ocrx_word' id='word_1_713' title='bbox 924 5200 1008 5264; x_wconf 85' lang='lat' dir='ltr'><strong>utique</strong></span> <span class='ocrx_word' id='word_1_714' title='bbox 1017 5191 1229 5246; x_wconf 61' lang='lat' dir='ltr'><strong>contionabundus</strong></span> <span class='ocrx_word' id='word_1_715' title='bbox 1239 5191 1303 5242; x_wconf 83' lang='lat' dir='ltr'><strong>inira</strong></span> <span class='ocrx_word' id='word_1_716' title='bbox 1314 5197 1614 5271; x_wconf 79' lang='lat' dir='ltr'><strong>memoratus,preabyter</strong></span> 
     </span>
    </p>
   </div>
   <div class='ocr_carea' id='block_1_5' title="bbox 66 5266 1518 5400">
    <p class='ocr_par' dir='ltr' id='par_1_5' title="bbox 66 5266 1518 5400">
     <span class='ocr_line' id='line_1_52' title="bbox 66 5266 1518 5400; baseline 0.008 -84"><span class='ocrx_word' id='word_1_717' title='bbox 66 5266 178 5319; x_wconf 82' lang='lat' dir='ltr'><strong>Palladio</strong></span> <span class='ocrx_word' id='word_1_718' title='bbox 196 5270 222 5318; x_wconf 89' lang='lat' dir='ltr'><strong>in</strong></span> <span class='ocrx_word' id='word_1_719' title='bbox 242 5267 301 5318; x_wconf 83' lang='lat' dir='ltr'><strong>hist.</strong></span> <span class='ocrx_word' id='word_1_720' title='bbox 322 5271 441 5327; x_wconf 75' lang='lat' dir='ltr'><strong>ltoareid</strong></span> <span class='ocrx_word' id='word_1_721' title='bbox 456 5292 481 5340; x_wconf 89' lang='lat' dir='ltr'><strong>p.</strong></span> <span class='ocrx_word' id='word_1_722' title='bbox 502 5279 559 5339; x_wconf 82' lang='grc'>965,</span> <span class='ocrx_word' id='word_1_723' title='bbox 576 5294 652 5345; x_wconf 84' lang='lat' dir='ltr'><strong>quam</strong></span> <span class='ocrx_word' id='word_1_724' title='bbox 671 5277 734 5329; x_wconf 86' lang='lat' dir='ltr'><strong>dicit</strong></span> <span class='ocrx_word' id='word_1_725' title='bbox 754 5279 828 5331; x_wconf 73' lang='lat' dir='ltr'><strong>irrisae</strong></span> <span class='ocrx_word' id='word_1_726' title='bbox 854 5279 895 5330; x_wconf 87' lang='lat' dir='ltr'><strong>ille</strong></span> <span class='ocrx_word' id='word_1_727' title='bbox 906 5290 942 5330; x_wconf 82' lang='lat' dir='ltr'><strong>eat</strong></span> <span class='ocrx_word' id='word_1_728' title='bbox 957 5275 990 5328; x_wconf 86' lang='lat' dir='ltr'><strong>ad</strong></span> <span class='ocrx_word' id='word_1_729' title='bbox 1000 5290 1075 5343; x_wconf 83' lang='lat' dir='ltr'><strong>quem</strong></span> <span class='ocrx_word' id='word_1_730' title='bbox 1086 5270 1197 5323; x_wconf 85' lang='lat' dir='ltr'><strong>mittitur</strong></span> <span class='ocrx_word' id='word_1_731' title='bbox 1207 5269 1313 5337; x_wconf 79' lang='lat' dir='ltr'><strong>epistola</strong></span> <span class='ocrx_word' id='word_1_732' title='bbox 1324 5272 1430 5335; x_wconf 66' lang='lat' dir='ltr'>CCXXI</span> <span class='ocrx_word' id='word_1_733' title='bbox 1442 5273 1518 5400; x_wconf 69' lang='grc' dir='ltr'>ἰιχίχε.</span> 
     </span>
     <span class='ocr_line' id='line_1_53' title="bbox 227 5358 363 5395; baseline 0 -1"><span class='ocrx_word' id='word_1_734' title='bbox 227 5358 300 5395; x_wconf 80' lang='lat' dir='ltr'><strong>rost.</strong></span> <span class='ocrx_word' id='word_1_735' title='bbox 315 5358 363 5394; x_wconf 83' lang='lat' dir='ltr'><strong>itt.</strong></span> 
     </span>
    </p>
   </div>
   <div class='ocr_carea' id='block_1_6' title="bbox 0 0 1893 5992">
    <p class='ocr_par' dir='ltr' id='par_1_6' title="bbox 0 0 1893 5992">
     <span class='ocr_line' id='line_1_54' title="bbox 0 0 1893 5992; baseline 0 0"><span class='ocrx_word' id='word_1_736' title='bbox 0 0 1893 5992; x_wconf 95' lang='lat' dir='ltr'><strong> </strong></span> 
     </span>
    </p>
   </div>
  </div>
 </body>
</html>
