3764 5992
55 413 78 484 6
381 435 411 483 s.
438 429 579 483 miurus
605 423 786 475 cuumosr.
817 423 973 473 arcuum.
1002 423 1270 475 cousruu‘uuou.

56 560 164 637 tiorem,
179 579 291 637 eumque
302 580 356 622 uon
368 559 542 620 adhibentem
556 545 775 626 cauterium,sed
825 548 974 624 σηπεδόνα,
995 553 1025 610 οὐ
1047 550 1198 660 παρέχοντα
1214 549 1241 608 δὲ
1260 546 1410 619 ὀδύνην
1373 571 1413 628 τῳ
1433 549 1630 632 τεμνομένιρ.

55 666 144 712 tamen
157 651 326 712 cohibentem
338 652 449 712 mulitiae
461 659 660 732 proserpentem
670 661 773 700 erusto
825 638 916 698 Οὐκ
901 663 955 721 εχω
975 646 1028 724 πῦρ
1051 645 1133 702 έν
1099 666 1132 720 τῃ
1154 640 1240 722 δεξιᾷ,
1261 643 1320 700 ἀλλ’
1345 638 1400 719 έχω
1423 640 1598 717 διδασκαλίαν

57 764 130 821 uem,
143 757 170 804 et
180 765 229 825 pro
246 759 366 804 cruciatu
378 738 557 825 plurimam
534 760 570 813 οι,
586 756 634 814 qut
625 732 776 792 liberatur
825 731 907 813 πυρδς
933 732 1126 815 σφοδροτέραν,
1152 736 1181 792 ού
1205 737 1325 812 καυτῆρα
1348 730 1517 812 ἐπάγουσαν,
1540 733 1608 794 ἀλλ”

57 835 200 911 amalum,
211 835 366 895 afferentem
376 835 554 915 voluptatem
571 829 632 887 Nou
651 823 697 883 hic
706 843 809 914 opus
827 821 1090 884 ἀναστέλλουσανέ
1059 849 1107 904 μιν
1128 824 1177 898 τλν
1199 823 1331 903 νομὴν
1298 848 1345 896 της
1365 822 1461 890 κακίας
1469 823 1553 903 ,ἀντὶ
1573 824 1624 883 δέ.

58 941 97 988 est
114 942 254 1008 tempore,
270 949 323 989 uon
341 927 492 998 laboribus,
508 942 561 981 non
582 915 724 1001 pecuniis:
718 937 775 977 so·
792 878 969 994 λόλγηδόνος
993 915 1093 989 πολλὴν
1079 921 1154 997 ντῷ
1179 921 1228 989 τῆς
1253 914 1349 983 κακίας
1370 869 1618 995 ἀπαλλαττομένῳ,

23 1020 118 1080 mlum
130 1020 202 1081 velle
215 1033 278 1079 satis
297 1033 348 1094 est,
370 1032 396 1078 et
419 1016 510 1077 statim
532 1009 673 1116 quidquid·
689 1009 773 1090 hujus
828 1031 866 1067 πα
869 1007 996 1123 ρέχφυσαγ
1010 1008 1058 1082 τὴν
1076 1008 1182 1081 ἡδονήν.
1200 1011 1290 1089 Οθχρ
1291 1006 1342 1069 ιία
1347 1006 1449 1086 χρόνων
1472 1007 1600 1080 ἐνταῦθα,
1603 1031 1620 1060 ⁴-

58 1110 170 1174 virtutis
190 1125 229 1170 est
252 1108 464 1191 praestiterimus.
483 1103 602 1179 Quodsi
615 1101 773 1182 cogitemus,
828 1103 857 1161 ού
870 1100 1067 1183 χρείαπόνων,
1081 1104 1110 1162 ού
1128 1125 1178 1182 χρε
1165 1100 1208 1160 εία
1221 1100 1386 1181 χρημάτων
1402 1101 1601 1180 ἀρκεῖθιλῆομι

55 1215 158 1281 quauta
184 1200 220 1260 sit
241 1201 387 1261 auctoritas
407 1199 459 1259 Dei
482 1195 617 1279 jubentis,
632 1192 774 1254 etoondi-
830 1192 922 1271 μόνον,
937 1192 1088 1254 καί’παντα
1101 1193 1195 1266 τδτης
1217 1196 1311 1273 ἀρετῆς
1328 1190 1599 1272 datumoptimum
1631 1222 1642 1273 j

57 1291 125 1353 toris
138 1291 216 1352 istius
228 1291 307 1372 legis,
322 1291 386 1352 satis
402 1313 437 1352 ex
449 1311 482 1350 eo
493 1303 519 1348 et
533 1285 659 1347 abunde
652 1267 776 1346 tustructi
829 1283 877 1343 κᾶν
889 1284 1053 1364 έννοησωμεν
1072 1308 1103 1346 το
1089 1284 1220 1364 ἀξίωμα
1239 1308 1285 1344 του
1269 1282 1448 1350 misdoceat
1469 1285 1543 1344 Θεοῦ
1555 1286 1601 1344 καὶ

58 1396 85 1443 et
97 1382 229 1443 admoniti
248 1383 393 1459 fuerimus;
406 1402 490 1460 nuque
503 1380 575 1440 enim
591 1377 718 1439 anobis
710 1398 775 1459 ipsu
828 1382 1043 1456 νομοθετοῦντος,
1070 1378 1162 1451 ἱκανὴν
1188 1375 1327 1456 ληψόμεθα
1351 1376 1533 1436 διδασκαλίαν
1556 1381 1601 1437 καὶ

60 1473 416 1546 monitavobisadserimus,
429 1472 523 1532 sadud
535 1470 713 1551 legislatorem
727 1490 776 1529 vos
829 1468 1003 1548 παραίνεσιν·
1018 1468 1075 1530 οὐδὲ
1096 1468 1148 1551 γδρ
1163 1468 1262 1529 οἴκοθεν
1287 1466 1467 1548 φθεγγόμεθα,
1482 1469 1542 1527 ἀλλ’
1556 1470 1618 1528 sat·

60 1584 152 1624 omues
167 1562 336 1623 adducimus.
351 1561 504 1642 Sequimini
517 1560 611 1640 igitur,
624 1573 651 1618 et
668 1558 776 1619 divinus
828 1562 873 1623 τὸν
884 1561 1027 1640 νομοθέτην
1040 1563 1158 1630 ἅπαντας
1171 1567 1240 1639 ὑμᾶς
1250 1560 1357 1641 ἄγομεν.
1369 1558 1490 1620 'Emeda
1499 1559 1601 1632 τοίνυν,
1619 1633 1625 1641 .
1640 1607 1644 1613 .

59 1655 132 1736 leges
145 1656 245 1717 audite.
256 1655 312 1718 Ubi
326 1678 390 1717 vero
403 1655 438 1717 de
448 1655 487 1716 ira
501 1668 527 1715 ct
536 1653 672 1714 simultate
681 1651 776 1734 dispu-
829 1659 881 1714 τῶν
903 1653 978 1715 θείων
1002 1654 1110 1714 ἀκούετε
1136 1653 1234 1731 νόμων.
1257 1656 1315 1713 Ποῦ
1331 1652 1416 1713 τοίνυν
1436 1653 1498 1734 περὶ
1521 1656 1602 1738 ὀργῆς

59 1760 147 1808 totum
165 1748 415 1810 esttmuttitutam
425 1747 536 1827 quidem
549 1746 577 1806 in
590 1745 684 1805 multis
695 1745 772 1818 iocis,
829 1745 874 1806 καὶ
897 1753 943 1807 τοῦ
961 1756 1133 1827 μνησικακεῖν
1156 1745 1295 1826 διελέχθη,
1319 1746 1461 1825 Πολλαχοῦ
1485 1746 1535 1824 μὲν
1555 1748 1602 1806 καί
1643 1807 1645 1814 ,

59 1838 317 1902 maximeautemiu
332 1839 532 1919 peramabilis,
545 1860 627 1917 quum
641 1836 675 1896 ad
688 1836 774 1897 disci-
830 1840 965 1919 ἀλλαχοῦ,
992 1840 1108 1918 μαλιστα
1130 1837 1157 1897 δὲ
1178 1839 1221 1898 διδ
1243 1842 1291 1909 τῆς
1309 1835 1464 1917 παραύολῆς
1485 1837 1604 1913 ἐκείνης,
1624 1827 1629 1836 ’

59 1932 139 2011 pulos
157 1931 270 2010 loquens
284 1931 321 1992 ad
334 1932 417 1991 istum
437 1931 520 1990 ferme
533 1928 644 1989 modum
663 1949 775 1988 exorsus
828 1929 861 2004 ἣν
884 1932 949 2010 πρδς
970 1929 1029 1997 τοὺς
1052 1929 1171 2010 μαθητὰς
1193 1929 1296 2009 ἔλεγεν,
1319 1927 1416 1988 οθιωσί
1439 1953 1498 1997 πως
1522 1931 1604 2010 &pid-

13 2024 197 2100 ‚gmtzldea
218 2024 418 2083 assimilatam
436 2034 479 2081 est
493 2042 615 2102 reguum
635 2021 775 2080 calorum
830 2045 924 2100 μενος·
938 2021 991 2082 Διδ
1013 2030 1091 2083 τοῦτο
1111 2020 1236 2100 ὡμοιώθη
1259 2025 1277 2093 ἡ
1304 2019 1426 2100 βασιλεία
1446 2024 1499 2079 τῶν
1527 2025 1605 2105 οὐρα·
1626 2065 1631 2074 .

0 2140 21 2162 ··
57 2113 171 2174 bomini
181 2118 253 2194 regi,
269 2118 320 2196 qui
331 2114 428 2173 uoluit
439 2117 583 2173 rationem
591 2133 700 2192 ponere
707 2133 774 2173 cum
792 2127 810 2175 u
828 2118 880 2174 νῦν
893 2112 1044 2194 Ιοἰνθρώπιρ
1059 2117 1179 2193 βασιλεῖ,
1191 2113 1262 2180 ὅστις
1271 2112 1385 2185 ἠθέλησε
1399 2123 1512 2195 συνᾶραι
1525 2115 1604 2193 λόγον
1631 2116 1634 2122 ’

57 2209 148 2266 servis
158 2209 228 2266 suis.
238 2208 279 2265 Et
288 2208 492 2284 cumcoepisset
500 2208 646 2264 rationem
653 2224 771 2284 ponere,
830 2205 898 2285 μετὰ
919 2210 972 2265 τῶν
994 2205 1092 2265 δούλων
1113 2208 1202 2264 αὐτοῦ.
1217 2203 1374 2286 Ἀρξαμένου
1396 2201 1423 2262 δέ
1443 2206 1525 2264 αὐτοῦ
1540 2230 1604 2266 ουν-
1636 2217 1638 2221 ’

57 2298 175 2360 oblatus
187 2310 231 2358 est
243 2302 271 2358 ei
284 2317 361 2357 unas
369 2301 420 2379 qui
432 2299 556 2358 debebat
569 2300 596 2356 ei
605 2298 701 2356 decem
710 2297 774 2355 mit·
829 2297 929 2381 αίρειν,
945 2297 1114 2380 προσηνέχθη
1136 2301 1206 2377 αὐτῷ
1226 2287 1262 2365 εἷς
1282 2296 1418 2377 ὀφειλέτης
1433 2296 1603 2377 μυρίωντσ-

58 2391 101 2452 lia
116 2391 252 2451 talenta:
264 2411 330 2449 cttm
354 2402 453 2449 atatem
477 2410 536 2448 non
548 2390 680 2460 baberet,
697 2390 775 2449 unde
828 2391 941 2450 λάντων.
960 2389 1008 2462 Μὴ
1023 2390 1128 2471 έχοντος
1150 2388 1227 2448 δὲ’
1199 2395 1277 2448 αυτοῦ
1293 2389 1451 2461 ἀποδοῦναι,
1464 2389 1604 2454 ἐκέλευσαν

56 2483 200 2561 redderet,
210 2485 301 2564 jussit
312 2494 341 2542 et
361 2485 455 2561 ipsam
469 2481 647 2558 aeuumdari
659 2492 688 2539 et
702 2501 774 2539 ιιαο-
829 2484 906 2543 αθτδν
917 2486 1051 2564 πραθῆναι
1062 2481 1108 2540 καί
1119 2481 1167 2555 τὴν
1181 2489 1293 2560 γυναῖκα
1303 2483 1397 2554 αύτοῦ,
1406 2475 1455 2540 καλ
1465 2479 1503 2540 rb
1512 2480 1604 2552 τέκνα,

59 2597 120 2636 rem
134 2579 207 2657 ejus,
224 2576 420 2649 etliberos‚et
439 2575 540 2633 omnia
553 2592 620 2652 aaa
632 2573 772 2645 babebat,
829 2573 974 2634 καίπάντα
993 2572 1043 2633 ὀοα
1066 2562 1136 2654 εἶχε,
1155 2573 1201 2631 καλ
1217 2573 1386 2646 ἀποδοθῆναι.
1408 2571 1505 2632 Πισών
1530 2563 1575 2634 ούν
1590 2527 1618 2634 δ”

58 2682 86 2729 ct
97 2670 192 2729 reddi.
204 2667 567 2747 Prolapsusigiturservas
578 2665 631 2723 ille
638 2665 680 2722 ad
687 2666 775 2744 pedes
829 2669 919 2735 δοῦλος
937 2671 1034 2734 ἐκεῖνος
1049 2668 1086 2733 εἰς
1106 2663 1165 2734 τούς
1184 2664 1312 2732 πόδας’
1283 2671 1362 2725 αυτοῦ
1369 2666 1537 2745 ,παρεκάλει
1557 2671 1605 2727 αθ·

56 2761 321 2841 ejus‚0rabateum
336 2756 776 2833 hisverotsfflominaparten·
828 2759 890 2832 τὸν,
917 2757 1019 2836 λέγων·
1042 2757 1131 2840 κύριε,
1156 2756 1361 2838 μακροθύμησον
1386 2761 1428 2817 ἐπ
1453 2756 1531 2836 ἐμοὶ,
1558 2759 1604 2818 καὶ

58 2855 132 2911 tiam
141 2852 217 2910 baba
231 2853 264 2908 in
277 2869 332 2920 mr,
346 2859 374 2907 et
386 2850 486 2906 omnia
507 2846 629 2906 reddam
641 2848 702 2905 ίίθί.
711 2848 775 2904 Mi·
828 2849 917 2910 πάντα
937 2872 979 2909 σοι
995 2846 1135 2909 ἀποδώσω.
1153 2848 1364 2928 Σπλαγχνισθελς
1382 2847 1410 2909 δὲ
1428 2853 1442 2908 θ
1455 2848 1545 2927 κύριος
1558 2855 1605 2910 τοῦ

57 2955 152 3004 sertus
172 2954 272 3001 autem
292 2941 427 3000 dominas
450 2940 528 2998 servi
550 2938 642 3010 iltius,
663 2938 776 2998 dimisit
830 2941 920 3002 δούλου
934 2939 1050 3015 ἐκείνου,
1066 2938 1195 3000 ἀπέλυσεν
1211 2941 1288 3000 αὐτὸν
1298 2984 1306 3014 ,
1318 2940 1364 2999 καὶ
1375 2939 1407 2998 τδ
1420 2939 1522 2999 δάνειον
1536 2944 1606 3020 σἰφῆ-

57 3056 134 3109 eam,
147 3047 176 3095 et
188 3036 317 3093 debitam
340 3032 452 3091 dimisit
461 3034 497 3091 ei.
513 3033 655 3111 Egressus
677 3043 775 3090 autem
829 3057 875 3094 κεν
889 3036 970 3116 αὐτῷ.
991 3031 1119 3102 Ἐξιλθὼν
1137 3030 1165 3093 di
1187 3035 1287 3103 ἐκεῖνος
1305 3022 1379 3113 ιύρεν
1398 3029 1446 3090 ένα
1464 3035 1518 3090 τῶν
1542 3057 1606 3092 συν-

59 3128 112 3188 ille
122 3128 235 3196 invenit
248 3145 337 3183 unam
353 3123 390 3181 de
410 3125 557 3183 conservis
571 3123 642 3194 suis,
656 3125 708 3201 qui
720 3124 776 3202 ipsi
794 3143 813 3192 ο
831 3124 972 3185 δούλων’
943 3128 1036 3197 αυτοῦ,
1056 3122 1252 3203 δςώρειλεν’
1222 3147 1295 3204 αυτιρ
1275 3123 1402 3182 έκατδν
1416 3123 1546 3203 δηνάρια,
1559 3125 1606 3183 καί

58 3221 182 3279 debebat
196 3228 311 3276 centum
325 3216 471 3287 άσηανίοσ,
488 3226 515 3273 et
529 3227 630 3273 tenens
642 3214 775 3295 suffoca
831 3214 966 3300 κρατόσας
985 3214 1088 3294 έπνιγιν
1111 3215 1189 3276 αθτδν
1211 3213 1316 3296 λέγων·
1331 3213 1427 3282 ὀπόδςι
1452 3237 1499 3293 μοι
1520 3215 1606 3274 ότι

59 3312 110 3371 bat
120 3331 195 3383 eum,
206 3309 316 3377 dicens
329 3306 428 3364 Redde
438 3306 517 3385 quod
525 3306 630 3373 debes,·
642 3324 777 3384 procum·
830 3307 952 3396 ὀφείλεις.
969 3297 1113 3367 Ποοὼν
1082 3329 1127 3366 ουν
1142 3310 1157 3368 ό
1170 3305 1357 3374 σύνδουλος’
1328 3311 1408 3364 αυτοῦ
1429 3309 1467 3373 εἷς
1482 3305 1544 3374 τοὺς
1557 3308 1608 3368 πό-

60 3403 128 3460 bens
136 3395 776 3480 ergoconservasilleadpedesejusrogabat
823 3403 877 3470 δας
898 3404 976 3461 αὐτοῦ
985 3400 1206 3480 ,παρεκαλει’
1178 3400 1255 3459 αυτδν
1276 3397 1378 3480 λέγων
1399 3399 1606 3480 μακροθύμηοον

58 3493 170 3564 dicens,
185 3492 368 3550 Patientiam
390 3490 505 3548 babe'
494 3510 526 3546 in
550 3509 607 3560 me,
626 3501 655 3569 ct
676 3493 777 3550 omnia
831 3495 873 3554 ἐπ’
887 3492 964 3572 ἐμοὶ,
979 3491 1127 3552 καίπάντα
1140 3514 1183 3552 σοι
1196 3489 1337 3552 ἀποδώσω.
1349 3490 1606 3565 Ὁδέυόκῆθιλεν,

59 3583 173 3645 sairam
188 3581 431 3641 tibiriileautem
444 3579 549 3652 nudauit,
566 3579 695 3639 sedeam
707 3582 777 3639 inde
831 3585 901 3646 ἀλλὰ
921 3583 1040 3645 ἀπελθὼν
1063 3583 1156 3644 ἔόσλεν
1180 3583 1257 3643 αὐτὸν
1279 3586 1316 3651 εἰς
1336 3581 1474 3664 φυλακὴν,
1497 3582 1549 3653 ἕως
1575 3576 1606 3643 οδ

61 3676 221 3735 abductam
243 3675 368 3754 conjecit
392 3676 425 3730 in
447 3692 602 3744 carcerem,
622 3672 715 3731 danea
728 3674 778 3733 de-
831 3679 922 3759 ἀποδῷ
933 3678 964 3737 τδ
974 3675 1152 3757 ὀφειλόμενον.
1167 3676 1278 3742 Ἰδόντες
1290 3675 1317 3736 δὲ
1334 3680 1359 3736 οἱ
1374 3674 1510 3736 σύνδουλοι
1525 3679 1605 3738 αὐτοῦ

61 3768 152 3826 bitum
186 3765 326 3823 redderet.
352 3764 488 3823 Videntes
513 3775 612 3824 autem
647 3767 780 3824 conservi
830 3770 1036 3851 ἠγανάκτησαν,
1058 3768 1105 3828 καλ
1129 3767 1245 3835 ἐλθόντες
1270 3766 1430 3847 διεσάφησαν
1455 3770 1494 3848 τῷ
1523 3768 1605 3850 κυφίιρ

59 3860 150 3938 ipsius
164 3857 313 3936 indignati
331 3867 410 3925 sunt,
426 3866 454 3912 et
473 3859 625 3915 uenientes
639 3876 777 3917 narram-
831 3864 927 3922 αὐτῶν.
952 3861 1022 3922 Τότε
1043 3859 1157 3927 καλέσας
1182 3859 1257 3919 αύτδν
1279 3864 1293 3920 ὁ
1313 3857 1400 3940 κύριος
1422 3860 1502 3918 αὐτοῦ
1528 3851 1605 3920 aim·

60 3947 438 4010 marcomannorum
451 3949 571 4013 vocarit
585 3947 672 4005 illam
684 3948 777 4006 domi·
830 3953 907 4013 δοῦλε
930 3953 1042 4033 πονηρὲ,
1061 3963 1150 4012 πᾶσαν
1175 3950 1223 4024 τὴν
1252 3949 1358 4029 ὀφειλὴν
1387 3949 1489 4024 ίκιίνην
1514 3951 1605 4032 ἀφῆκά

54 4061 116 4116 ‚uus
129 4059 208 4112 sutis,
219 4050 248 4098 ei
260 4041 305 4098 αίί
317 4038 364 4097 t'llt'
373 4037 474 4105 :Serve
487 4057 622 4118 nequam,
635 4058 720 4097 omne
727 4041 777 4099 de·
831 4068 886 4120 σοι,
900 4044 958 4106 ἐπεί
971 4043 1155 4126 παρεκάλεσάς
1177 4066 1210 4123 pa
1227 4066 1233 4081 ·
1248 4045 1296 4104 οθκ
1319 4044 1372 4103 ἔδει
1391 4042 1437 4103 καλ
1451 4042 1482 4104 σέ
1497 4046 1605 4115 ἐλεῆσαι

62 4136 153 4194 mum
162 4131 328 4206 dimisitibi‚
341 4132 480 4210 quoniam
488 4132 778 4209 rogastimeenonae
831 4136 875 4196 τδν
901 4137 1040 4197 σύνδουλόν
1059 4162 1124 4209 σου,
1143 4140 1179 4204 ὡς
1202 4135 1250 4195 καλ
1274 4135 1326 4216 ἐγώ
1346 4159 1377 4195 σε
1400 4134 1523 4208 ἠλέησα,
1536 4137 1605 4196 Τότε
1628 4181 1632 4189 .

61 4227 267 4311 ogooportuit
277 4235 306 4282 et
317 4234 345 4283 te
353 4224 484 4281 misereri
491 4225 625 4281 conservi
638 4227 692 4296 tui,
702 4228 777 4285 sicut
794 4255 814 4302 γ)
832 4229 983 4312 παρέδωκεν
1004 4229 1081 4290 αὐτόν
1105 4236 1159 4296 τοῖς
1183 4233 1370 4307 βασανισταῖς,
1393 4227 1441 4294 ἕως
1462 4218 1492 4285 ού
1513 4229 1604 4308 ἀποδῷ

62 4320 209 4403 etegoitti
227 4319 359 4375 misertus
374 4319 464 4374 sum?
480 4315 561 4372 Tunc
576 4315 699 4374 tradidit
711 4337 777 4377 eum
832 4332 884 4383 πᾶν
902 4322 932 4384 ab
946 4321 1114 4403 ὀφειλόμενον
1129 4324 1209 4401 αύτῷ.
1224 4319 1304 4380 otro
1317 4320 1390 4380 καίό
1406 4318 1505 4400 Πατήρ
1528 4323 1605 4398 μωό

64 4411 229 4481 Ναίδος,
248 4405 438 4488 quoadusque
458 4405 592 4465 reddere!
612 4410 778 4469 universum
833 4414 953 4495 οὐράνιος
972 4414 1078 4486 ποιήσει
1101 4417 1177 4492 ύμῖν,
1198 4411 1243 4473 ἐὰν
1267 4412 1306 4491 μὴ
1329 4415 1413 4492 ἀφῆτε
1437 4409 1549 4482 ἕκαστος
1567 4416 1605 4492 τῷ

64 4504 200 4565 fftttttt·
215 4498 262 4562 Sic
282 4510 311 4558 et
332 4498 425 4557 Patet·
442 4516 521 4556 meus
540 4498 665 4560 coelestt's
678 4503 778 4578 saciet
832 4508 937 4588 ἀδελφῷ
953 4508 1031 4568 αύτοῦ
1047 4507 1100 4568 ἀπδ
1112 4511 1164 4566 τῶν
1184 4505 1299 4586 καρδιῶν
1318 4509 1393 4584 ὑμῶν
1408 4503 1443 4565 τά
1455 4504 1604 4587 παραπτώ·

67 4597 161 4671 dir,
173 4597 200 4656 si
213 4611 273 4653 ιιοιι
284 4592 453 4650 remiseritis
476 4594 675 4672 unusquisque
678 4594 779 4674 fratri
834 4620 907 4676 ματα
923 4599 1017 4657 αὐτῶν.

67 4684 310 4753 namatius
321 4685 435 4742 vestris.

106 4775 226 4843 Ποίὶθ
247 4772 357 4856 qutdem
379 4771 507 4854 parabola
535 4773 596 4837 ista.
624 4775 776 4839 Dicendum
872 4781 1117 4864 Ἡμὲνπαραύολὴ
1132 4783 1199 4856 ατηύ
1212 4784 1273 4843 δι·ῑ
1287 4783 1315 4843 δὲ
1328 4787 1426 4854 ιίτιῑν,
1436 4781 1506 4850 τίνος
1520 4782 1604 4842 trum

73 4886 316 4957 {pomum
337 4884 401 4924 cum
424 4862 574 4946 adjectione
592 4886 678 4927 cauom
700 4868 776 4929 iliam
833 4874 901 4953 μιτδ
916 4873 1094 4946 αίτίαςαύτδν
1108 4875 1204 4957 πρστέθ
1207 4899 1295 4934 εικεν·
1310 4873 1507 4956 ούγδρὰπλῶς
1523 4864 1605 4945 επενηῖ

77 4960 222 5053 ᾗ
248 4953 412 5045 Μθξῦίλῑ
405 4975 485 5015 ·11011
515 4976 589 5016 cutm
617 4957 776 5040 simpliciter
833 4966 989 5048 ωμοιώθηη
1013 4965 1183 5046 βασιλεία
1147 4991 1199 5027 των
1216 4970 1347 5048 οὐρανῶν,
1364 4964 1433 5026 ἀλλδ
1456 4960 1531 5024 Au
1529 4969 1607 5025 τοῦτο

102 5112 306 5211 *ish*
315 5133 473 5201 ιδιδιιιοίτγ,
486 5141 562 5198 etque
573 5130 609 5181 ito
621 5128 680 5201 legit
691 5134 813 5188 Nunnius
873 5136 1006 5203 [sauls
1000 5156 1026 5192 m
1039 5155 1117 5206 marg.
1128 5161 1147 5193 ιι
1142 5135 1270 5205 r1‚quod
1282 5137 1346 5193 mira
1356 5135 1493 5206 ubiqueV
1503 5133 1605 5198 Biblia]

94 5220 248 5248 nin-,u
319 5242 326 5247 .
