<?xml version="1.0" encoding="UTF-8"?>
<!DOCTYPE html PUBLIC "-//W3C//DTD XHTML 1.0 Transitional//EN"
    "http://www.w3.org/TR/xhtml1/DTD/xhtml1-transitional.dtd">
<html xmlns="http://www.w3.org/1999/xhtml" xml:lang="en" lang="en">
 <head>
  <title>
</title>
<meta http-equiv="Content-Type" content="text/html;charset=utf-8" />
  <meta name='ocr-system' content='tesseract 3.04.00' />
  <meta name='ocr-capabilities' content='ocr_page ocr_carea ocr_par ocr_line ocrx_word'/>
</head>
<body>
  <div class='ocr_page' id='page_1' title='image "./sanctipatrisnos03chrygoog_0621.png"; bbox 0 0 3764 5992; ppageno 0'>
   <div class='ocr_carea' id='block_1_1' title="bbox 757 459 1619 534">
    <p class='ocr_par' dir='ltr' id='par_1_1' title="bbox 757 459 1619 534">
     <span class='ocr_line' id='line_1_1' title="bbox 757 459 1619 534; baseline 0.001 -16"><span class='ocrx_word' id='word_1_1' title='bbox 757 470 937 520; x_wconf 78' lang='lat' dir='ltr'><em>nrrsmcn.</em></span> <span class='ocrx_word' id='word_1_2' title='bbox 1546 459 1619 534; x_wconf 78' lang='lat'><em>613</em></span> 
     </span>
    </p>
   </div>
   <div class='ocr_carea' id='block_1_2' title="bbox 71 572 1617 1019">
    <p class='ocr_par' dir='ltr' id='par_1_2' title="bbox 71 572 1617 1019">
     <span class='ocr_line' id='line_1_2' title="bbox 72 572 1617 675; baseline 0.012 -41"><span class='ocrx_word' id='word_1_3' title='bbox 72 574 173 646; x_wconf 70' lang='grc' dir='ltr'>πολλῆς</span> <span class='ocrx_word' id='word_1_4' title='bbox 183 575 232 645; x_wconf 75' lang='grc' dir='ltr'><em>τῆς</em></span> <span class='ocrx_word' id='word_1_5' title='bbox 245 575 396 656; x_wconf 74' lang='grc' dir='ltr'>φιλοτιμίας</span> <span class='ocrx_word' id='word_1_6' title='bbox 405 576 466 645; x_wconf 71' lang='grc' dir='ltr'>τοὺς</span> <span class='ocrx_word' id='word_1_7' title='bbox 478 576 576 656; x_wconf 62' lang='lat' dir='ltr'><em>sirudis</em></span> <span class='ocrx_word' id='word_1_8' title='bbox 589 603 617 639; x_wconf 83' lang='grc' dir='ltr'><em>τι</em></span> <span class='ocrx_word' id='word_1_9' title='bbox 629 579 741 653; x_wconf 82' lang='grc' dir='ltr'>πσιιῑνῆ</span> <span class='ocrx_word' id='word_1_10' title='bbox 756 582 842 660; x_wconf 81' lang='grc' dir='ltr'>λέγειν</span> <span class='ocrx_word' id='word_1_11' title='bbox 851 572 943 675; x_wconf 54' lang='grc' dir='ltr'>Ὑσιιί</span> <span class='ocrx_word' id='word_1_12' title='bbox 955 584 1021 645; x_wconf 89' lang='lat' dir='ltr'><em>honi</em></span> <span class='ocrx_word' id='word_1_13' title='bbox 1033 585 1177 668; x_wconf 81' lang='lat' dir='ltr'><strong>quidpiam</strong></span> <span class='ocrx_word' id='word_1_14' title='bbox 1188 600 1315 669; x_wconf 64' lang='lat' dir='ltr'><em>prestare</em></span> <span class='ocrx_word' id='word_1_15' title='bbox 1321 590 1458 652; x_wconf 78' lang='lat' dir='ltr'><em>voluerint</em></span> <span class='ocrx_word' id='word_1_16' title='bbox 1470 605 1517 653; x_wconf 81' lang='lat' dir='ltr'><em>rut</em></span> <span class='ocrx_word' id='word_1_17' title='bbox 1530 595 1617 668; x_wconf 78' lang='lat' dir='ltr'><em>effari,</em></span> 
     </span>
     <span class='ocr_line' id='line_1_3' title="bbox 73 666 1614 763; baseline 0.012 -39"><span class='ocrx_word' id='word_1_18' title='bbox 73 666 297 746; x_wconf 73' lang='grc' dir='ltr'>προαιρουμένους</span> <span class='ocrx_word' id='word_1_19' title='bbox 321 677 379 734; x_wconf 84' lang='grc' dir='ltr'>ταῖς</span> <span class='ocrx_word' id='word_1_20' title='bbox 410 670 556 730; x_wconf 79' lang='grc' dir='ltr'>ἀντιδόσεσι</span> <span class='ocrx_word' id='word_1_21' title='bbox 578 670 699 740; x_wconf 76' lang='grc' dir='ltr'>καὶτοῖς</span> <span class='ocrx_word' id='word_1_22' title='bbox 719 674 843 751; x_wconf 75' lang='grc' dir='ltr'>ἆροιὸαῖς</span> <span class='ocrx_word' id='word_1_23' title='bbox 895 677 1154 736; x_wconf 82' lang='lat' dir='ltr'><em>remunerationibus</em></span> <span class='ocrx_word' id='word_1_24' title='bbox 1163 680 1453 763; x_wconf 81' lang='lat' dir='ltr'><em>acpraemiissupemre</em></span> <span class='ocrx_word' id='word_1_25' title='bbox 1461 676 1614 745; x_wconf 78' lang='lat' dir='ltr'><em>contendit:</em></span> 
     </span>
     <span class='ocr_line' id='line_1_4' title="bbox 72 749 1616 847; baseline 0.014 -32"><span class='ocrx_word' id='word_1_26' title='bbox 72 768 148 839; x_wconf 70' lang='lat' dir='ltr'><em>emqr</em></span> <span class='ocrx_word' id='word_1_27' title='bbox 163 757 337 818; x_wconf 76' lang='grc' dir='ltr'>ἐσπούδακεν·</span> <span class='ocrx_word' id='word_1_28' title='bbox 357 749 393 817; x_wconf 71' lang='grc' dir='ltr'><em>ὧν</em></span> <span class='ocrx_word' id='word_1_29' title='bbox 408 761 575 841; x_wconf 76' lang='grc' dir='ltr'>ἕπιτύχσιμεν</span> <span class='ocrx_word' id='word_1_30' title='bbox 588 765 615 822; x_wconf 83' lang='grc' dir='ltr'><em>ἐν</em></span> <span class='ocrx_word' id='word_1_31' title='bbox 629 765 737 845; x_wconf 81' lang='grc' dir='ltr'>Χριστῷ</span> <span class='ocrx_word' id='word_1_32' title='bbox 752 766 840 838; x_wconf 83' lang='grc' dir='ltr'>Ἰησοῦ</span> <span class='ocrx_word' id='word_1_33' title='bbox 896 787 956 845; x_wconf 83' lang='lat' dir='ltr'><em>qnae</em></span> <span class='ocrx_word' id='word_1_34' title='bbox 971 768 1075 828; x_wconf 90' lang='lat' dir='ltr'><em>utinam</em></span> <span class='ocrx_word' id='word_1_35' title='bbox 1088 789 1282 847; x_wconf 75' lang='lat' dir='ltr'><strong>consequamur</strong></span> <span class='ocrx_word' id='word_1_36' title='bbox 1296 772 1325 831; x_wconf 91' lang='lat' dir='ltr'><em>in</em></span> <span class='ocrx_word' id='word_1_37' title='bbox 1349 773 1457 834; x_wconf 84' lang='lat' dir='ltr'><em>Christo</em></span> <span class='ocrx_word' id='word_1_38' title='bbox 1475 777 1538 836; x_wconf 76' lang='lat' dir='ltr'><em>‚lesu</em></span> <span class='ocrx_word' id='word_1_39' title='bbox 1558 776 1616 836; x_wconf 90' lang='lat' dir='ltr'><em>Do·</em></span> 
     </span>
     <span class='ocr_line' id='line_1_5' title="bbox 71 842 1612 940; baseline 0.012 -32"><span class='ocrx_word' id='word_1_40' title='bbox 71 853 112 929; x_wconf 82' lang='grc' dir='ltr'><em>τῷ</em></span> <span class='ocrx_word' id='word_1_41' title='bbox 128 850 219 930; x_wconf 80' lang='grc' dir='ltr'>Κυρίῳ</span> <span class='ocrx_word' id='word_1_42' title='bbox 235 855 327 927; x_wconf 81' lang='grc' dir='ltr'>ἡμῶν,</span> <span class='ocrx_word' id='word_1_43' title='bbox 341 842 364 932; x_wconf 79' lang='grc' dir='ltr'><em>ᾧ</em></span> <span class='ocrx_word' id='word_1_44' title='bbox 377 855 395 923; x_wconf 80' lang='grc' dir='ltr'>ἡ</span> <span class='ocrx_word' id='word_1_45' title='bbox 407 850 469 920; x_wconf 76' lang='grc' dir='ltr'>δόξα</span> <span class='ocrx_word' id='word_1_46' title='bbox 483 856 520 921; x_wconf 81' lang='grc' dir='ltr'><em>εἰς</em></span> <span class='ocrx_word' id='word_1_47' title='bbox 532 852 593 921; x_wconf 80' lang='grc' dir='ltr'>τοὺς</span> <span class='ocrx_word' id='word_1_48' title='bbox 606 858 767 923; x_wconf 67' lang='lat' dir='ltr'><em>adiecerim</em></span> <span class='ocrx_word' id='word_1_49' title='bbox 779 856 843 917; x_wconf 77' lang='grc' dir='ltr'><strong>αἰώ-</strong></span> <span class='ocrx_word' id='word_1_50' title='bbox 896 857 971 917; x_wconf 89' lang='lat' dir='ltr'><em>mino</em></span> <span class='ocrx_word' id='word_1_51' title='bbox 993 873 1095 937; x_wconf 88' lang='lat' dir='ltr'><em>nostro,</em></span> <span class='ocrx_word' id='word_1_52' title='bbox 1117 860 1161 918; x_wconf 90' lang='lat' dir='ltr'><em>cni</em></span> <span class='ocrx_word' id='word_1_53' title='bbox 1179 860 1266 940; x_wconf 75' lang='lat' dir='ltr'><em>gloria</em></span> <span class='ocrx_word' id='word_1_54' title='bbox 1288 861 1429 924; x_wconf 81' lang='lat' dir='ltr'><em>insaeculu</em></span> <span class='ocrx_word' id='word_1_55' title='bbox 1443 865 1612 926; x_wconf 78' lang='lat' dir='ltr'><em>stoculorum.</em></span> 
     </span>
     <span class='ocr_line' id='line_1_6' title="bbox 73 940 992 1019; baseline 0.01 -20"><span class='ocrx_word' id='word_1_56' title='bbox 73 964 134 1002; x_wconf 87' lang='grc' dir='ltr'><strong>νων.</strong></span> <span class='ocrx_word' id='word_1_57' title='bbox 151 940 244 1019; x_wconf 78' lang='grc' dir='ltr'><strong>Ἀμήν.</strong></span> <span class='ocrx_word' id='word_1_58' title='bbox 897 951 992 1008; x_wconf 79' lang='lat' dir='ltr'><em>Amen.</em></span> 
     </span>
    </p>
   </div>
   <div class='ocr_carea' id='block_1_3' title="bbox 638 1394 1044 1521">
    <p class='ocr_par' dir='ltr' id='par_1_3' title="bbox 638 1394 1044 1521">
     <span class='ocr_line' id='line_1_7' title="bbox 638 1394 1044 1521; baseline -0.005 0"><span class='ocrx_word' id='word_1_59' title='bbox 638 1394 1044 1521; x_wconf 87' lang='lat' dir='ltr'>MONITUM</span> 
     </span>
    </p>
   </div>
   <div class='ocr_carea' id='block_1_4' title="bbox 292 1636 1401 1774">
    <p class='ocr_par' dir='ltr' id='par_1_4' title="bbox 292 1636 1401 1774">
     <span class='ocr_line' id='line_1_8' title="bbox 292 1636 1401 1774; baseline 0.003 -7"><span class='ocrx_word' id='word_1_60' title='bbox 292 1696 341 1770; x_wconf 83' lang='lat' dir='ltr'><em>m</em></span> <span class='ocrx_word' id='word_1_61' title='bbox 366 1695 617 1769; x_wconf 76' lang='lat' dir='ltr'><em>nersroms</em></span> <span class='ocrx_word' id='word_1_62' title='bbox 641 1695 767 1770; x_wconf 80' lang='lat' dir='ltr'><em>nors</em></span> <span class='ocrx_word' id='word_1_63' title='bbox 790 1636 985 1770; x_wconf 80' lang='lat' dir='ltr'><em>romurs</em></span> <span class='ocrx_word' id='word_1_64' title='bbox 1009 1696 1401 1774; x_wconf 82' lang='lat' dir='ltr'><em>cunrsosrorour</em></span> 
     </span>
    </p>
   </div>
   <div class='ocr_carea' id='block_1_5' title="bbox 594 1947 1088 2027">
    <p class='ocr_par' dir='ltr' id='par_1_5' title="bbox 594 1947 1088 2027">
     <span class='ocr_line' id='line_1_9' title="bbox 594 1947 1088 2027; baseline 0.012 -22"><span class='ocrx_word' id='word_1_65' title='bbox 594 1947 645 2006; x_wconf 78' lang='lat' dir='ltr'><em>AD</em></span> <span class='ocrx_word' id='word_1_66' title='bbox 666 1947 932 2011; x_wconf 86' lang='lat' dir='ltr'><em>lNNOGENTlUM</em></span> <span class='ocrx_word' id='word_1_67' title='bbox 952 1950 1088 2027; x_wconf 76' lang='lat' dir='ltr'><em>Pensm,</em></span> 
     </span>
    </p>
   </div>
   <div class='ocr_carea' id='block_1_6' title="bbox 68 2185 1610 2377">
    <p class='ocr_par' dir='ltr' id='par_1_6' title="bbox 68 2185 1610 2377">
     <span class='ocr_line' id='line_1_10' title="bbox 68 2185 1609 2268; baseline 0.003 -25"><span class='ocrx_word' id='word_1_68' title='bbox 68 2189 164 2268; x_wconf 72' lang='lat' dir='ltr'><em>ireque</em></span> <span class='ocrx_word' id='word_1_69' title='bbox 174 2187 514 2268; x_wconf 80' lang='lat' dir='ltr'><em>Epistolamlnnocentr&#39;i</em></span> <span class='ocrx_word' id='word_1_70' title='bbox 526 2186 568 2245; x_wconf 83' lang='lat' dir='ltr'><em>ad</em></span> <span class='ocrx_word' id='word_1_71' title='bbox 581 2185 835 2262; x_wconf 74' lang='lat' dir='ltr'><em>chrysostomum,</em></span> <span class='ocrx_word' id='word_1_72' title='bbox 850 2198 879 2245; x_wconf 90' lang='lat' dir='ltr'><em>et</em></span> <span class='ocrx_word' id='word_1_73' title='bbox 892 2190 924 2244; x_wconf 88' lang='lat' dir='ltr'><em>in</em></span> <span class='ocrx_word' id='word_1_74' title='bbox 937 2186 1062 2245; x_wconf 81' lang='lat' dir='ltr'><em>alteram</em></span> <span class='ocrx_word' id='word_1_75' title='bbox 1074 2187 1117 2244; x_wconf 81' lang='lat' dir='ltr'><em>ad</em></span> <span class='ocrx_word' id='word_1_76' title='bbox 1121 2185 1232 2245; x_wconf 80' lang='lat' dir='ltr'><em>elerum</em></span> <span class='ocrx_word' id='word_1_77' title='bbox 1240 2198 1268 2246; x_wconf 88' lang='lat' dir='ltr'><em>et</em></span> <span class='ocrx_word' id='word_1_78' title='bbox 1279 2185 1421 2267; x_wconf 88' lang='lat' dir='ltr'><em>populum</em></span> <span class='ocrx_word' id='word_1_79' title='bbox 1436 2188 1609 2248; x_wconf 80' lang='lat' dir='ltr'><em>Constanti-</em></span> 
     </span>
     <span class='ocr_line' id='line_1_11' title="bbox 103 2292 1610 2377; baseline 0.001 -25"><span class='ocrx_word' id='word_1_80' title='bbox 103 2295 331 2374; x_wconf 65' lang='lat' dir='ltr'><em>nopolitanum</em></span> <span class='ocrx_word' id='word_1_81' title='bbox 356 2295 483 2372; x_wconf 75' lang='lat' dir='ltr'><em>itemque</em></span> <span class='ocrx_word' id='word_1_82' title='bbox 496 2296 529 2350; x_wconf 85' lang='lat' dir='ltr'><em>in</em></span> <span class='ocrx_word' id='word_1_83' title='bbox 541 2292 707 2372; x_wconf 82' lang='lat' dir='ltr'><em>Epistolam</em></span> <span class='ocrx_word' id='word_1_84' title='bbox 736 2295 862 2352; x_wconf 87' lang='lat' dir='ltr'><em>Honorii</em></span> <span class='ocrx_word' id='word_1_85' title='bbox 875 2294 917 2352; x_wconf 83' lang='lat' dir='ltr'><em>ad</em></span> <span class='ocrx_word' id='word_1_86' title='bbox 932 2292 1098 2352; x_wconf 81' lang='lat' dir='ltr'><em>Arcadium</em></span> <span class='ocrx_word' id='word_1_87' title='bbox 1117 2297 1197 2354; x_wconf 85' lang='lat' dir='ltr'><em>circa</em></span> <span class='ocrx_word' id='word_1_88' title='bbox 1213 2315 1249 2354; x_wconf 85' lang='lat' dir='ltr'><em>ea</em></span> <span class='ocrx_word' id='word_1_89' title='bbox 1277 2316 1342 2374; x_wconf 81' lang='lat' dir='ltr'><em>quae</em></span> <span class='ocrx_word' id='word_1_90' title='bbox 1368 2299 1401 2354; x_wconf 84' lang='lat' dir='ltr'><em>in</em></span> <span class='ocrx_word' id='word_1_91' title='bbox 1428 2297 1610 2377; x_wconf 70' lang='lat' dir='ltr'><em>depositione</em></span> 
     </span>
    </p>
   </div>
   <div class='ocr_carea' id='block_1_7' title="bbox 101 2402 1605 2587">
    <p class='ocr_par' dir='ltr' id='par_1_7' title="bbox 101 2402 1605 2587">
     <span class='ocr_line' id='line_1_12' title="bbox 107 2402 1605 2486; baseline 0.003 -24"><span class='ocrx_word' id='word_1_92' title='bbox 107 2405 236 2462; x_wconf 83' lang='lat' dir='ltr'><em>Joannr&#39;s</em></span> <span class='ocrx_word' id='word_1_93' title='bbox 250 2402 670 2482; x_wconf 80' lang='lat' dir='ltr'><em>Chrysostomigestafuerant</em></span> <span class='ocrx_word' id='word_1_94' title='bbox 677 2426 690 2472; x_wconf 90' lang='lat'><em>,·</em></span> <span class='ocrx_word' id='word_1_95' title='bbox 703 2403 818 2461; x_wconf 76' lang='lat' dir='ltr'><em>demum</em></span> <span class='ocrx_word' id='word_1_96' title='bbox 831 2407 864 2462; x_wconf 84' lang='lat' dir='ltr'><em>in</em></span> <span class='ocrx_word' id='word_1_97' title='bbox 874 2403 1040 2484; x_wconf 79' lang='lat' dir='ltr'><em>Epistolam</em></span> <span class='ocrx_word' id='word_1_98' title='bbox 1049 2406 1177 2465; x_wconf 86' lang='lat' dir='ltr'><em>Joannis</em></span> <span class='ocrx_word' id='word_1_99' title='bbox 1192 2406 1397 2481; x_wconf 74' lang='lat' dir='ltr'><em>chrysostomi</em></span> <span class='ocrx_word' id='word_1_100' title='bbox 1408 2407 1451 2465; x_wconf 85' lang='lat' dir='ltr'><em>ad</em></span> <span class='ocrx_word' id='word_1_101' title='bbox 1457 2410 1605 2486; x_wconf 84' lang='lat' dir='ltr'><em>episcopos</em></span> 
     </span>
     <span class='ocr_line' id='line_1_13' title="bbox 101 2507 852 2587; baseline 0.001 -20"><span class='ocrx_word' id='word_1_102' title='bbox 101 2521 136 2567; x_wconf 83' lang='lat' dir='ltr'><em>et</em></span> <span class='ocrx_word' id='word_1_103' title='bbox 148 2509 333 2587; x_wconf 81' lang='lat' dir='ltr'><em>presbyteros</em></span> <span class='ocrx_word' id='word_1_104' title='bbox 347 2507 382 2564; x_wconf 85' lang='lat' dir='ltr'><em>ob</em></span> <span class='ocrx_word' id='word_1_105' title='bbox 392 2508 531 2585; x_wconf 87' lang='lat' dir='ltr'><em>pietatem</em></span> <span class='ocrx_word' id='word_1_106' title='bbox 542 2509 574 2564; x_wconf 84' lang='lat' dir='ltr'><em>in</em></span> <span class='ocrx_word' id='word_1_107' title='bbox 586 2525 703 2566; x_wconf 75' lang='lat' dir='ltr'><em>caream</em></span> <span class='ocrx_word' id='word_1_108' title='bbox 713 2507 852 2568; x_wconf 81' lang='lat' dir='ltr'><em>inclusos.</em></span> 
     </span>
    </p>
   </div>
   <div class='ocr_carea' id='block_1_8' title="bbox 60 2759 1610 4306">
    <p class='ocr_par' dir='ltr' id='par_1_8' title="bbox 62 2759 1610 3849">
     <span class='ocr_line' id='line_1_14' title="bbox 108 2759 1608 2845; baseline -0.001 -22"><span class='ocrx_word' id='word_1_109' title='bbox 108 2765 165 2823; x_wconf 89' lang='lat' dir='ltr'><em>Cur</em></span> <span class='ocrx_word' id='word_1_110' title='bbox 175 2762 299 2825; x_wconf 85' lang='lat' dir='ltr'><em>ordinem</em></span> <span class='ocrx_word' id='word_1_111' title='bbox 311 2761 496 2845; x_wconf 80' lang='lat' dir='ltr'><em>Epistularum</em></span> <span class='ocrx_word' id='word_1_112' title='bbox 508 2761 631 2841; x_wconf 88' lang='lat' dir='ltr'><em>qualisin</em></span> <span class='ocrx_word' id='word_1_113' title='bbox 645 2761 751 2822; x_wconf 87' lang='lat' dir='ltr'><em>dunhns</em></span> <span class='ocrx_word' id='word_1_114' title='bbox 760 2759 869 2823; x_wconf 78' lang='lat' dir='ltr'><em>Metelli</em></span> <span class='ocrx_word' id='word_1_115' title='bbox 876 2762 1049 2825; x_wconf 87' lang='lat' dir='ltr'><em>Editionibus</em></span> <span class='ocrx_word' id='word_1_116' title='bbox 1059 2787 1075 2825; x_wconf 84' lang='lat' dir='ltr'><em>o</em></span> <span class='ocrx_word' id='word_1_117' title='bbox 1087 2766 1222 2826; x_wconf 87' lang='lat' dir='ltr'><em>Frontone</em></span> <span class='ocrx_word' id='word_1_118' title='bbox 1229 2767 1330 2825; x_wconf 83' lang='lat' dir='ltr'><em>Ducaeo</em></span> <span class='ocrx_word' id='word_1_119' title='bbox 1347 2776 1463 2824; x_wconf 89' lang='lat' dir='ltr'><em>statutus</em></span> <span class='ocrx_word' id='word_1_120' title='bbox 1475 2761 1537 2836; x_wconf 87' lang='lat' dir='ltr'><em>fuit,</em></span> <span class='ocrx_word' id='word_1_121' title='bbox 1550 2783 1608 2823; x_wconf 88' lang='lat' dir='ltr'><em>ser-</em></span> 
     </span>
     <span class='ocr_line' id='line_1_15' title="bbox 66 2846 1610 2938; baseline -0.001 -23"><span class='ocrx_word' id='word_1_122' title='bbox 66 2856 231 2933; x_wconf 84' lang='lat' dir='ltr'><em>vaverimus,</em></span> <span class='ocrx_word' id='word_1_123' title='bbox 245 2856 316 2917; x_wconf 88' lang='lat' dir='ltr'><em>insra</em></span> <span class='ocrx_word' id='word_1_124' title='bbox 329 2856 357 2915; x_wconf 91' lang='lat' dir='ltr'><em>in</em></span> <span class='ocrx_word' id='word_1_125' title='bbox 372 2855 477 2914; x_wconf 83' lang='lat' dir='ltr'><em>Monito</em></span> <span class='ocrx_word' id='word_1_126' title='bbox 492 2855 520 2914; x_wconf 92' lang='lat' dir='ltr'><em>in</em></span> <span class='ocrx_word' id='word_1_127' title='bbox 535 2854 672 2936; x_wconf 87' lang='lat' dir='ltr'><em>Epistolas</em></span> <span class='ocrx_word' id='word_1_128' title='bbox 685 2854 720 2915; x_wconf 89' lang='lat' dir='ltr'><em>ad</em></span> <span class='ocrx_word' id='word_1_129' title='bbox 732 2855 936 2937; x_wconf 61' lang='lat' dir='ltr'><em>Olympiadem,</em></span> <span class='ocrx_word' id='word_1_130' title='bbox 948 2871 975 2916; x_wconf 89' lang='lat' dir='ltr'><em>et</em></span> <span class='ocrx_word' id='word_1_131' title='bbox 987 2857 1016 2916; x_wconf 92' lang='lat' dir='ltr'><em>in</em></span> <span class='ocrx_word' id='word_1_132' title='bbox 1026 2856 1144 2937; x_wconf 90' lang='lat' dir='ltr'><em>reliquas</em></span> <span class='ocrx_word' id='word_1_133' title='bbox 1154 2857 1340 2938; x_wconf 73' lang='lat' dir='ltr'><em>chrysostomi</em></span> <span class='ocrx_word' id='word_1_134' title='bbox 1348 2855 1474 2937; x_wconf 83' lang='lat' dir='ltr'><em>epistolas</em></span> <span class='ocrx_word' id='word_1_135' title='bbox 1481 2846 1610 2937; x_wconf 84' lang='lat' dir='ltr'><em>pluribus</em></span> 
     </span>
     <span class='ocr_line' id='line_1_16' title="bbox 65 2945 1609 3030; baseline 0 -24"><span class='ocrx_word' id='word_1_136' title='bbox 65 2947 244 3007; x_wconf 78' lang='lat' dir='ltr'><em>declaramus.</em></span> <span class='ocrx_word' id='word_1_137' title='bbox 260 2947 443 3026; x_wconf 85' lang='lat' dir='ltr'><em>Jamquaestio</em></span> <span class='ocrx_word' id='word_1_138' title='bbox 458 2960 497 3005; x_wconf 91' lang='lat' dir='ltr'><em>est</em></span> <span class='ocrx_word' id='word_1_139' title='bbox 508 2945 542 3005; x_wconf 89' lang='lat' dir='ltr'><em>de</em></span> <span class='ocrx_word' id='word_1_140' title='bbox 551 2945 658 3006; x_wconf 87' lang='lat' dir='ltr'><em>duabus</em></span> <span class='ocrx_word' id='word_1_141' title='bbox 672 2946 859 3028; x_wconf 78' lang='lat' dir='ltr'><em>Chrysostorni</em></span> <span class='ocrx_word' id='word_1_142' title='bbox 874 2946 908 3006; x_wconf 89' lang='lat' dir='ltr'><em>ad</em></span> <span class='ocrx_word' id='word_1_143' title='bbox 923 2946 1109 3008; x_wconf 80' lang='lat' dir='ltr'><em>Innocentium</em></span> <span class='ocrx_word' id='word_1_144' title='bbox 1123 2970 1222 3030; x_wconf 90' lang='lat' dir='ltr'><em>papam</em></span> <span class='ocrx_word' id='word_1_145' title='bbox 1240 2948 1372 3029; x_wconf 88' lang='lat' dir='ltr'><em>epistolis,</em></span> <span class='ocrx_word' id='word_1_146' title='bbox 1386 2946 1474 3026; x_wconf 85' lang='lat' dir='ltr'><em>deque</em></span> <span class='ocrx_word' id='word_1_147' title='bbox 1495 2945 1609 3028; x_wconf 84' lang='lat' dir='ltr'><em>epistola</em></span> 
     </span>
     <span class='ocr_line' id='line_1_17' title="bbox 66 3037 1608 3121; baseline -0.001 -24"><span class='ocrx_word' id='word_1_148' title='bbox 66 3038 214 3098; x_wconf 83' lang='lat' dir='ltr'><em>innocentii</em></span> <span class='ocrx_word' id='word_1_149' title='bbox 230 3037 266 3097; x_wconf 90' lang='lat' dir='ltr'><em>ad</em></span> <span class='ocrx_word' id='word_1_150' title='bbox 278 3041 408 3100; x_wconf 88' lang='lat' dir='ltr'><em>Joannem</em></span> <span class='ocrx_word' id='word_1_151' title='bbox 423 3038 658 3118; x_wconf 78' lang='lat' dir='ltr'><em>Chrysostumum,</em></span> <span class='ocrx_word' id='word_1_152' title='bbox 675 3059 776 3098; x_wconf 89' lang='lat' dir='ltr'><em>necnon</em></span> <span class='ocrx_word' id='word_1_153' title='bbox 790 3038 826 3097; x_wconf 90' lang='lat' dir='ltr'><em>de</em></span> <span class='ocrx_word' id='word_1_154' title='bbox 839 3037 922 3097; x_wconf 88' lang='lat' dir='ltr'><em>altera</em></span> <span class='ocrx_word' id='word_1_155' title='bbox 937 3039 1085 3098; x_wconf 89' lang='lat' dir='ltr'><em>Innocentii</em></span> <span class='ocrx_word' id='word_1_156' title='bbox 1098 3039 1133 3099; x_wconf 91' lang='lat' dir='ltr'><em>ad</em></span> <span class='ocrx_word' id='word_1_157' title='bbox 1142 3040 1245 3099; x_wconf 88' lang='lat' dir='ltr'><em>clerum</em></span> <span class='ocrx_word' id='word_1_158' title='bbox 1265 3053 1291 3098; x_wconf 89' lang='lat' dir='ltr'><em>et</em></span> <span class='ocrx_word' id='word_1_159' title='bbox 1310 3038 1441 3121; x_wconf 90' lang='lat' dir='ltr'><em>populum</em></span> <span class='ocrx_word' id='word_1_160' title='bbox 1455 3037 1608 3097; x_wconf 85' lang='lat' dir='ltr'><em>Constanti·</em></span> 
     </span>
     <span class='ocr_line' id='line_1_18' title="bbox 65 3127 1608 3210; baseline 0.001 -23"><span class='ocrx_word' id='word_1_161' title='bbox 65 3131 264 3210; x_wconf 84' lang='lat' dir='ltr'><em>nopolitanum;</em></span> <span class='ocrx_word' id='word_1_162' title='bbox 275 3129 375 3207; x_wconf 89' lang='lat' dir='ltr'><em>quibus</em></span> <span class='ocrx_word' id='word_1_163' title='bbox 385 3127 547 3187; x_wconf 88' lang='lat' dir='ltr'><em>aoceditalia</em></span> <span class='ocrx_word' id='word_1_164' title='bbox 561 3129 675 3188; x_wconf 90' lang='lat' dir='ltr'><em>Honorii</em></span> <span class='ocrx_word' id='word_1_165' title='bbox 684 3129 856 3210; x_wconf 88' lang='lat' dir='ltr'><em>Imperatoris</em></span> <span class='ocrx_word' id='word_1_166' title='bbox 863 3128 898 3188; x_wconf 91' lang='lat' dir='ltr'><em>ad</em></span> <span class='ocrx_word' id='word_1_167' title='bbox 908 3128 1052 3189; x_wconf 77' lang='lat' dir='ltr'><em>Arcadium</em></span> <span class='ocrx_word' id='word_1_168' title='bbox 1064 3131 1183 3207; x_wconf 77' lang='lat' dir='ltr'><em>fratrem,</em></span> <span class='ocrx_word' id='word_1_169' title='bbox 1195 3131 1331 3210; x_wconf 88' lang='lat' dir='ltr'><em>alteraque</em></span> <span class='ocrx_word' id='word_1_170' title='bbox 1346 3131 1410 3189; x_wconf 89' lang='lat' dir='ltr'><em>item</em></span> <span class='ocrx_word' id='word_1_171' title='bbox 1421 3127 1608 3210; x_wconf 83' lang='lat' dir='ltr'><em>Chrysostomi</em></span> 
     </span>
     <span class='ocr_line' id='line_1_19' title="bbox 64 3219 1607 3302; baseline 0.002 -24"><span class='ocrx_word' id='word_1_172' title='bbox 64 3219 103 3279; x_wconf 83' lang='lat' dir='ltr'><em>ad</em></span> <span class='ocrx_word' id='word_1_173' title='bbox 114 3221 253 3302; x_wconf 86' lang='lat' dir='ltr'><em>episcopos</em></span> <span class='ocrx_word' id='word_1_174' title='bbox 272 3233 298 3279; x_wconf 85' lang='lat' dir='ltr'><em>et</em></span> <span class='ocrx_word' id='word_1_175' title='bbox 313 3220 483 3301; x_wconf 80' lang='lat' dir='ltr'><em>presbyteros</em></span> <span class='ocrx_word' id='word_1_176' title='bbox 498 3219 533 3278; x_wconf 93' lang='lat' dir='ltr'><em>ob</em></span> <span class='ocrx_word' id='word_1_177' title='bbox 548 3219 674 3300; x_wconf 88' lang='lat' dir='ltr'><em>pietatem</em></span> <span class='ocrx_word' id='word_1_178' title='bbox 689 3220 718 3280; x_wconf 93' lang='lat' dir='ltr'><em>in</em></span> <span class='ocrx_word' id='word_1_179' title='bbox 732 3241 836 3280; x_wconf 86' lang='lat' dir='ltr'><em>carcere</em></span> <span class='ocrx_word' id='word_1_180' title='bbox 850 3220 978 3279; x_wconf 87' lang='lat' dir='ltr'><em>inclusos.</em></span> <span class='ocrx_word' id='word_1_181' title='bbox 995 3221 1120 3293; x_wconf 88' lang='lat' dir='ltr'><em>Quarum</em></span> <span class='ocrx_word' id='word_1_182' title='bbox 1131 3221 1308 3302; x_wconf 89' lang='lat' dir='ltr'><em>epistolarum</em></span> <span class='ocrx_word' id='word_1_183' title='bbox 1323 3221 1385 3281; x_wconf 82' lang='lat' dir='ltr'><em>duae</em></span> <span class='ocrx_word' id='word_1_184' title='bbox 1405 3221 1507 3302; x_wconf 87' lang='lat' dir='ltr'><em>priores</em></span> <span class='ocrx_word' id='word_1_185' title='bbox 1528 3235 1607 3281; x_wconf 82' lang='lat' dir='ltr'><em>extra</em></span> 
     </span>
     <span class='ocr_line' id='line_1_20' title="bbox 64 3309 1608 3393; baseline 0.001 -24"><span class='ocrx_word' id='word_1_186' title='bbox 64 3309 189 3369; x_wconf 84' lang='lat' dir='ltr'><em>ordinem</em></span> <span class='ocrx_word' id='word_1_187' title='bbox 204 3312 320 3370; x_wconf 88' lang='lat' dir='ltr'><em>aliarum</em></span> <span class='ocrx_word' id='word_1_188' title='bbox 339 3310 536 3388; x_wconf 88' lang='lat' dir='ltr'><em>sequentiuma</em></span> <span class='ocrx_word' id='word_1_189' title='bbox 555 3311 689 3371; x_wconf 77' lang='lat' dir='ltr'><em>frontone</em></span> <span class='ocrx_word' id='word_1_190' title='bbox 707 3313 806 3370; x_wconf 83' lang='lat' dir='ltr'><em>Ducaeo</em></span> <span class='ocrx_word' id='word_1_191' title='bbox 821 3311 914 3392; x_wconf 79' lang='lat' dir='ltr'><em>posita</em></span> <span class='ocrx_word' id='word_1_192' title='bbox 935 3312 1027 3371; x_wconf 83' lang='lat' dir='ltr'><em>incre:</em></span> <span class='ocrx_word' id='word_1_193' title='bbox 1043 3312 1162 3393; x_wconf 70' lang='lat' dir='ltr'><em>epistolae</em></span> <span class='ocrx_word' id='word_1_194' title='bbox 1182 3334 1247 3372; x_wconf 81' lang='lat' dir='ltr'><em>vero</em></span> <span class='ocrx_word' id='word_1_195' title='bbox 1271 3312 1420 3372; x_wconf 87' lang='lat' dir='ltr'><em>innocentii</em></span> <span class='ocrx_word' id='word_1_196' title='bbox 1434 3311 1469 3371; x_wconf 88' lang='lat' dir='ltr'><em>ad</em></span> <span class='ocrx_word' id='word_1_197' title='bbox 1483 3311 1608 3393; x_wconf 70' lang='lat' dir='ltr'><em>Chryso-</em></span> 
     </span>
     <span class='ocr_line' id='line_1_21' title="bbox 64 3401 1607 3485; baseline 0.001 -24"><span class='ocrx_word' id='word_1_198' title='bbox 64 3415 193 3476; x_wconf 82' lang='lat' dir='ltr'><em>stonmm,</em></span> <span class='ocrx_word' id='word_1_199' title='bbox 201 3417 228 3462; x_wconf 91' lang='lat' dir='ltr'><em>et</em></span> <span class='ocrx_word' id='word_1_200' title='bbox 238 3402 278 3460; x_wconf 87' lang='lat' dir='ltr'><em>ad</em></span> <span class='ocrx_word' id='word_1_201' title='bbox 291 3402 393 3460; x_wconf 90' lang='lat' dir='ltr'><em>clerum</em></span> <span class='ocrx_word' id='word_1_202' title='bbox 405 3423 420 3460; x_wconf 89' lang='lat' dir='ltr'><em>a</em></span> <span class='ocrx_word' id='word_1_203' title='bbox 439 3403 584 3461; x_wconf 87' lang='lat' dir='ltr'><em>Sozomeno</em></span> <span class='ocrx_word' id='word_1_204' title='bbox 598 3402 686 3462; x_wconf 76' lang='lat' dir='ltr'><em>allatae</em></span> <span class='ocrx_word' id='word_1_205' title='bbox 700 3424 771 3461; x_wconf 87' lang='lat' dir='ltr'><em>nnnc</em></span> <span class='ocrx_word' id='word_1_206' title='bbox 788 3402 905 3483; x_wconf 89' lang='lat' dir='ltr'><em>primum</em></span> <span class='ocrx_word' id='word_1_207' title='bbox 927 3402 1046 3483; x_wconf 90' lang='lat' dir='ltr'><em>epistolis</em></span> <span class='ocrx_word' id='word_1_208' title='bbox 1062 3404 1250 3485; x_wconf 74' lang='lat' dir='ltr'><em>Chrysostomi</em></span> <span class='ocrx_word' id='word_1_209' title='bbox 1262 3404 1473 3484; x_wconf 78' lang='lat' dir='ltr'><em>subjunguntur,</em></span> <span class='ocrx_word' id='word_1_210' title='bbox 1493 3404 1556 3482; x_wconf 91' lang='lat' dir='ltr'><em>quia</em></span> <span class='ocrx_word' id='word_1_211' title='bbox 1570 3401 1607 3462; x_wconf 88' lang='lat' dir='ltr'><em>ad</em></span> 
     </span>
     <span class='ocr_line' id='line_1_22' title="bbox 63 3493 1606 3574; baseline -0.001 -20"><span class='ocrx_word' id='word_1_212' title='bbox 63 3495 188 3554; x_wconf 85' lang='lat' dir='ltr'><em>eamdem</em></span> <span class='ocrx_word' id='word_1_213' title='bbox 202 3495 371 3574; x_wconf 82' lang='lat' dir='ltr'><em>negotiorum</em></span> <span class='ocrx_word' id='word_1_214' title='bbox 380 3493 476 3552; x_wconf 88' lang='lat' dir='ltr'><em>seriem</em></span> <span class='ocrx_word' id='word_1_215' title='bbox 487 3495 635 3574; x_wconf 72' lang='lat' dir='ltr'><em>pertinent,</em></span> <span class='ocrx_word' id='word_1_216' title='bbox 644 3493 873 3572; x_wconf 87' lang='lat' dir='ltr'><em>quemadmodum</em></span> <span class='ocrx_word' id='word_1_217' title='bbox 886 3508 911 3554; x_wconf 93' lang='lat' dir='ltr'><em>et</em></span> <span class='ocrx_word' id='word_1_218' title='bbox 919 3494 1030 3574; x_wconf 83' lang='lat' dir='ltr'><em>epistola</em></span> <span class='ocrx_word' id='word_1_219' title='bbox 1043 3494 1154 3553; x_wconf 88' lang='lat' dir='ltr'><em>lionorii</em></span> <span class='ocrx_word' id='word_1_220' title='bbox 1169 3493 1205 3553; x_wconf 93' lang='lat' dir='ltr'><em>ad</em></span> <span class='ocrx_word' id='word_1_221' title='bbox 1216 3493 1363 3552; x_wconf 78' lang='lat' dir='ltr'><em>Arcadium</em></span> <span class='ocrx_word' id='word_1_222' title='bbox 1376 3518 1382 3550; x_wconf 80' lang='grc' dir='ltr'>ι</span> <span class='ocrx_word' id='word_1_223' title='bbox 1395 3515 1454 3571; x_wconf 72' lang='lat' dir='ltr'><em>que</em></span> <span class='ocrx_word' id='word_1_224' title='bbox 1465 3507 1554 3553; x_wconf 87' lang='lat' dir='ltr'><em>autem</em></span> <span class='ocrx_word' id='word_1_225' title='bbox 1562 3493 1606 3552; x_wconf 91' lang='lat' dir='ltr'><em>his</em></span> 
     </span>
     <span class='ocr_line' id='line_1_23' title="bbox 64 3584 1606 3669; baseline -0.002 -23"><span class='ocrx_word' id='word_1_226' title='bbox 64 3587 239 3669; x_wconf 78' lang='lat' dir='ltr'><em>subjungitur</em></span> <span class='ocrx_word' id='word_1_227' title='bbox 259 3585 372 3666; x_wconf 91' lang='lat' dir='ltr'><em>epistola</em></span> <span class='ocrx_word' id='word_1_228' title='bbox 388 3585 425 3643; x_wconf 88' lang='lat' dir='ltr'><em>ad</em></span> <span class='ocrx_word' id='word_1_229' title='bbox 443 3586 582 3665; x_wconf 89' lang='lat' dir='ltr'><em>episcopos</em></span> <span class='ocrx_word' id='word_1_230' title='bbox 598 3599 623 3644; x_wconf 90' lang='lat' dir='ltr'><em>et</em></span> <span class='ocrx_word' id='word_1_231' title='bbox 641 3587 813 3666; x_wconf 78' lang='lat' dir='ltr'><em>presbyteros</em></span> <span class='ocrx_word' id='word_1_232' title='bbox 832 3585 868 3644; x_wconf 92' lang='lat' dir='ltr'><em>ob</em></span> <span class='ocrx_word' id='word_1_233' title='bbox 881 3584 1007 3665; x_wconf 87' lang='lat' dir='ltr'><em>pietatem</em></span> <span class='ocrx_word' id='word_1_234' title='bbox 1024 3584 1053 3643; x_wconf 93' lang='lat' dir='ltr'><em>in</em></span> <span class='ocrx_word' id='word_1_235' title='bbox 1070 3605 1175 3643; x_wconf 86' lang='lat' dir='ltr'><em>carcere</em></span> <span class='ocrx_word' id='word_1_236' title='bbox 1189 3584 1316 3661; x_wconf 90' lang='lat' dir='ltr'><em>inclusos,</em></span> <span class='ocrx_word' id='word_1_237' title='bbox 1333 3606 1349 3642; x_wconf 87' lang='lat' dir='ltr'><em>a</em></span> <span class='ocrx_word' id='word_1_238' title='bbox 1363 3585 1496 3643; x_wconf 87' lang='lat' dir='ltr'><em>Frontone</em></span> <span class='ocrx_word' id='word_1_239' title='bbox 1505 3585 1606 3644; x_wconf 81' lang='lat' dir='ltr'><em>Dneaeo</em></span> 
     </span>
     <span class='ocr_line' id='line_1_24' title="bbox 63 3675 1607 3758; baseline -0.001 -20"><span class='ocrx_word' id='word_1_240' title='bbox 63 3691 125 3758; x_wconf 89' lang='lat' dir='ltr'><em>post</em></span> <span class='ocrx_word' id='word_1_241' title='bbox 137 3677 206 3737; x_wconf 90' lang='lat' dir='ltr'><em>duas</em></span> <span class='ocrx_word' id='word_1_242' title='bbox 218 3677 404 3758; x_wconf 83' lang='lat' dir='ltr'><em>Chrysostomi</em></span> <span class='ocrx_word' id='word_1_243' title='bbox 418 3677 454 3735; x_wconf 90' lang='lat' dir='ltr'><em>ad</em></span> <span class='ocrx_word' id='word_1_244' title='bbox 474 3676 658 3735; x_wconf 88' lang='lat' dir='ltr'><em>innocentium</em></span> <span class='ocrx_word' id='word_1_245' title='bbox 674 3675 808 3756; x_wconf 83' lang='lat' dir='ltr'><em>epistolas,</em></span> <span class='ocrx_word' id='word_1_246' title='bbox 819 3691 894 3736; x_wconf 86' lang='lat' dir='ltr'><em>extra</em></span> <span class='ocrx_word' id='word_1_247' title='bbox 905 3675 1028 3735; x_wconf 87' lang='lat' dir='ltr'><em>ordinem</em></span> <span class='ocrx_word' id='word_1_248' title='bbox 1045 3690 1071 3735; x_wconf 88' lang='lat' dir='ltr'><em>et</em></span> <span class='ocrx_word' id='word_1_249' title='bbox 1088 3697 1232 3736; x_wconf 89' lang='lat' dir='ltr'><em>numerum</em></span> <span class='ocrx_word' id='word_1_250' title='bbox 1250 3676 1419 3755; x_wconf 89' lang='lat' dir='ltr'><em>sequentium</em></span> <span class='ocrx_word' id='word_1_251' title='bbox 1432 3675 1607 3757; x_wconf 87' lang='lat' dir='ltr'><em>epistolarum</em></span> 
     </span>
     <span class='ocr_line' id='line_1_25' title="bbox 62 3766 1218 3849; baseline -0.002 -21"><span class='ocrx_word' id='word_1_252' title='bbox 62 3768 151 3849; x_wconf 91' lang='lat' dir='ltr'><em>posita</em></span> <span class='ocrx_word' id='word_1_253' title='bbox 164 3770 259 3830; x_wconf 73' lang='lat' dir='ltr'><em>suerat</em></span> <span class='ocrx_word' id='word_1_254' title='bbox 275 3771 315 3827; x_wconf 89' lang='lat' dir='ltr'><em>De</em></span> <span class='ocrx_word' id='word_1_255' title='bbox 325 3768 440 3847; x_wconf 79' lang='lat' dir='ltr'><em>singulis</em></span> <span class='ocrx_word' id='word_1_256' title='bbox 457 3781 547 3826; x_wconf 86' lang='lat' dir='ltr'><em>autem</em></span> <span class='ocrx_word' id='word_1_257' title='bbox 560 3767 634 3825; x_wconf 86' lang='lat' dir='ltr'><em>hisce</em></span> <span class='ocrx_word' id='word_1_258' title='bbox 648 3766 770 3848; x_wconf 78' lang='lat' dir='ltr'><em>&#39;epistolis</em></span> <span class='ocrx_word' id='word_1_259' title='bbox 787 3767 833 3826; x_wconf 89' lang='lat' dir='ltr'><em>hie</em></span> <span class='ocrx_word' id='word_1_260' title='bbox 842 3767 1057 3827; x_wconf 87' lang='lat' dir='ltr'><em>commemoratis</em></span> <span class='ocrx_word' id='word_1_261' title='bbox 1072 3767 1218 3847; x_wconf 76' lang='lat' dir='ltr'><em>agendum.</em></span> 
     </span>
    </p>

    <p class='ocr_par' dir='ltr' id='par_1_9' title="bbox 60 3859 1607 4306">
     <span class='ocr_line' id='line_1_26' title="bbox 105 3859 1606 3941; baseline 0.001 -23"><span class='ocrx_word' id='word_1_262' title='bbox 105 3860 248 3919; x_wconf 80' lang='lat' dir='ltr'><em>Emsrona</em></span> <span class='ocrx_word' id='word_1_263' title='bbox 267 3881 359 3919; x_wconf 82' lang='lat' dir='ltr'><em>rnrua</em></span> <span class='ocrx_word' id='word_1_264' title='bbox 383 3880 422 3917; x_wconf 80' lang='lat' dir='ltr'><em>an</em></span> <span class='ocrx_word' id='word_1_265' title='bbox 438 3860 649 3918; x_wconf 79' lang='lat' dir='ltr'><em>lnuocrnrruu</em></span> <span class='ocrx_word' id='word_1_266' title='bbox 669 3860 773 3917; x_wconf 74' lang='lat' dir='ltr'><em>Pareat</em></span> <span class='ocrx_word' id='word_1_267' title='bbox 793 3861 892 3940; x_wconf 90' lang='lat' dir='ltr'><em>scripta</em></span> <span class='ocrx_word' id='word_1_268' title='bbox 915 3861 967 3919; x_wconf 85' lang='lat' dir='ltr'><em>suit</em></span> <span class='ocrx_word' id='word_1_269' title='bbox 984 3873 1045 3940; x_wconf 91' lang='lat' dir='ltr'><em>post</em></span> <span class='ocrx_word' id='word_1_270' title='bbox 1064 3859 1176 3935; x_wconf 86' lang='lat' dir='ltr'><em>Pascha,</em></span> <span class='ocrx_word' id='word_1_271' title='bbox 1197 3873 1340 3938; x_wconf 89' lang='lat' dir='ltr'><em>antequam</em></span> <span class='ocrx_word' id='word_1_272' title='bbox 1352 3859 1561 3941; x_wconf 76' lang='lat' dir='ltr'><em>chrysostomus</em></span> <span class='ocrx_word' id='word_1_273' title='bbox 1577 3859 1606 3920; x_wconf 93' lang='lat' dir='ltr'><em>iu</em></span> 
     </span>
     <span class='ocr_line' id='line_1_27' title="bbox 63 3950 1606 4031; baseline -0.001 -19"><span class='ocrx_word' id='word_1_274' title='bbox 63 3952 212 4012; x_wconf 87' lang='lat' dir='ltr'><em>secundum</em></span> <span class='ocrx_word' id='word_1_275' title='bbox 236 3952 365 4012; x_wconf 80' lang='lat' dir='ltr'><em>exsilium</em></span> <span class='ocrx_word' id='word_1_276' title='bbox 388 3964 521 4031; x_wconf 77' lang='lat' dir='ltr'><em>pergeret,</em></span> <span class='ocrx_word' id='word_1_277' title='bbox 536 3972 552 4008; x_wconf 87' lang='lat' dir='ltr'><em>a</em></span> <span class='ocrx_word' id='word_1_278' title='bbox 565 3971 619 4029; x_wconf 91' lang='lat' dir='ltr'><em>quo</em></span> <span class='ocrx_word' id='word_1_279' title='bbox 633 3971 781 4029; x_wconf 88' lang='lat' dir='ltr'><em>numquam</em></span> <span class='ocrx_word' id='word_1_280' title='bbox 803 3951 892 4010; x_wconf 86' lang='lat' dir='ltr'><em>rediit.</em></span> <span class='ocrx_word' id='word_1_281' title='bbox 907 3952 997 4023; x_wconf 90' lang='lat' dir='ltr'><em>Quam</em></span> <span class='ocrx_word' id='word_1_282' title='bbox 1016 3951 1145 4031; x_wconf 90' lang='lat' dir='ltr'><em>temporis</em></span> <span class='ocrx_word' id='word_1_283' title='bbox 1165 3965 1255 4010; x_wconf 91' lang='lat' dir='ltr'><em>notam</em></span> <span class='ocrx_word' id='word_1_284' title='bbox 1269 3951 1334 4011; x_wconf 89' lang='lat' dir='ltr'><em>hinc</em></span> <span class='ocrx_word' id='word_1_285' title='bbox 1349 3965 1514 4026; x_wconf 89' lang='lat' dir='ltr'><em>mutuamur,</em></span> <span class='ocrx_word' id='word_1_286' title='bbox 1533 3950 1606 4031; x_wconf 89' lang='lat' dir='ltr'><em>qnod</em></span> 
     </span>
     <span class='ocr_line' id='line_1_28' title="bbox 63 4042 1605 4127; baseline -0.003 -22"><span class='ocrx_word' id='word_1_287' title='bbox 63 4047 281 4127; x_wconf 80' lang='lat' dir='ltr'><em>Chrysostomus,</em></span> <span class='ocrx_word' id='word_1_288' title='bbox 297 4059 439 4126; x_wconf 89' lang='lat' dir='ltr'><em>postquam</em></span> <span class='ocrx_word' id='word_1_289' title='bbox 453 4043 545 4102; x_wconf 90' lang='lat' dir='ltr'><em>omnia</em></span> <span class='ocrx_word' id='word_1_290' title='bbox 563 4045 704 4120; x_wconf 90' lang='lat' dir='ltr'><em>recensuit,</em></span> <span class='ocrx_word' id='word_1_291' title='bbox 720 4064 780 4121; x_wconf 84' lang='lat' dir='ltr'><em>quae</em></span> <span class='ocrx_word' id='word_1_292' title='bbox 799 4044 835 4102; x_wconf 81' lang='lat' dir='ltr'><em>alr</em></span> <span class='ocrx_word' id='word_1_293' title='bbox 855 4043 972 4102; x_wconf 85' lang='lat' dir='ltr'><em>adventu</em></span> <span class='ocrx_word' id='word_1_294' title='bbox 989 4042 1134 4123; x_wconf 89' lang='lat' dir='ltr'><em>Theophili</em></span> <span class='ocrx_word' id='word_1_295' title='bbox 1159 4042 1419 4123; x_wconf 85' lang='lat' dir='ltr'><em>Constantinopolim</em></span> <span class='ocrx_word' id='word_1_296' title='bbox 1433 4055 1506 4122; x_wconf 81' lang='lat' dir='ltr'><em>gesta</em></span> <span class='ocrx_word' id='word_1_297' title='bbox 1533 4057 1605 4115; x_wconf 89' lang='lat' dir='ltr'><em>sunt,</em></span> 
     </span>
     <span class='ocr_line' id='line_1_29' title="bbox 60 4132 1605 4218; baseline -0.002 -21"><span class='ocrx_word' id='word_1_298' title='bbox 60 4152 140 4218; x_wconf 92' lang='lat' dir='ltr'><em>postq</em></span> <span class='ocrx_word' id='word_1_299' title='bbox 146 4159 209 4196; x_wconf 89' lang='lat' dir='ltr'><em>nam</em></span> <span class='ocrx_word' id='word_1_300' title='bbox 215 4137 249 4196; x_wconf 89' lang='lat' dir='ltr'><em>de</em></span> <span class='ocrx_word' id='word_1_301' title='bbox 257 4134 477 4215; x_wconf 88' lang='lat' dir='ltr'><em>Pseudosynodo,</em></span> <span class='ocrx_word' id='word_1_302' title='bbox 490 4134 537 4193; x_wconf 90' lang='lat' dir='ltr'><em>uhi</em></span> <span class='ocrx_word' id='word_1_303' title='bbox 551 4134 608 4215; x_wconf 90' lang='lat' dir='ltr'><em>ipse</em></span> <span class='ocrx_word' id='word_1_304' title='bbox 618 4133 760 4215; x_wconf 90' lang='lat' dir='ltr'><em>depositus</em></span> <span class='ocrx_word' id='word_1_305' title='bbox 773 4136 871 4213; x_wconf 87' lang='lat' dir='ltr'><em>luerat,</em></span> <span class='ocrx_word' id='word_1_306' title='bbox 889 4136 954 4213; x_wconf 78' lang='lat' dir='ltr'><em>egit,</em></span> <span class='ocrx_word' id='word_1_307' title='bbox 966 4148 992 4193; x_wconf 91' lang='lat' dir='ltr'><em>et</em></span> <span class='ocrx_word' id='word_1_308' title='bbox 1004 4155 1032 4193; x_wconf 88' lang='lat' dir='ltr'><em>se</em></span> <span class='ocrx_word' id='word_1_309' title='bbox 1043 4132 1202 4193; x_wconf 90' lang='lat' dir='ltr'><em>destitutum</em></span> <span class='ocrx_word' id='word_1_310' title='bbox 1216 4135 1423 4212; x_wconf 88' lang='lat' dir='ltr'><em>restitutumque</em></span> <span class='ocrx_word' id='word_1_311' title='bbox 1435 4134 1517 4194; x_wconf 83' lang='lat' dir='ltr'><em>inisse</em></span> <span class='ocrx_word' id='word_1_312' title='bbox 1527 4155 1605 4194; x_wconf 90' lang='lat' dir='ltr'><em>oom-</em></span> 
     </span>
     <span class='ocr_line' id='line_1_30' title="bbox 62 4225 1607 4306; baseline -0.004 -16"><span class='ocrx_word' id='word_1_313' title='bbox 62 4230 231 4304; x_wconf 86' lang='lat' dir='ltr'><em>memoravit,</em></span> <span class='ocrx_word' id='word_1_314' title='bbox 247 4227 398 4306; x_wconf 88' lang='lat' dir='ltr'><em>deindeque</em></span> <span class='ocrx_word' id='word_1_315' title='bbox 411 4226 510 4285; x_wconf 91' lang='lat' dir='ltr'><em>iterum</em></span> <span class='ocrx_word' id='word_1_316' title='bbox 523 4227 689 4306; x_wconf 79' lang='lat' dir='ltr'><em>exagitatum</em></span> <span class='ocrx_word' id='word_1_317' title='bbox 703 4241 729 4286; x_wconf 90' lang='lat' dir='ltr'><em>et</em></span> <span class='ocrx_word' id='word_1_318' title='bbox 748 4242 911 4302; x_wconf 89' lang='lat' dir='ltr'><em>accusatum,</em></span> <span class='ocrx_word' id='word_1_319' title='bbox 927 4240 953 4285; x_wconf 90' lang='lat' dir='ltr'><em>et</em></span> <span class='ocrx_word' id='word_1_320' title='bbox 973 4247 1008 4285; x_wconf 83' lang='grc' dir='ltr'>σι</span> <span class='ocrx_word' id='word_1_321' title='bbox 1029 4225 1139 4285; x_wconf 87' lang='lat' dir='ltr'><em>ecclesia</em></span> <span class='ocrx_word' id='word_1_322' title='bbox 1154 4225 1264 4306; x_wconf 92' lang='lat' dir='ltr'><em>pulsum</em></span> <span class='ocrx_word' id='word_1_323' title='bbox 1273 4250 1281 4301; x_wconf 89' lang='lat'>;</span> <span class='ocrx_word' id='word_1_324' title='bbox 1298 4237 1440 4306; x_wconf 90' lang='lat' dir='ltr'><em>postquam</em></span> <span class='ocrx_word' id='word_1_325' title='bbox 1461 4225 1607 4287; x_wconf 85' lang='lat' dir='ltr'><em>violentam</em></span> 
     </span>
    </p>
   </div>
   <div class='ocr_carea' id='block_1_9' title="bbox 61 4317 1793 4402">
    <p class='ocr_par' dir='ltr' id='par_1_10' title="bbox 61 4317 1793 4402">
     <span class='ocr_line' id='line_1_31' title="bbox 61 4317 1793 4402; baseline -0.003 -22"><span class='ocrx_word' id='word_1_326' title='bbox 61 4321 241 4402; x_wconf 89' lang='lat' dir='ltr'><em>irruptionem</em></span> <span class='ocrx_word' id='word_1_327' title='bbox 251 4319 278 4378; x_wconf 92' lang='lat' dir='ltr'><em>in</em></span> <span class='ocrx_word' id='word_1_328' title='bbox 289 4319 428 4379; x_wconf 87' lang='lat' dir='ltr'><em>ecelesiam</em></span> <span class='ocrx_word' id='word_1_329' title='bbox 447 4317 513 4377; x_wconf 90' lang='lat' dir='ltr'><em>etin</em></span> <span class='ocrx_word' id='word_1_330' title='bbox 528 4317 717 4398; x_wconf 86' lang='lat' dir='ltr'><em>baptisterium</em></span> <span class='ocrx_word' id='word_1_331' title='bbox 735 4320 835 4378; x_wconf 84' lang='lat' dir='ltr'><em>factam</em></span> <span class='ocrx_word' id='word_1_332' title='bbox 850 4317 985 4378; x_wconf 85' lang='lat' dir='ltr'><em>enarravit</em></span> <span class='ocrx_word' id='word_1_333' title='bbox 1005 4317 1072 4376; x_wconf 87' lang='lat' dir='ltr'><em>:hic</em></span> <span class='ocrx_word' id='word_1_334' title='bbox 1086 4317 1199 4397; x_wconf 76' lang='lat' dir='ltr'><em>gradum</em></span> <span class='ocrx_word' id='word_1_335' title='bbox 1214 4318 1293 4394; x_wconf 86' lang='lat' dir='ltr'><em>sistit,</em></span> <span class='ocrx_word' id='word_1_336' title='bbox 1312 4339 1360 4376; x_wconf 90' lang='lat' dir='ltr'><em>nec</em></span> <span class='ocrx_word' id='word_1_337' title='bbox 1382 4339 1412 4376; x_wconf 90' lang='lat' dir='ltr'><em>ea</em></span> <span class='ocrx_word' id='word_1_338' title='bbox 1434 4338 1494 4396; x_wconf 84' lang='lat' dir='ltr'><em>qnae</em></span> <span class='ocrx_word' id='word_1_339' title='bbox 1514 4331 1607 4398; x_wconf 86' lang='lat' dir='ltr'><em>postca</em></span> <span class='ocrx_word' id='word_1_340' title='bbox 1712 4321 1715 4327; x_wconf 80' lang='grc'><em>’</em></span> <span class='ocrx_word' id='word_1_341' title='bbox 1789 4325 1793 4333; x_wconf 75' lang='grc'><em>“</em></span> 
     </span>
    </p>
   </div>
   <div class='ocr_carea' id='block_1_10' title="bbox 60 4407 1611 5329">
    <p class='ocr_par' dir='ltr' id='par_1_11' title="bbox 60 4407 1607 5040">
     <span class='ocr_line' id='line_1_32' title="bbox 63 4407 1606 4493; baseline -0.003 -21"><span class='ocrx_word' id='word_1_342' title='bbox 63 4427 138 4493; x_wconf 77' lang='lat' dir='ltr'><em>gesta</em></span> <span class='ocrx_word' id='word_1_343' title='bbox 164 4426 227 4470; x_wconf 89' lang='lat' dir='ltr'><em>sunt</em></span> <span class='ocrx_word' id='word_1_344' title='bbox 250 4425 275 4470; x_wconf 90' lang='lat' dir='ltr'><em>et</em></span> <span class='ocrx_word' id='word_1_345' title='bbox 291 4410 401 4489; x_wconf 90' lang='lat' dir='ltr'><em>quidem</em></span> <span class='ocrx_word' id='word_1_346' title='bbox 413 4409 578 4469; x_wconf 89' lang='lat' dir='ltr'><em>atrocissima</em></span> <span class='ocrx_word' id='word_1_347' title='bbox 596 4424 797 4470; x_wconf 88' lang='lat' dir='ltr'><em>commemorat.</em></span> <span class='ocrx_word' id='word_1_348' title='bbox 814 4412 883 4469; x_wconf 85' lang='lat' dir='ltr'><em>Cum</em></span> <span class='ocrx_word' id='word_1_349' title='bbox 902 4423 1004 4482; x_wconf 87' lang='lat' dir='ltr'><em>autem,</em></span> <span class='ocrx_word' id='word_1_350' title='bbox 1024 4422 1054 4466; x_wconf 92' lang='lat' dir='ltr'><em>ut</em></span> <span class='ocrx_word' id='word_1_351' title='bbox 1067 4409 1192 4468; x_wconf 80' lang='lat' dir='ltr'><em>observat</em></span> <span class='ocrx_word' id='word_1_352' title='bbox 1209 4409 1341 4468; x_wconf 90' lang='lat' dir='ltr'><em>Baronius</em></span> <span class='ocrx_word' id='word_1_353' title='bbox 1361 4407 1395 4467; x_wconf 92' lang='lat' dir='ltr'><em>ad</em></span> <span class='ocrx_word' id='word_1_354' title='bbox 1418 4429 1519 4467; x_wconf 89' lang='lat' dir='ltr'><em>annum</em></span> <span class='ocrx_word' id='word_1_355' title='bbox 1536 4409 1606 4484; x_wconf 60' lang='lat'><em>404,</em></span> 
     </span>
     <span class='ocr_line' id='line_1_33' title="bbox 64 4499 1607 4582; baseline -0.001 -21"><span class='ocrx_word' id='word_1_356' title='bbox 64 4517 199 4562; x_wconf 70' lang='lat' dir='ltr'><em>«cunctas</em></span> <span class='ocrx_word' id='word_1_357' title='bbox 210 4523 252 4562; x_wconf 86' lang='lat' dir='ltr'><em>res</em></span> <span class='ocrx_word' id='word_1_358' title='bbox 263 4517 349 4582; x_wconf 79' lang='lat' dir='ltr'><em>gestas</em></span> <span class='ocrx_word' id='word_1_359' title='bbox 363 4501 457 4560; x_wconf 87' lang='lat' dir='ltr'><em>ordine</em></span> <span class='ocrx_word' id='word_1_360' title='bbox 469 4501 596 4582; x_wconf 84' lang='lat' dir='ltr'><em>temporis</em></span> <span class='ocrx_word' id='word_1_361' title='bbox 608 4501 752 4582; x_wconf 87' lang='lat' dir='ltr'><em>dispositas</em></span> <span class='ocrx_word' id='word_1_362' title='bbox 763 4514 865 4578; x_wconf 85' lang='lat' dir='ltr'><em>narrat,</em></span> <span class='ocrx_word' id='word_1_363' title='bbox 881 4502 1081 4579; x_wconf 87' lang='lat' dir='ltr'><em>orationemque</em></span> <span class='ocrx_word' id='word_1_364' title='bbox 1090 4499 1125 4559; x_wconf 91' lang='lat' dir='ltr'><em>ad</em></span> <span class='ocrx_word' id='word_1_365' title='bbox 1140 4522 1170 4559; x_wconf 81' lang='lat' dir='ltr'><em>en</em></span> <span class='ocrx_word' id='word_1_366' title='bbox 1189 4522 1248 4578; x_wconf 83' lang='lat' dir='ltr'><em>quae</em></span> <span class='ocrx_word' id='word_1_367' title='bbox 1259 4501 1287 4558; x_wconf 94' lang='lat' dir='ltr'><em>in</em></span> <span class='ocrx_word' id='word_1_368' title='bbox 1305 4520 1403 4579; x_wconf 82' lang='lat' dir='ltr'><em>magno</em></span> <span class='ocrx_word' id='word_1_369' title='bbox 1419 4499 1531 4560; x_wconf 88' lang='lat' dir='ltr'><em>sahbato</em></span> <span class='ocrx_word' id='word_1_370' title='bbox 1548 4514 1607 4560; x_wconf 85' lang='lat' dir='ltr'><em>acta</em></span> 
     </span>
     <span class='ocr_line' id='line_1_34' title="bbox 63 4590 1606 4674; baseline -0.002 -21"><span class='ocrx_word' id='word_1_371' title='bbox 63 4608 127 4653; x_wconf 91' lang='lat' dir='ltr'><em>sunt</em></span> <span class='ocrx_word' id='word_1_372' title='bbox 140 4592 273 4674; x_wconf 90' lang='lat' dir='ltr'><em>perducit,</em></span> <span class='ocrx_word' id='word_1_373' title='bbox 285 4593 377 4652; x_wconf 89' lang='lat' dir='ltr'><em>sedde</em></span> <span class='ocrx_word' id='word_1_374' title='bbox 390 4591 451 4651; x_wconf 87' lang='lat' dir='ltr'><em>aliis</em></span> <span class='ocrx_word' id='word_1_375' title='bbox 463 4614 521 4670; x_wconf 85' lang='lat' dir='ltr'><em>quae</em></span> <span class='ocrx_word' id='word_1_376' title='bbox 533 4606 624 4673; x_wconf 89' lang='lat' dir='ltr'><em>postea</em></span> <span class='ocrx_word' id='word_1_377' title='bbox 641 4593 802 4671; x_wconf 81' lang='lat' dir='ltr'><em>gravissima</em></span> <span class='ocrx_word' id='word_1_378' title='bbox 820 4593 999 4672; x_wconf 77' lang='lat' dir='ltr'><em>contigerunt,</em></span> <span class='ocrx_word' id='word_1_379' title='bbox 1017 4591 1214 4669; x_wconf 88' lang='lat' dir='ltr'><em>nequidquam</em></span> <span class='ocrx_word' id='word_1_380' title='bbox 1235 4591 1334 4650; x_wconf 90' lang='lat' dir='ltr'><em>scribat</em></span> <span class='ocrx_word' id='word_1_381' title='bbox 1352 4614 1358 4647; x_wconf 91' lang='lat'><strong>:</strong></span> <span class='ocrx_word' id='word_1_382' title='bbox 1378 4590 1456 4671; x_wconf 91' lang='lat' dir='ltr'><em>plane</em></span> <span class='ocrx_word' id='word_1_383' title='bbox 1475 4591 1606 4662; x_wconf 75' lang='lat' dir='ltr'><em>declarat,</em></span> 
     </span>
     <span class='ocr_line' id='line_1_35' title="bbox 62 4681 1606 4765; baseline -0.003 -21"><span class='ocrx_word' id='word_1_384' title='bbox 62 4707 94 4745; x_wconf 90' lang='grc' dir='ltr'>σο</span> <span class='ocrx_word' id='word_1_385' title='bbox 108 4684 310 4765; x_wconf 85' lang='lat' dir='ltr'><em>temporeillam</em></span> <span class='ocrx_word' id='word_1_386' title='bbox 322 4706 350 4743; x_wconf 88' lang='lat' dir='ltr'><em>se</em></span> <span class='ocrx_word' id='word_1_387' title='bbox 357 4682 465 4742; x_wconf 89' lang='lat' dir='ltr'><em>dedisse</em></span> <span class='ocrx_word' id='word_1_388' title='bbox 479 4684 629 4763; x_wconf 87' lang='lat' dir='ltr'><em>epistolam,</em></span> <span class='ocrx_word' id='word_1_389' title='bbox 637 4706 691 4762; x_wconf 91' lang='lat' dir='ltr'><em>quo</em></span> <span class='ocrx_word' id='word_1_390' title='bbox 702 4686 876 4764; x_wconf 76' lang='lat' dir='ltr'><em>contigerunt</em></span> <span class='ocrx_word' id='word_1_391' title='bbox 884 4706 925 4757; x_wconf 89' lang='lat' dir='ltr'><em>ea,</em></span> <span class='ocrx_word' id='word_1_392' title='bbox 939 4706 998 4763; x_wconf 80' lang='lat' dir='ltr'><em>quae</em></span> <span class='ocrx_word' id='word_1_393' title='bbox 1009 4684 1154 4743; x_wconf 82' lang='lat' dir='ltr'><em>novissime</em></span> <span class='ocrx_word' id='word_1_394' title='bbox 1164 4683 1191 4741; x_wconf 91' lang='lat' dir='ltr'><em>in</em></span> <span class='ocrx_word' id='word_1_395' title='bbox 1202 4683 1259 4763; x_wconf 87' lang='lat' dir='ltr'><em>ipse</em></span> <span class='ocrx_word' id='word_1_396' title='bbox 1277 4681 1578 4744; x_wconf 79' lang='lat' dir='ltr'><em>literiscommeudevit.</em></span> <span class='ocrx_word' id='word_1_397' title='bbox 1591 4708 1606 4739; x_wconf 85' lang='grc' dir='ltr'><em>ιι</em></span> 
     </span>
     <span class='ocr_line' id='line_1_36' title="bbox 62 4773 1605 4858; baseline -0.001 -22"><span class='ocrx_word' id='word_1_398' title='bbox 62 4779 126 4836; x_wconf 91' lang='lat' dir='ltr'><em>Post</em></span> <span class='ocrx_word' id='word_1_399' title='bbox 146 4776 247 4836; x_wconf 85' lang='lat' dir='ltr'><em>Pascha</em></span> <span class='ocrx_word' id='word_1_400' title='bbox 263 4777 347 4855; x_wconf 78' lang='lat' dir='ltr'><em>igitur</em></span> <span class='ocrx_word' id='word_1_401' title='bbox 362 4775 425 4834; x_wconf 90' lang='lat' dir='ltr'><em>anni</em></span> <span class='ocrx_word' id='word_1_402' title='bbox 441 4776 501 4833; x_wconf 74' lang='lat' dir='ltr'><em>tut</em></span> <span class='ocrx_word' id='word_1_403' title='bbox 515 4774 585 4834; x_wconf 83' lang='lat' dir='ltr'><em>hanc</em></span> <span class='ocrx_word' id='word_1_404' title='bbox 600 4776 741 4856; x_wconf 86' lang='lat' dir='ltr'><em>epistolam</em></span> <span class='ocrx_word' id='word_1_405' title='bbox 758 4777 869 4858; x_wconf 86' lang='lat' dir='ltr'><em>scripsit</em></span> <span class='ocrx_word' id='word_1_406' title='bbox 889 4799 895 4832; x_wconf 82' lang='grc' dir='ltr'>ι</span> <span class='ocrx_word' id='word_1_407' title='bbox 916 4797 979 4834; x_wconf 88' lang='lat' dir='ltr'><em>nam</em></span> <span class='ocrx_word' id='word_1_408' title='bbox 997 4777 1054 4834; x_wconf 77' lang='lat' dir='ltr'><em>Ubi</em></span> <span class='ocrx_word' id='word_1_409' title='bbox 1066 4776 1166 4832; x_wconf 77' lang='lat' dir='ltr'><em>illuxit</em></span> <span class='ocrx_word' id='word_1_410' title='bbox 1181 4775 1253 4845; x_wconf 83' lang='lat' dir='ltr'><em>dies,</em></span> <span class='ocrx_word' id='word_1_411' title='bbox 1268 4773 1358 4851; x_wconf 89' lang='lat' dir='ltr'><em>inquit</em></span> <span class='ocrx_word' id='word_1_412' title='bbox 1374 4774 1402 4833; x_wconf 93' lang='lat' dir='ltr'><em>in</em></span> <span class='ocrx_word' id='word_1_413' title='bbox 1426 4773 1477 4834; x_wconf 91' lang='lat' dir='ltr'><em>hac</em></span> <span class='ocrx_word' id='word_1_414' title='bbox 1490 4776 1605 4857; x_wconf 83' lang='lat' dir='ltr'><em>epistola</em></span> 
     </span>
     <span class='ocr_line' id='line_1_37' title="bbox 60 4867 1603 4950; baseline -0.001 -22"><span class='ocrx_word' id='word_1_415' title='bbox 60 4869 285 4950; x_wconf 82' lang='lat' dir='ltr'><em>Chrysostomus,</em></span> <span class='ocrx_word' id='word_1_416' title='bbox 303 4871 398 4926; x_wconf 89' lang='lat' dir='ltr'><em>omnis</em></span> <span class='ocrx_word' id='word_1_417' title='bbox 410 4871 517 4926; x_wconf 84' lang='lat' dir='ltr'><em>civitas</em></span> <span class='ocrx_word' id='word_1_418' title='bbox 528 4881 613 4927; x_wconf 83' lang='lat' dir='ltr'><em>extra</em></span> <span class='ocrx_word' id='word_1_419' title='bbox 625 4889 722 4928; x_wconf 88' lang='lat' dir='ltr'><em>muros</em></span> <span class='ocrx_word' id='word_1_420' title='bbox 734 4873 786 4929; x_wconf 86' lang='lat' dir='ltr'><em>sub</em></span> <span class='ocrx_word' id='word_1_421' title='bbox 801 4872 930 4941; x_wconf 84' lang='lat' dir='ltr'><em>arbores,</em></span> <span class='ocrx_word' id='word_1_422' title='bbox 943 4880 971 4927; x_wconf 90' lang='lat' dir='ltr'><em>et</em></span> <span class='ocrx_word' id='word_1_423' title='bbox 986 4870 1018 4925; x_wconf 86' lang='lat' dir='ltr'><em>in</em></span> <span class='ocrx_word' id='word_1_424' title='bbox 1036 4885 1157 4926; x_wconf 86' lang='lat' dir='ltr'><em>nemora</em></span> <span class='ocrx_word' id='word_1_425' title='bbox 1173 4868 1339 4947; x_wconf 82' lang='lat' dir='ltr'><em>emigravit,</em></span> <span class='ocrx_word' id='word_1_426' title='bbox 1354 4869 1397 4925; x_wconf 82' lang='lat' dir='ltr'><em>ihi</em></span> <span class='ocrx_word' id='word_1_427' title='bbox 1403 4867 1514 4947; x_wconf 80' lang='lat' dir='ltr'><em>festum</em></span> <span class='ocrx_word' id='word_1_428' title='bbox 1524 4868 1603 4927; x_wconf 74' lang='lat' dir='ltr'><em>diem</em></span> 
     </span>
     <span class='ocr_line' id='line_1_38' title="bbox 60 4960 575 5040; baseline -0.002 -21"><span class='ocrx_word' id='word_1_429' title='bbox 60 4962 225 5032; x_wconf 83' lang='lat' dir='ltr'><em>celebrans,</em></span> <span class='ocrx_word' id='word_1_430' title='bbox 243 4963 330 5040; x_wconf 85' lang='lat' dir='ltr'><em>quasi</em></span> <span class='ocrx_word' id='word_1_431' title='bbox 342 4980 409 5018; x_wconf 83' lang='lat' dir='ltr'><em>oves</em></span> <span class='ocrx_word' id='word_1_432' title='bbox 428 4960 575 5039; x_wconf 75' lang='lat' dir='ltr'><em>disperse.</em></span> 
     </span>
    </p>

    <p class='ocr_par' dir='ltr' id='par_1_12' title="bbox 64 5048 1611 5329">
     <span class='ocr_line' id='line_1_39' title="bbox 101 5048 1609 5132; baseline -0.001 -21"><span class='ocrx_word' id='word_1_433' title='bbox 101 5051 254 5111; x_wconf 84' lang='lat' dir='ltr'><em>Recensitis</em></span> <span class='ocrx_word' id='word_1_434' title='bbox 269 5051 353 5130; x_wconf 79' lang='lat' dir='ltr'><em>igitur</em></span> <span class='ocrx_word' id='word_1_435' title='bbox 367 5049 411 5123; x_wconf 92' lang='lat' dir='ltr'><em>iis,</em></span> <span class='ocrx_word' id='word_1_436' title='bbox 422 5072 482 5128; x_wconf 77' lang='lat' dir='ltr'><em>qna</em></span> <span class='ocrx_word' id='word_1_437' title='bbox 497 5063 588 5110; x_wconf 88' lang='lat' dir='ltr'><em>contra</em></span> <span class='ocrx_word' id='word_1_438' title='bbox 608 5071 720 5111; x_wconf 87' lang='lat' dir='ltr'><em>canones</em></span> <span class='ocrx_word' id='word_1_439' title='bbox 734 5057 808 5132; x_wconf 79' lang='lat' dir='ltr'><em>gesta</em></span> <span class='ocrx_word' id='word_1_440' title='bbox 833 5066 905 5128; x_wconf 88' lang='lat' dir='ltr'><em>sunt,</em></span> <span class='ocrx_word' id='word_1_441' title='bbox 919 5051 1104 5110; x_wconf 89' lang='lat' dir='ltr'><em>Innocentium</em></span> <span class='ocrx_word' id='word_1_442' title='bbox 1126 5049 1258 5125; x_wconf 86' lang='lat' dir='ltr'><em>obsecrat,</em></span> <span class='ocrx_word' id='word_1_443' title='bbox 1271 5061 1302 5109; x_wconf 87' lang='lat' dir='ltr'><em>ut</em></span> <span class='ocrx_word' id='word_1_444' title='bbox 1326 5051 1383 5109; x_wconf 86' lang='lat' dir='ltr'><em>sibi</em></span> <span class='ocrx_word' id='word_1_445' title='bbox 1400 5048 1566 5129; x_wconf 85' lang='lat' dir='ltr'><em>condoleat,</em></span> <span class='ocrx_word' id='word_1_446' title='bbox 1580 5063 1609 5109; x_wconf 92' lang='lat' dir='ltr'><em>et</em></span> 
     </span>
     <span class='ocr_line' id='line_1_40' title="bbox 64 5139 1611 5223; baseline 0 -22"><span class='ocrx_word' id='word_1_447' title='bbox 64 5145 141 5202; x_wconf 83' lang='lat' dir='ltr'><em>nihil</em></span> <span class='ocrx_word' id='word_1_448' title='bbox 149 5164 208 5202; x_wconf 87' lang='lat' dir='ltr'><em>non</em></span> <span class='ocrx_word' id='word_1_449' title='bbox 222 5155 294 5223; x_wconf 76' lang='lat' dir='ltr'><em>aget</em></span> <span class='ocrx_word' id='word_1_450' title='bbox 305 5155 338 5202; x_wconf 89' lang='lat' dir='ltr'><em>ut</em></span> <span class='ocrx_word' id='word_1_451' title='bbox 352 5145 400 5201; x_wconf 84' lang='lat' dir='ltr'><em>hio</em></span> <span class='ocrx_word' id='word_1_452' title='bbox 409 5141 636 5221; x_wconf 83' lang='lat' dir='ltr'><em>malorumsmis</em></span> <span class='ocrx_word' id='word_1_453' title='bbox 650 5146 699 5202; x_wconf 89' lang='lat' dir='ltr'><em>sit.</em></span> <span class='ocrx_word' id='word_1_454' title='bbox 710 5143 815 5223; x_wconf 73' lang='lat' dir='ltr'><em>Saepius</em></span> <span class='ocrx_word' id='word_1_455' title='bbox 829 5158 920 5202; x_wconf 88' lang='lat' dir='ltr'><em>autem</em></span> <span class='ocrx_word' id='word_1_456' title='bbox 934 5143 1120 5203; x_wconf 87' lang='lat' dir='ltr'><em>Innocentium</em></span> <span class='ocrx_word' id='word_1_457' title='bbox 1131 5141 1218 5201; x_wconf 89' lang='lat' dir='ltr'><em>solum</em></span> <span class='ocrx_word' id='word_1_458' title='bbox 1230 5139 1393 5220; x_wconf 82' lang='lat' dir='ltr'><em>alloquitur3</em></span> <span class='ocrx_word' id='word_1_459' title='bbox 1406 5160 1611 5221; x_wconf 84' lang='lat' dir='ltr'><em>nonnumquam</em></span> 
     </span>
     <span class='ocr_line' id='line_1_41' title="bbox 64 5231 1611 5329; baseline 0.001 -35"><span class='ocrx_word' id='word_1_460' title='bbox 64 5246 153 5295; x_wconf 90' lang='lat' dir='ltr'><em>tamen</em></span> <span class='ocrx_word' id='word_1_461' title='bbox 166 5235 306 5316; x_wconf 80' lang='lat' dir='ltr'><em>episcopos</em></span> <span class='ocrx_word' id='word_1_462' title='bbox 319 5234 347 5294; x_wconf 93' lang='lat' dir='ltr'><em>in</em></span> <span class='ocrx_word' id='word_1_463' title='bbox 358 5233 468 5314; x_wconf 88' lang='lat' dir='ltr'><em>plurali,</em></span> <span class='ocrx_word' id='word_1_464' title='bbox 482 5231 554 5310; x_wconf 89' lang='lat' dir='ltr'><em>quod</em></span> <span class='ocrx_word' id='word_1_465' title='bbox 568 5232 647 5294; x_wconf 89' lang='lat' dir='ltr'><em>sciret</em></span> <span class='ocrx_word' id='word_1_466' title='bbox 660 5233 846 5295; x_wconf 88' lang='lat' dir='ltr'><em>Innocentium</em></span> <span class='ocrx_word' id='word_1_467' title='bbox 858 5235 929 5295; x_wconf 89' lang='lat' dir='ltr'><em>hanc</em></span> <span class='ocrx_word' id='word_1_468' title='bbox 942 5235 1084 5315; x_wconf 83' lang='lat' dir='ltr'><em>epistolem</em></span> <span class='ocrx_word' id='word_1_469' title='bbox 1101 5233 1197 5298; x_wconf 80' lang='lat' dir='ltr'><em>ricinis</em></span> <span class='ocrx_word' id='word_1_470' title='bbox 1212 5232 1343 5315; x_wconf 83' lang='lat' dir='ltr'><em>episcopis</em></span> <span class='ocrx_word' id='word_1_471' title='bbox 1351 5244 1520 5311; x_wconf 74' lang='lat' dir='ltr'><em>ostentorum</em></span> <span class='ocrx_word' id='word_1_472' title='bbox 1538 5252 1611 5329; x_wconf 58' lang='lat' dir='ltr'><em>,q-</em></span> 
     </span>
    </p>
   </div>
   <div class='ocr_carea' id='block_1_11' title="bbox 0 0 1886 5992">
    <p class='ocr_par' dir='ltr' id='par_1_13' title="bbox 0 0 1886 5992">
     <span class='ocr_line' id='line_1_42' title="bbox 0 0 1886 5992; baseline 0 3"><span class='ocrx_word' id='word_1_473' title='bbox 0 0 1886 5992; x_wconf 95' lang='lat' dir='ltr'><em> </em></span> 
     </span>
    </p>
   </div>
  </div>
 </body>
</html>
