<?xml version="1.0" encoding="UTF-8"?>
<!DOCTYPE html PUBLIC "-//W3C//DTD XHTML 1.0 Transitional//EN"
    "http://www.w3.org/TR/xhtml1/DTD/xhtml1-transitional.dtd">
<html xmlns="http://www.w3.org/1999/xhtml" xml:lang="en" lang="en">
 <head>
  <title>
</title>
<meta http-equiv="Content-Type" content="text/html;charset=utf-8" />
  <meta name='ocr-system' content='tesseract 3.04.00' />
  <meta name='ocr-capabilities' content='ocr_page ocr_carea ocr_par ocr_line ocrx_word'/>
</head>
<body>
  <div class='ocr_page' id='page_1' title='image "./sanctipatrisnos03chrygoog_0414.png"; bbox 0 0 3810 6000; ppageno 0'>
   <div class='ocr_carea' id='block_1_1' title="bbox 80 5188 93 5279">
    <p class='ocr_par' dir='ltr' id='par_1_1' title="bbox 80 5188 93 5279">
     <span class='ocr_line' id='line_1_1' title="bbox 80 5188 93 5223; baseline 0 -22"><span class='ocrx_word' id='word_1_1' title='bbox 80 5188 93 5223; x_wconf 56' lang='lat' dir='ltr'>p</span> 
     </span>
     <span class='ocr_line' id='line_1_2' title="bbox 80 5258 84 5279; baseline 0 0"><span class='ocrx_word' id='word_1_2' title='bbox 80 5258 84 5279; x_wconf 92' lang='lat' dir='ltr'>l</span> 
     </span>
    </p>
   </div>
   <div class='ocr_carea' id='block_1_2' title="bbox 656 463 1627 559">
    <p class='ocr_par' dir='ltr' id='par_1_2' title="bbox 656 463 1627 559">
     <span class='ocr_line' id='line_1_3' title="bbox 656 463 1627 559; baseline 0.005 -33"><span class='ocrx_word' id='word_1_3' title='bbox 656 478 689 526; x_wconf 86' lang='grc' dir='ltr'>ιιι</span> <span class='ocrx_word' id='word_1_4' title='bbox 717 476 848 524; x_wconf 77' lang='lat' dir='ltr'>annisu</span> <span class='ocrx_word' id='word_1_5' title='bbox 875 476 918 525; x_wconf 83' lang='lat' dir='ltr'>nr</span> <span class='ocrx_word' id='word_1_6' title='bbox 944 475 1091 524; x_wconf 80' lang='lat' dir='ltr'>vinnan.</span> <span class='ocrx_word' id='word_1_7' title='bbox 1558 463 1627 559; x_wconf 76' lang='lat'>397</span> 
     </span>
    </p>
   </div>
   <div class='ocr_carea' id='block_1_3' title="bbox 106 591 1797 5272">
    <p class='ocr_par' dir='ltr' id='par_1_3' title="bbox 106 591 1797 5272">
     <span class='ocr_line' id='line_1_4' title="bbox 106 591 1630 691; baseline 0.005 -29"><span class='ocrx_word' id='word_1_8' title='bbox 106 602 262 683; x_wconf 78' lang='grc' dir='ltr'>εἷεταπίσης,</span> <span class='ocrx_word' id='word_1_9' title='bbox 276 600 344 680; x_wconf 64' lang='lat' dir='ltr'>pall</span> <span class='ocrx_word' id='word_1_10' title='bbox 358 603 480 682; x_wconf 73' lang='grc' dir='ltr'>θπογνῷς</span> <span class='ocrx_word' id='word_1_11' title='bbox 502 600 615 681; x_wconf 77' lang='grc' dir='ltr'><strong>νομίζων</strong></span> <span class='ocrx_word' id='word_1_12' title='bbox 629 601 720 682; x_wconf 80' lang='grc' dir='ltr'>ίτίρας</span> <span class='ocrx_word' id='word_1_13' title='bbox 738 591 805 662; x_wconf 77' lang='grc' dir='ltr'>εἶναι</span> <span class='ocrx_word' id='word_1_14' title='bbox 818 599 863 660; x_wconf 86' lang='grc' dir='ltr'>τδν</span> <span class='ocrx_word' id='word_1_15' title='bbox 913 599 1015 660; x_wconf 82' lang='lat' dir='ltr'>lactum</span> <span class='ocrx_word' id='word_1_16' title='bbox 1039 600 1109 661; x_wconf 92' lang='lat' dir='ltr'>illud</span> <span class='ocrx_word' id='word_1_17' title='bbox 1128 604 1244 683; x_wconf 76' lang='lat' dir='ltr'>profuit,</span> <span class='ocrx_word' id='word_1_18' title='bbox 1263 605 1310 667; x_wconf 81' lang='lat' dir='ltr'>ted</span> <span class='ocrx_word' id='word_1_19' title='bbox 1331 606 1366 666; x_wconf 92' lang='lat' dir='ltr'>ad</span> <span class='ocrx_word' id='word_1_20' title='bbox 1391 608 1468 668; x_wconf 83' lang='lat' dir='ltr'>aliud</span> <span class='ocrx_word' id='word_1_21' title='bbox 1489 609 1630 691; x_wconf 77' lang='lat' dir='ltr'><strong>quidpiam</strong></span> 
     </span>
     <span class='ocr_line' id='line_1_5' title="bbox 110 691 1630 776; baseline 0.006 -20"><span class='ocrx_word' id='word_1_22' title='bbox 110 696 229 776; x_wconf 70' lang='grc' dir='ltr'>ίάρωιεον</span> <span class='ocrx_word' id='word_1_23' title='bbox 242 694 363 776; x_wconf 87' lang='grc' dir='ltr'>φύσεως,</span> <span class='ocrx_word' id='word_1_24' title='bbox 376 693 423 754; x_wconf 81' lang='grc' dir='ltr'>καί</span> <span class='ocrx_word' id='word_1_25' title='bbox 433 694 478 754; x_wconf 72' lang='grc' dir='ltr'>διὰ</span> <span class='ocrx_word' id='word_1_26' title='bbox 494 700 571 754; x_wconf 88' lang='grc' dir='ltr'>τοῦτο</span> <span class='ocrx_word' id='word_1_27' title='bbox 590 693 721 767; x_wconf 73' lang='grc' dir='ltr'>τοσαύτην</span> <span class='ocrx_word' id='word_1_28' title='bbox 732 694 798 774; x_wconf 74' lang='grc' dir='ltr'>πρὸς</span> <span class='ocrx_word' id='word_1_29' title='bbox 817 693 863 751; x_wconf 80' lang='grc' dir='ltr'>τὸν</span> <span class='ocrx_word' id='word_1_30' title='bbox 915 691 1003 752; x_wconf 85' lang='lat' dir='ltr'><strong>nihilo</strong></span> <span class='ocrx_word' id='word_1_31' title='bbox 1017 693 1107 754; x_wconf 89' lang='lat' dir='ltr'>minus</span> <span class='ocrx_word' id='word_1_32' title='bbox 1122 696 1182 756; x_wconf 86' lang='lat' dir='ltr'>isto.</span> <span class='ocrx_word' id='word_1_33' title='bbox 1202 697 1347 770; x_wconf 82' lang='lat' dir='ltr'><strong>Quodnam</strong></span> <span class='ocrx_word' id='word_1_34' title='bbox 1361 700 1431 761; x_wconf 94' lang='lat' dir='ltr'>illud</span> <span class='ocrx_word' id='word_1_35' title='bbox 1444 702 1577 763; x_wconf 79' lang='lat' dir='ltr'>tandem?</span> <span class='ocrx_word' id='word_1_36' title='bbox 1591 706 1630 765; x_wconf 88' lang='lat' dir='ltr'>Ut</span> 
     </span>
     <span class='ocr_line' id='line_1_6' title="bbox 111 769 1630 872; baseline 0.007 -25"><span class='ocrx_word' id='word_1_37' title='bbox 111 787 165 848; x_wconf 75' lang='grc' dir='ltr'>θεὸν</span> <span class='ocrx_word' id='word_1_38' title='bbox 175 785 320 866; x_wconf 75' lang='grc' dir='ltr'>ίσχηιιίναι</span> <span class='ocrx_word' id='word_1_39' title='bbox 346 769 396 859; x_wconf 76' lang='grc' dir='ltr'>τὴν</span> <span class='ocrx_word' id='word_1_40' title='bbox 416 784 578 867; x_wconf 75' lang='grc' dir='ltr'>παρρησίαν.</span> <span class='ocrx_word' id='word_1_41' title='bbox 594 786 685 866; x_wconf 86' lang='grc' dir='ltr'>Ὅπερ</span> <span class='ocrx_word' id='word_1_42' title='bbox 707 777 750 845; x_wconf 76' lang='grc' dir='ltr'>οῦν</span> <span class='ocrx_word' id='word_1_43' title='bbox 765 786 811 845; x_wconf 86' lang='grc' dir='ltr'>καί</span> <span class='ocrx_word' id='word_1_44' title='bbox 824 809 864 852; x_wconf 87' lang='grc' dir='ltr'>τις</span> <span class='ocrx_word' id='word_1_45' title='bbox 915 804 978 842; x_wconf 88' lang='lat' dir='ltr'>cum</span> <span class='ocrx_word' id='word_1_46' title='bbox 994 798 1020 844; x_wconf 93' lang='lat' dir='ltr'>te</span> <span class='ocrx_word' id='word_1_47' title='bbox 1032 786 1169 869; x_wconf 83' lang='lat' dir='ltr'>quispiam</span> <span class='ocrx_word' id='word_1_48' title='bbox 1183 789 1216 848; x_wconf 89' lang='lat' dir='ltr'>ad</span> <span class='ocrx_word' id='word_1_49' title='bbox 1231 791 1368 872; x_wconf 71' lang='lat' dir='ltr'>prophetae</span> <span class='ocrx_word' id='word_1_50' title='bbox 1382 795 1469 854; x_wconf 82' lang='lat' dir='ltr'>zelum</span> <span class='ocrx_word' id='word_1_51' title='bbox 1482 796 1563 856; x_wconf 88' lang='lat' dir='ltr'>luerit</span> <span class='ocrx_word' id='word_1_52' title='bbox 1580 797 1630 857; x_wconf 89' lang='lat' dir='ltr'>ad·</span> 
     </span>
     <span class='ocr_line' id='line_1_7' title="bbox 114 869 1743 970; baseline 0.007 -31"><span class='ocrx_word' id='word_1_53' title='bbox 114 879 198 958; x_wconf 68' lang='lat' dir='ltr'>lelium</span> <span class='ocrx_word' id='word_1_54' title='bbox 210 876 292 939; x_wconf 78' lang='grc' dir='ltr'>εἰπάν</span> <span class='ocrx_word' id='word_1_55' title='bbox 301 902 308 917; x_wconf 88' lang='grc'>·</span> <span class='ocrx_word' id='word_1_56' title='bbox 318 876 414 945; x_wconf 81' lang='grc' dir='ltr'>Ἠλίας</span> <span class='ocrx_word' id='word_1_57' title='bbox 423 876 585 955; x_wconf 77' lang='grc' dir='ltr'>ὁμοιοπαθὴς</span> <span class='ocrx_word' id='word_1_58' title='bbox 593 882 658 956; x_wconf 81' lang='grc' dir='ltr'><strong>ἡμῖν</strong></span> <span class='ocrx_word' id='word_1_59' title='bbox 673 869 705 949; x_wconf 75' lang='grc' dir='ltr'>ἦν</span> <span class='ocrx_word' id='word_1_60' title='bbox 716 877 863 956; x_wconf 82' lang='grc' dir='ltr'>ἄνθρωποι·</span> <span class='ocrx_word' id='word_1_61' title='bbox 914 876 1052 950; x_wconf 76' lang='lat' dir='ltr'>hortatus,</span> <span class='ocrx_word' id='word_1_62' title='bbox 1070 900 1122 939; x_wconf 91' lang='lat' dir='ltr'>non</span> <span class='ocrx_word' id='word_1_63' title='bbox 1136 882 1257 941; x_wconf 90' lang='lat' dir='ltr'>animum</span> <span class='ocrx_word' id='word_1_64' title='bbox 1271 884 1451 965; x_wconf 79' lang='lat' dir='ltr'>despondeas,</span> <span class='ocrx_word' id='word_1_65' title='bbox 1469 909 1518 948; x_wconf 86' lang='lat' dir='ltr'>nec</span> <span class='ocrx_word' id='word_1_66' title='bbox 1532 888 1629 970; x_wconf 88' lang='lat' dir='ltr'>despe-</span> <span class='ocrx_word' id='word_1_67' title='bbox 1738 915 1743 923; x_wconf 95' lang='lat'><em>·</em></span> 
     </span>
     <span class='ocr_line' id='line_1_8' title="bbox 117 960 1630 1050; baseline 0.012 -27"><span class='ocrx_word' id='word_1_68' title='bbox 117 968 231 1048; x_wconf 71' lang='grc' dir='ltr'>ρσνσοαιχί</span> <span class='ocrx_word' id='word_1_69' title='bbox 243 968 339 1047; x_wconf 72' lang='grc' dir='ltr'>λέγων,</span> <span class='ocrx_word' id='word_1_70' title='bbox 348 967 386 1046; x_wconf 73' lang='grc' dir='ltr'>μὴ</span> <span class='ocrx_word' id='word_1_71' title='bbox 397 967 509 1048; x_wconf 79' lang='grc' dir='ltr'>νομίσῃς</span> <span class='ocrx_word' id='word_1_72' title='bbox 523 967 649 1028; x_wconf 79' lang='grc' dir='ltr'>ἀδύνατον</span> <span class='ocrx_word' id='word_1_73' title='bbox 664 960 730 1049; x_wconf 74' lang='grc' dir='ltr'>εἶναι</span> <span class='ocrx_word' id='word_1_74' title='bbox 740 968 806 1050; x_wconf 76' lang='grc' dir='ltr'>πρὸς</span> <span class='ocrx_word' id='word_1_75' title='bbox 815 965 864 1039; x_wconf 82' lang='grc' dir='ltr'>τλν</span> <span class='ocrx_word' id='word_1_76' title='bbox 914 989 972 1045; x_wconf 88' lang='lat' dir='ltr'>res,</span> <span class='ocrx_word' id='word_1_77' title='bbox 990 969 1064 1048; x_wconf 91' lang='lat' dir='ltr'>quod</span> <span class='ocrx_word' id='word_1_78' title='bbox 1077 971 1213 1033; x_wconf 89' lang='lat' dir='ltr'>bominem</span> <span class='ocrx_word' id='word_1_79' title='bbox 1232 996 1289 1035; x_wconf 88' lang='lat' dir='ltr'>esse</span> <span class='ocrx_word' id='word_1_80' title='bbox 1308 978 1419 1038; x_wconf 88' lang='lat' dir='ltr'>alterius</span> <span class='ocrx_word' id='word_1_81' title='bbox 1437 993 1542 1039; x_wconf 75' lang='lat' dir='ltr'>natura</span> <span class='ocrx_word' id='word_1_82' title='bbox 1555 982 1630 1041; x_wconf 89' lang='lat' dir='ltr'>arbi·</span> 
     </span>
     <span class='ocr_line' id='line_1_9' title="bbox 119 1057 1631 1150; baseline 0.009 -29"><span class='ocrx_word' id='word_1_83' title='bbox 119 1060 282 1142; x_wconf 78' lang='grc' dir='ltr'>οίτὴνέκείνῳ</span> <span class='ocrx_word' id='word_1_84' title='bbox 296 1061 397 1141; x_wconf 85' lang='grc' dir='ltr'>φθάσαι</span> <span class='ocrx_word' id='word_1_85' title='bbox 414 1065 462 1132; x_wconf 79' lang='grc' dir='ltr'>τῆς</span> <span class='ocrx_word' id='word_1_86' title='bbox 486 1059 639 1142; x_wconf 77' lang='grc' dir='ltr'>φιλοσοφίας</span> <span class='ocrx_word' id='word_1_87' title='bbox 661 1059 710 1133; x_wconf 72' lang='grc' dir='ltr'>τὴν</span> <span class='ocrx_word' id='word_1_88' title='bbox 731 1057 863 1140; x_wconf 76' lang='grc' dir='ltr'>κορυφήν·</span> <span class='ocrx_word' id='word_1_89' title='bbox 915 1060 1003 1133; x_wconf 77' lang='lat' dir='ltr'>tretis,</span> <span class='ocrx_word' id='word_1_90' title='bbox 1028 1061 1142 1143; x_wconf 85' lang='lat' dir='ltr'>ideoque</span> <span class='ocrx_word' id='word_1_91' title='bbox 1165 1078 1268 1126; x_wconf 88' lang='lat' dir='ltr'>tantam</span> <span class='ocrx_word' id='word_1_92' title='bbox 1289 1069 1362 1150; x_wconf 88' lang='lat' dir='ltr'>apud</span> <span class='ocrx_word' id='word_1_93' title='bbox 1391 1073 1479 1131; x_wconf 91' lang='lat' dir='ltr'>Deum</span> <span class='ocrx_word' id='word_1_94' title='bbox 1501 1072 1631 1133; x_wconf 84' lang='lat' dir='ltr'>fiduciam</span> 
     </span>
     <span class='ocr_line' id='line_1_10' title="bbox 120 1150 1631 1246; baseline 0.009 -34"><span class='ocrx_word' id='word_1_95' title='bbox 120 1152 150 1212; x_wconf 78' lang='lat' dir='ltr'>ul</span> <span class='ocrx_word' id='word_1_96' title='bbox 165 1151 210 1232; x_wconf 73' lang='grc' dir='ltr'>γθρ</span> <span class='ocrx_word' id='word_1_97' title='bbox 229 1152 277 1212; x_wconf 81' lang='grc' dir='ltr'>καὶ</span> <span class='ocrx_word' id='word_1_98' title='bbox 291 1156 390 1219; x_wconf 76' lang='grc' dir='ltr'>ἐκεῖνος</span> <span class='ocrx_word' id='word_1_99' title='bbox 408 1156 456 1224; x_wconf 81' lang='grc' dir='ltr'>τῆς</span> <span class='ocrx_word' id='word_1_100' title='bbox 478 1154 559 1225; x_wconf 82' lang='grc' dir='ltr'>αὐτῆς</span> <span class='ocrx_word' id='word_1_101' title='bbox 582 1152 738 1224; x_wconf 75' lang='grc' dir='ltr'>ἐκοινώνησε</span> <span class='ocrx_word' id='word_1_102' title='bbox 753 1150 864 1231; x_wconf 82' lang='grc' dir='ltr'>φύσεως.</span> <span class='ocrx_word' id='word_1_103' title='bbox 914 1151 1053 1213; x_wconf 83' lang='lat' dir='ltr'>babuisse.</span> <span class='ocrx_word' id='word_1_104' title='bbox 1067 1156 1149 1228; x_wconf 90' lang='lat' dir='ltr'>Quod</span> <span class='ocrx_word' id='word_1_105' title='bbox 1171 1159 1282 1237; x_wconf 91' lang='lat' dir='ltr'>quidem</span> <span class='ocrx_word' id='word_1_106' title='bbox 1303 1161 1391 1222; x_wconf 85' lang='lat' dir='ltr'>innuit</span> <span class='ocrx_word' id='word_1_107' title='bbox 1410 1164 1545 1246; x_wconf 82' lang='lat' dir='ltr'>quispiam</span> <span class='ocrx_word' id='word_1_108' title='bbox 1567 1187 1631 1225; x_wconf 89' lang='lat' dir='ltr'>cum</span> 
     </span>
     <span class='ocr_line' id='line_1_11' title="bbox 122 1241 1788 1338; baseline 0.011 -38"><span class='ocrx_word' id='word_1_109' title='bbox 122 1243 169 1304; x_wconf 69' lang='grc' dir='ltr'>Ἀλλ’</span> <span class='ocrx_word' id='word_1_110' title='bbox 178 1243 246 1321; x_wconf 75' lang='grc' dir='ltr'>ὅμως</span> <span class='ocrx_word' id='word_1_111' title='bbox 260 1241 433 1321; x_wconf 57' lang='lat' dir='ltr'>adaugeret-l</span> <span class='ocrx_word' id='word_1_112' title='bbox 444 1243 488 1302; x_wconf 87' lang='grc' dir='ltr'>καλ</span> <span class='ocrx_word' id='word_1_113' title='bbox 501 1244 557 1303; x_wconf 89' lang='grc' dir='ltr'>θεία</span> <span class='ocrx_word' id='word_1_114' title='bbox 569 1243 722 1325; x_wconf 87' lang='grc' dir='ltr'>προαίρεσις</span> <span class='ocrx_word' id='word_1_115' title='bbox 734 1241 801 1302; x_wconf 78' lang='grc' dir='ltr'>πολὺ</span> <span class='ocrx_word' id='word_1_116' title='bbox 812 1245 865 1301; x_wconf 86' lang='grc' dir='ltr'>τιῦν</span> <span class='ocrx_word' id='word_1_117' title='bbox 880 1257 900 1303; x_wconf 78' lang='lat' dir='ltr'>t&gt;</span> <span class='ocrx_word' id='word_1_118' title='bbox 916 1243 989 1304; x_wconf 85' lang='lat' dir='ltr'>dixit</span> <span class='ocrx_word' id='word_1_119' title='bbox 1004 1270 1010 1306; x_wconf 93' lang='lat'><strong>:</strong></span> <span class='ocrx_word' id='word_1_120' title='bbox 1023 1250 1128 1309; x_wconf 81' lang='lat' dir='ltr'>Helias</span> <span class='ocrx_word' id='word_1_121' title='bbox 1145 1253 1231 1310; x_wconf 79' lang='lat' dir='ltr'>bomo</span> <span class='ocrx_word' id='word_1_122' title='bbox 1246 1267 1310 1313; x_wconf 82' lang='lat' dir='ltr'>erat</span> <span class='ocrx_word' id='word_1_123' title='bbox 1321 1257 1426 1316; x_wconf 83' lang='lat' dir='ltr'>similis</span> <span class='ocrx_word' id='word_1_124' title='bbox 1441 1261 1523 1318; x_wconf 82' lang='lat' dir='ltr'>nobis</span> <span class='ocrx_word' id='word_1_125' title='bbox 1534 1263 1631 1338; x_wconf 84' lang='lat' dir='ltr'>passi·</span> <span class='ocrx_word' id='word_1_126' title='bbox 1640 1282 1694 1326; x_wconf 80' lang='lat' dir='ltr'>Jac.</span> <span class='ocrx_word' id='word_1_127' title='bbox 1707 1278 1731 1330; x_wconf 79' lang='lat'>⁵.</span> <span class='ocrx_word' id='word_1_128' title='bbox 1746 1289 1788 1337; x_wconf 71' lang='lat' dir='ltr'>ry.</span> 
     </span>
     <span class='ocr_line' id='line_1_12' title="bbox 124 1334 1632 1426; baseline 0.008 -30"><span class='ocrx_word' id='word_1_129' title='bbox 124 1336 185 1396; x_wconf 65' lang='lat' dir='ltr'>ulna</span> <span class='ocrx_word' id='word_1_130' title='bbox 195 1335 271 1396; x_wconf 81' lang='grc' dir='ltr'>αύτδν</span> <span class='ocrx_word' id='word_1_131' title='bbox 289 1334 452 1416; x_wconf 78' lang='grc' dir='ltr'>ὑψηλότερον</span> <span class='ocrx_word' id='word_1_132' title='bbox 466 1335 570 1405; x_wconf 77' lang='grc' dir='ltr'>ἔδειξεν.</span> <span class='ocrx_word' id='word_1_133' title='bbox 918 1337 984 1395; x_wconf 80' lang='lat' dir='ltr'>bilis</span> <span class='ocrx_word' id='word_1_134' title='bbox 1000 1361 1009 1393; x_wconf 93' lang='grc'>.·</span> <span class='ocrx_word' id='word_1_135' title='bbox 1024 1340 1100 1416; x_wconf 90' lang='lat' dir='ltr'>quasi</span> <span class='ocrx_word' id='word_1_136' title='bbox 1116 1339 1236 1401; x_wconf 87' lang='lat' dir='ltr'>diceret:</span> <span class='ocrx_word' id='word_1_137' title='bbox 1251 1345 1292 1403; x_wconf 89' lang='lat' dir='ltr'>Ne</span> <span class='ocrx_word' id='word_1_138' title='bbox 1311 1347 1474 1426; x_wconf 88' lang='lat' dir='ltr'>impossibile</span> <span class='ocrx_word' id='word_1_139' title='bbox 1493 1349 1632 1408; x_wconf 73' lang='lat' dir='ltr'>arbitreris</span> 
     </span>
     <span class='ocr_line' id='line_1_13' title="bbox 917 1428 1632 1519; baseline 0.017 -33"><span class='ocrx_word' id='word_1_140' title='bbox 917 1448 974 1487; x_wconf 86' lang='lat' dir='ltr'>esse</span> <span class='ocrx_word' id='word_1_141' title='bbox 983 1473 993 1504; x_wconf 87' lang='lat'><em>‚</em></span> <span class='ocrx_word' id='word_1_142' title='bbox 1008 1428 1044 1488; x_wconf 94' lang='lat' dir='ltr'>ad</span> <span class='ocrx_word' id='word_1_143' title='bbox 1060 1430 1133 1490; x_wconf 90' lang='lat' dir='ltr'>idem</span> <span class='ocrx_word' id='word_1_144' title='bbox 1150 1453 1213 1490; x_wconf 90' lang='lat' dir='ltr'>cum</span> <span class='ocrx_word' id='word_1_145' title='bbox 1231 1433 1279 1494; x_wconf 93' lang='lat' dir='ltr'>illo</span> <span class='ocrx_word' id='word_1_146' title='bbox 1297 1436 1475 1516; x_wconf 82' lang='lat' dir='ltr'>philosophiae</span> <span class='ocrx_word' id='word_1_147' title='bbox 1495 1438 1632 1519; x_wconf 79' lang='lat' dir='ltr'>fastigium</span> 
     </span>
     <span class='ocr_line' id='line_1_14' title="bbox 917 1520 1633 1611; baseline 0.018 -35"><span class='ocrx_word' id='word_1_148' title='bbox 917 1520 1077 1599; x_wconf 84' lang='lat' dir='ltr'>pervenire:</span> <span class='ocrx_word' id='word_1_149' title='bbox 1090 1543 1153 1581; x_wconf 90' lang='lat' dir='ltr'>nam</span> <span class='ocrx_word' id='word_1_150' title='bbox 1170 1538 1196 1583; x_wconf 93' lang='lat' dir='ltr'>et</span> <span class='ocrx_word' id='word_1_151' title='bbox 1216 1526 1339 1604; x_wconf 90' lang='lat' dir='ltr'>ejusdem</span> <span class='ocrx_word' id='word_1_152' title='bbox 1361 1528 1407 1586; x_wconf 90' lang='lat' dir='ltr'>ille</span> <span class='ocrx_word' id='word_1_153' title='bbox 1428 1529 1571 1611; x_wconf 87' lang='lat' dir='ltr'>particeps.</span> <span class='ocrx_word' id='word_1_154' title='bbox 1581 1531 1633 1589; x_wconf 86' lang='lat' dir='ltr'>luit</span> 
     </span>
     <span class='ocr_line' id='line_1_15' title="bbox 918 1615 1634 1681; baseline 0.014 -12"><span class='ocrx_word' id='word_1_155' title='bbox 918 1623 1031 1670; x_wconf 83' lang='lat' dir='ltr'>nature.</span> <span class='ocrx_word' id='word_1_156' title='bbox 1055 1615 1250 1675; x_wconf 81' lang='lat' dir='ltr'>Verumtamen</span> <span class='ocrx_word' id='word_1_157' title='bbox 1271 1617 1432 1679; x_wconf 83' lang='lat' dir='ltr'>admirabile</span> <span class='ocrx_word' id='word_1_158' title='bbox 1451 1642 1484 1679; x_wconf 90' lang='lat' dir='ltr'>ac</span> <span class='ocrx_word' id='word_1_159' title='bbox 1506 1619 1634 1681; x_wconf 87' lang='lat' dir='ltr'>divinum</span> 
     </span>
     <span class='ocr_line' id='line_1_16' title="bbox 917 1700 1634 1786; baseline 0.015 -26"><span class='ocrx_word' id='word_1_160' title='bbox 917 1700 989 1761; x_wconf 91' lang='lat' dir='ltr'>illud</span> <span class='ocrx_word' id='word_1_161' title='bbox 1001 1704 1058 1784; x_wconf 81' lang='lat' dir='ltr'>ejus</span> <span class='ocrx_word' id='word_1_162' title='bbox 1072 1706 1241 1786; x_wconf 88' lang='lat' dir='ltr'>propositum</span> <span class='ocrx_word' id='word_1_163' title='bbox 1257 1710 1343 1770; x_wconf 91' lang='lat' dir='ltr'>multo</span> <span class='ocrx_word' id='word_1_164' title='bbox 1358 1711 1459 1771; x_wconf 81' lang='lat' dir='ltr'>caeteris</span> <span class='ocrx_word' id='word_1_165' title='bbox 1471 1732 1533 1771; x_wconf 89' lang='lat' dir='ltr'>eum</span> <span class='ocrx_word' id='word_1_166' title='bbox 1547 1712 1634 1771; x_wconf 92' lang='lat' dir='ltr'>subli-</span> 
     </span>
     <span class='ocr_line' id='line_1_17' title="bbox 917 1793 1168 1857; baseline 0.024 -6"><span class='ocrx_word' id='word_1_167' title='bbox 917 1793 1030 1854; x_wconf 90' lang='lat' dir='ltr'>miorem</span> <span class='ocrx_word' id='word_1_168' title='bbox 1040 1797 1168 1857; x_wconf 87' lang='lat' dir='ltr'>ostendit.</span> 
     </span>
     <span class='ocr_line' id='line_1_18' title="bbox 153 1886 1635 1972; baseline 0.003 -18"><span class='ocrx_word' id='word_1_169' title='bbox 153 1890 217 1954; x_wconf 76' lang='grc' dir='ltr'>’λλλθ</span> <span class='ocrx_word' id='word_1_170' title='bbox 238 1889 332 1971; x_wconf 80' lang='grc' dir='ltr'>καιρὸς</span> <span class='ocrx_word' id='word_1_171' title='bbox 345 1887 438 1950; x_wconf 86' lang='grc' dir='ltr'>λοιπδν</span> <span class='ocrx_word' id='word_1_172' title='bbox 455 1887 521 1968; x_wconf 86' lang='grc' dir='ltr'>πρδς</span> <span class='ocrx_word' id='word_1_173' title='bbox 540 1886 590 1961; x_wconf 76' lang='grc' dir='ltr'>τὴν</span> <span class='ocrx_word' id='word_1_174' title='bbox 603 1887 692 1969; x_wconf 78' lang='grc' dir='ltr'>χήραν</span> <span class='ocrx_word' id='word_1_175' title='bbox 704 1888 866 1948; x_wconf 85' lang='grc' dir='ltr'>ίπανελθεῑν.</span> <span class='ocrx_word' id='word_1_176' title='bbox 959 1888 1477 1972; x_wconf 68' lang='lat' dir='ltr'>7.Sedjamtempusestntadviduam</span> <span class='ocrx_word' id='word_1_177' title='bbox 1486 1896 1635 1958; x_wconf 82' lang='lat' dir='ltr'>redeamus.</span> 
     </span>
     <span class='ocr_line' id='line_1_19' title="bbox 115 1970 1791 2066; baseline 0.002 -26"><span class='ocrx_word' id='word_1_178' title='bbox 115 1973 199 2058; x_wconf 65' lang='grc' dir='ltr'>Ἦλθε,</span> <span class='ocrx_word' id='word_1_179' title='bbox 209 1983 300 2064; x_wconf 73' lang='grc' dir='ltr'>φησίν,</span> <span class='ocrx_word' id='word_1_180' title='bbox 322 1985 360 2050; x_wconf 82' lang='grc' dir='ltr'>είς</span> <span class='ocrx_word' id='word_1_181' title='bbox 381 1978 506 2062; x_wconf 82' lang='grc' dir='ltr'>Σαριφθδι</span> <span class='ocrx_word' id='word_1_182' title='bbox 526 1985 575 2053; x_wconf 73' lang='grc' dir='ltr'>τῆς</span> <span class='ocrx_word' id='word_1_183' title='bbox 594 1981 723 2055; x_wconf 83' lang='grc' dir='ltr'>Σιδῶνος,</span> <span class='ocrx_word' id='word_1_184' title='bbox 746 1980 793 2039; x_wconf 83' lang='grc' dir='ltr'>καί</span> <span class='ocrx_word' id='word_1_185' title='bbox 812 1970 871 2059; x_wconf 65' lang='lat' dir='ltr'>ripe</span> <span class='ocrx_word' id='word_1_186' title='bbox 922 1982 1018 2057; x_wconf 81' lang='lat' dir='ltr'>Venit,</span> <span class='ocrx_word' id='word_1_187' title='bbox 1030 1980 1128 2059; x_wconf 89' lang='lat' dir='ltr'>inquit,</span> <span class='ocrx_word' id='word_1_188' title='bbox 1144 1990 1175 2040; x_wconf 81' lang='grc' dir='ltr'>ιἰε</span> <span class='ocrx_word' id='word_1_189' title='bbox 1189 1984 1355 2066; x_wconf 75' lang='lat' dir='ltr'>Sarepbtlta</span> <span class='ocrx_word' id='word_1_190' title='bbox 1367 1988 1497 2062; x_wconf 81' lang='lat' dir='ltr'>Sidonis,</span> <span class='ocrx_word' id='word_1_191' title='bbox 1511 2001 1540 2051; x_wconf 86' lang='lat' dir='ltr'>et</span> <span class='ocrx_word' id='word_1_192' title='bbox 1555 1994 1634 2050; x_wconf 83' lang='lat' dir='ltr'>inve·</span> <span class='ocrx_word' id='word_1_193' title='bbox 1645 2003 1668 2051; x_wconf 83' lang='lat'>³.</span> <span class='ocrx_word' id='word_1_194' title='bbox 1679 1997 1739 2059; x_wconf 66' lang='lat' dir='ltr'>tregss</span> <span class='ocrx_word' id='word_1_195' title='bbox 1752 2010 1791 2054; x_wconf 72' lang='grc' dir='ltr'>ιε.</span> 
     </span>
     <span class='ocr_line' id='line_1_20' title="bbox 129 2071 1685 2161; baseline 0.004 -26"><span class='ocrx_word' id='word_1_196' title='bbox 129 2085 212 2155; x_wconf 70' lang='lat' dir='ltr'>metra</span> <span class='ocrx_word' id='word_1_197' title='bbox 233 2075 323 2156; x_wconf 78' lang='grc' dir='ltr'>χήραν</span> <span class='ocrx_word' id='word_1_198' title='bbox 346 2075 521 2152; x_wconf 74' lang='grc' dir='ltr'>πολλίγοασαν</span> <span class='ocrx_word' id='word_1_199' title='bbox 535 2071 609 2142; x_wconf 80' lang='grc' dir='ltr'>ξύλα.</span> <span class='ocrx_word' id='word_1_200' title='bbox 628 2071 702 2141; x_wconf 72' lang='lat' dir='ltr'>&#39;Aba</span> <span class='ocrx_word' id='word_1_201' title='bbox 728 2075 777 2143; x_wconf 80' lang='grc' dir='ltr'>τῆς</span> <span class='ocrx_word' id='word_1_202' title='bbox 799 2071 870 2133; x_wconf 80' lang='grc' dir='ltr'>ἔνδον</span> <span class='ocrx_word' id='word_1_203' title='bbox 922 2076 965 2132; x_wconf 87' lang='lat' dir='ltr'>m’t</span> <span class='ocrx_word' id='word_1_204' title='bbox 978 2074 1128 2133; x_wconf 83' lang='lat' dir='ltr'>mulierem</span> <span class='ocrx_word' id='word_1_205' title='bbox 1138 2077 1262 2135; x_wconf 83' lang='lat' dir='ltr'>viduam</span> <span class='ocrx_word' id='word_1_206' title='bbox 1277 2079 1462 2158; x_wconf 83' lang='lat' dir='ltr'>colligentem</span> <span class='ocrx_word' id='word_1_207' title='bbox 1474 2083 1566 2161; x_wconf 82' lang='lat' dir='ltr'>ligna.</span> <span class='ocrx_word' id='word_1_208' title='bbox 1580 2082 1634 2142; x_wconf 89' lang='lat' dir='ltr'>Di·</span> <span class='ocrx_word' id='word_1_209' title='bbox 1648 2078 1685 2111; x_wconf 64' lang='grc' dir='ltr'>ω·</span> 
     </span>
     <span class='ocr_line' id='line_1_21' title="bbox 129 2154 1638 2247; baseline 0.004 -22"><span class='ocrx_word' id='word_1_210' title='bbox 129 2168 192 2234; x_wconf 79' lang='grc' dir='ltr'>πενίας</span> <span class='ocrx_word' id='word_1_211' title='bbox 200 2167 307 2235; x_wconf 69' lang='lat' dir='ltr'>eluerit</span> <span class='ocrx_word' id='word_1_212' title='bbox 317 2163 482 2247; x_wconf 65' lang='lat' dir='ltr'>apenditia.</span> <span class='ocrx_word' id='word_1_213' title='bbox 494 2164 531 2226; x_wconf 88' lang='grc' dir='ltr'>Τί</span> <span class='ocrx_word' id='word_1_214' title='bbox 541 2154 600 2239; x_wconf 74' lang='grc' dir='ltr'>ούνς</span> <span class='ocrx_word' id='word_1_215' title='bbox 610 2164 751 2243; x_wconf 73' lang='grc' dir='ltr'>ἀπετράπη</span> <span class='ocrx_word' id='word_1_216' title='bbox 762 2167 873 2223; x_wconf 88' lang='grc' dir='ltr'>τοιαῦτα</span> <span class='ocrx_word' id='word_1_217' title='bbox 921 2184 971 2243; x_wconf 86' lang='lat' dir='ltr'>gna</span> <span class='ocrx_word' id='word_1_218' title='bbox 983 2162 1130 2224; x_wconf 89' lang='lat' dir='ltr'>domestica</span> <span class='ocrx_word' id='word_1_219' title='bbox 1142 2181 1299 2247; x_wconf 86' lang='lat' dir='ltr'>paupertate</span> <span class='ocrx_word' id='word_1_220' title='bbox 1312 2169 1511 2231; x_wconf 88' lang='lat' dir='ltr'>hactenussunt</span> <span class='ocrx_word' id='word_1_221' title='bbox 1522 2172 1638 2233; x_wconf 86' lang='lat' dir='ltr'>vestibu-</span> 
     </span>
     <span class='ocr_line' id='line_1_22' title="bbox 129 2254 1639 2339; baseline 0.007 -24"><span class='ocrx_word' id='word_1_222' title='bbox 129 2261 160 2329; x_wconf 72' lang='grc' dir='ltr'>εἰς</span> <span class='ocrx_word' id='word_1_223' title='bbox 178 2258 317 2335; x_wconf 79' lang='grc' dir='ltr'>φιλοξενίας</span> <span class='ocrx_word' id='word_1_224' title='bbox 339 2257 402 2318; x_wconf 83' lang='grc' dir='ltr'>ἰδὼν</span> <span class='ocrx_word' id='word_1_225' title='bbox 420 2255 455 2316; x_wconf 73' lang='grc' dir='ltr'>τί</span> <span class='ocrx_word' id='word_1_226' title='bbox 474 2256 618 2339; x_wconf 74' lang='grc' dir='ltr'>προοίμιας</span> <span class='ocrx_word' id='word_1_227' title='bbox 641 2257 787 2334; x_wconf 80' lang='grc' dir='ltr'>Οὐδαμῶς·</span> <span class='ocrx_word' id='word_1_228' title='bbox 801 2254 873 2322; x_wconf 87' lang='grc' dir='ltr'>θείας</span> <span class='ocrx_word' id='word_1_229' title='bbox 920 2255 1226 2335; x_wconf 72' lang='lat' dir='ltr'>laQuidigiturlnum</span> <span class='ocrx_word' id='word_1_230' title='bbox 1235 2273 1306 2320; x_wconf 90' lang='lat' dir='ltr'>retro</span> <span class='ocrx_word' id='word_1_231' title='bbox 1317 2283 1461 2323; x_wconf 82' lang='lat' dir='ltr'>conversus</span> <span class='ocrx_word' id='word_1_232' title='bbox 1469 2279 1519 2339; x_wconf 81' lang='lat' dir='ltr'>est,</span> <span class='ocrx_word' id='word_1_233' title='bbox 1530 2285 1590 2324; x_wconf 90' lang='lat' dir='ltr'>cnm</span> <span class='ocrx_word' id='word_1_234' title='bbox 1599 2279 1639 2325; x_wconf 90' lang='lat' dir='ltr'>ta·</span> 
     </span>
     <span class='ocr_line' id='line_1_23' title="bbox 130 2342 1636 2435; baseline 0.003 -26"><span class='ocrx_word' id='word_1_235' title='bbox 130 2348 163 2429; x_wconf 83' lang='grc' dir='ltr'>γλρ</span> <span class='ocrx_word' id='word_1_236' title='bbox 178 2342 206 2422; x_wconf 67' lang='grc' dir='ltr'>ἦν</span> <span class='ocrx_word' id='word_1_237' title='bbox 226 2348 348 2420; x_wconf 81' lang='grc' dir='ltr'>ἀκηκοὼς</span> <span class='ocrx_word' id='word_1_238' title='bbox 375 2349 545 2430; x_wconf 77' lang='grc' dir='ltr'>ἀποφάσεως·</span> <span class='ocrx_word' id='word_1_239' title='bbox 571 2351 628 2408; x_wconf 73' lang='grc' dir='ltr'>ἀλλ’</span> <span class='ocrx_word' id='word_1_240' title='bbox 652 2348 761 2422; x_wconf 79' lang='grc' dir='ltr'>ἐύύησεν</span> <span class='ocrx_word' id='word_1_241' title='bbox 786 2350 872 2409; x_wconf 83' lang='grc' dir='ltr'>ὀπίσω</span> <span class='ocrx_word' id='word_1_242' title='bbox 920 2348 957 2406; x_wconf 91' lang='lat' dir='ltr'>lia</span> <span class='ocrx_word' id='word_1_243' title='bbox 971 2347 1082 2408; x_wconf 86' lang='lat' dir='ltr'>vidisset</span> <span class='ocrx_word' id='word_1_244' title='bbox 1093 2349 1285 2430; x_wconf 89' lang='lat' dir='ltr'>hospitalitatis</span> <span class='ocrx_word' id='word_1_245' title='bbox 1296 2355 1429 2414; x_wconf 82' lang='lat' dir='ltr'>exordia?</span> <span class='ocrx_word' id='word_1_246' title='bbox 1445 2357 1636 2435; x_wconf 69' lang='lat' dir='ltr'>Nequaquam</span> 
     </span>
     <span class='ocr_line' id='line_1_24' title="bbox 129 2432 1640 2521; baseline 0.005 -21"><span class='ocrx_word' id='word_1_247' title='bbox 129 2443 198 2514; x_wconf 68' lang='grc' dir='ltr'>είτῇς,</span> <span class='ocrx_word' id='word_1_248' title='bbox 213 2443 258 2501; x_wconf 82' lang='grc' dir='ltr'>καί</span> <span class='ocrx_word' id='word_1_249' title='bbox 273 2432 346 2515; x_wconf 80' lang='grc' dir='ltr'>εἷπε,</span> <span class='ocrx_word' id='word_1_250' title='bbox 359 2439 435 2500; x_wconf 79' lang='grc' dir='ltr'>Λάύε</span> <span class='ocrx_word' id='word_1_251' title='bbox 452 2440 484 2513; x_wconf 82' lang='grc' dir='ltr'>δή</span> <span class='ocrx_word' id='word_1_252' title='bbox 501 2463 546 2518; x_wconf 82' lang='grc' dir='ltr'>μοι</span> <span class='ocrx_word' id='word_1_253' title='bbox 560 2440 650 2521; x_wconf 84' lang='grc' dir='ltr'>ῦδωρ,</span> <span class='ocrx_word' id='word_1_254' title='bbox 675 2440 722 2500; x_wconf 80' lang='grc' dir='ltr'>καί</span> <span class='ocrx_word' id='word_1_255' title='bbox 743 2439 871 2521; x_wconf 82' lang='grc' dir='ltr'>ἐπορεύθη</span> <span class='ocrx_word' id='word_1_256' title='bbox 922 2440 1025 2520; x_wconf 86' lang='lat' dir='ltr'>quippe</span> <span class='ocrx_word' id='word_1_257' title='bbox 1042 2440 1089 2519; x_wconf 89' lang='lat' dir='ltr'>qui</span> <span class='ocrx_word' id='word_1_258' title='bbox 1111 2443 1269 2502; x_wconf 89' lang='lat' dir='ltr'>sententiam</span> <span class='ocrx_word' id='word_1_259' title='bbox 1292 2443 1415 2505; x_wconf 82' lang='lat' dir='ltr'>divinam</span> <span class='ocrx_word' id='word_1_260' title='bbox 1432 2446 1575 2508; x_wconf 84' lang='lat' dir='ltr'>audierat:</span> <span class='ocrx_word' id='word_1_261' title='bbox 1593 2446 1640 2508; x_wconf 84' lang='lat' dir='ltr'>sed</span> 
     </span>
     <span class='ocr_line' id='line_1_25' title="bbox 128 2529 1769 2613; baseline 0.001 -22"><span class='ocrx_word' id='word_1_262' title='bbox 128 2529 206 2594; x_wconf 67' lang='lat' dir='ltr'>latua</span> <span class='ocrx_word' id='word_1_263' title='bbox 214 2532 318 2599; x_wconf 82' lang='grc' dir='ltr'>Ὄντως</span> <span class='ocrx_word' id='word_1_264' title='bbox 334 2530 443 2612; x_wconf 79' lang='grc' dir='ltr'>γενναία</span> <span class='ocrx_word' id='word_1_265' title='bbox 462 2531 508 2591; x_wconf 81' lang='grc' dir='ltr'>καλ</span> <span class='ocrx_word' id='word_1_266' title='bbox 527 2532 692 2612; x_wconf 81' lang='grc' dir='ltr'>φιλύσοφοςὴ</span> <span class='ocrx_word' id='word_1_267' title='bbox 704 2531 835 2612; x_wconf 76' lang='grc' dir='ltr'>γονὴ,καλ</span> <span class='ocrx_word' id='word_1_268' title='bbox 849 2534 872 2591; x_wconf 86' lang='grc' dir='ltr'>εί</span> <span class='ocrx_word' id='word_1_269' title='bbox 923 2531 1049 2591; x_wconf 82' lang='grc' dir='ltr'>αίεωανίε</span> <span class='ocrx_word' id='word_1_270' title='bbox 1060 2546 1124 2613; x_wconf 91' lang='lat' dir='ltr'>post</span> <span class='ocrx_word' id='word_1_271' title='bbox 1142 2554 1202 2593; x_wconf 89' lang='lat' dir='ltr'>eam</span> <span class='ocrx_word' id='word_1_272' title='bbox 1210 2579 1220 2607; x_wconf 88' lang='lat'>‚</span> <span class='ocrx_word' id='word_1_273' title='bbox 1237 2550 1264 2595; x_wconf 92' lang='lat' dir='ltr'>et</span> <span class='ocrx_word' id='word_1_274' title='bbox 1279 2535 1351 2596; x_wconf 80' lang='lat' dir='ltr'>dixit</span> <span class='ocrx_word' id='word_1_275' title='bbox 1366 2560 1372 2594; x_wconf 88' lang='lat'>:</span> <span class='ocrx_word' id='word_1_276' title='bbox 1388 2538 1475 2598; x_wconf 83' lang='lat' dir='ltr'>Sume</span> <span class='ocrx_word' id='word_1_277' title='bbox 1485 2560 1557 2600; x_wconf 81' lang='lat' dir='ltr'>vero</span> <span class='ocrx_word' id='word_1_278' title='bbox 1568 2543 1641 2600; x_wconf 75' lang='lat' dir='ltr'>milti</span> <span class='ocrx_word' id='word_1_279' title='bbox 1652 2551 1686 2596; x_wconf 82' lang='grc' dir='ltr'>1ο.</span> <span class='ocrx_word' id='word_1_280' title='bbox 1697 2563 1718 2596; x_wconf 82' lang='grc' dir='ltr'>ν.</span> <span class='ocrx_word' id='word_1_281' title='bbox 1731 2558 1769 2592; x_wconf 83' lang='grc' dir='ltr'>ιι.</span> 
     </span>
     <span class='ocr_line' id='line_1_26' title="bbox 128 2620 1641 2710; baseline 0.005 -29"><span class='ocrx_word' id='word_1_282' title='bbox 128 2620 286 2704; x_wconf 71' lang='grc' dir='ltr'>μὴτολρηρδν</span> <span class='ocrx_word' id='word_1_283' title='bbox 301 2627 395 2694; x_wconf 79' lang='grc' dir='ltr'>εἰπεῖν,</span> <span class='ocrx_word' id='word_1_284' title='bbox 413 2620 459 2682; x_wconf 78' lang='grc' dir='ltr'>καὶ</span> <span class='ocrx_word' id='word_1_285' title='bbox 470 2624 553 2694; x_wconf 76' lang='grc' dir='ltr'>αὐτῆς</span> <span class='ocrx_word' id='word_1_286' title='bbox 571 2629 617 2682; x_wconf 91' lang='grc' dir='ltr'>τοῦ</span> <span class='ocrx_word' id='word_1_287' title='bbox 630 2624 766 2705; x_wconf 80' lang='grc' dir='ltr'>προφήτου</span> <span class='ocrx_word' id='word_1_288' title='bbox 784 2647 872 2703; x_wconf 78' lang='grc' dir='ltr'>μεγα-</span> <span class='ocrx_word' id='word_1_289' title='bbox 888 2628 908 2676; x_wconf 77' lang='lat' dir='ltr'>ll</span> <span class='ocrx_word' id='word_1_290' title='bbox 923 2644 1049 2704; x_wconf 85' lang='lat' dir='ltr'>aquam,</span> <span class='ocrx_word' id='word_1_291' title='bbox 1063 2637 1091 2683; x_wconf 86' lang='lat' dir='ltr'>et</span> <span class='ocrx_word' id='word_1_292' title='bbox 1104 2627 1172 2696; x_wconf 81' lang='lat' dir='ltr'>ivit,</span> <span class='ocrx_word' id='word_1_293' title='bbox 1186 2641 1214 2685; x_wconf 86' lang='lat' dir='ltr'>ut</span> <span class='ocrx_word' id='word_1_294' title='bbox 1238 2641 1372 2687; x_wconf 85' lang='lat' dir='ltr'>sumeret.</span> <span class='ocrx_word' id='word_1_295' title='bbox 1384 2631 1456 2690; x_wconf 85' lang='lat' dir='ltr'>Vere</span> <span class='ocrx_word' id='word_1_296' title='bbox 1473 2651 1599 2710; x_wconf 89' lang='lat' dir='ltr'>generosa</span> <span class='ocrx_word' id='word_1_297' title='bbox 1616 2644 1641 2689; x_wconf 92' lang='lat' dir='ltr'>et</span> 
     </span>
     <span class='ocr_line' id='line_1_27' title="bbox 127 2713 1643 2799; baseline 0.005 -25"><span class='ocrx_word' id='word_1_298' title='bbox 127 2713 229 2796; x_wconf 66' lang='grc' dir='ltr'>λαίανχίας</span> <span class='ocrx_word' id='word_1_299' title='bbox 242 2715 323 2785; x_wconf 76' lang='grc' dir='ltr'>ἀξία·</span> <span class='ocrx_word' id='word_1_300' title='bbox 339 2717 440 2793; x_wconf 76' lang='grc' dir='ltr'>μᾶλλον</span> <span class='ocrx_word' id='word_1_301' title='bbox 451 2714 479 2774; x_wconf 80' lang='grc' dir='ltr'>δδ</span> <span class='ocrx_word' id='word_1_302' title='bbox 494 2716 524 2773; x_wconf 85' lang='grc' dir='ltr'>ού</span> <span class='ocrx_word' id='word_1_303' title='bbox 537 2715 776 2798; x_wconf 85' lang='grc' dir='ltr'>τολριηρδνείπεῖν·</span> <span class='ocrx_word' id='word_1_304' title='bbox 788 2720 811 2775; x_wconf 84' lang='grc' dir='ltr'>εἰ</span> <span class='ocrx_word' id='word_1_305' title='bbox 821 2715 874 2796; x_wconf 72' lang='grc' dir='ltr'>γάρ</span> <span class='ocrx_word' id='word_1_306' title='bbox 923 2716 1029 2796; x_wconf 89' lang='lat' dir='ltr'>sapiens</span> <span class='ocrx_word' id='word_1_307' title='bbox 1040 2715 1155 2792; x_wconf 84' lang='lat' dir='ltr'>mulier,</span> <span class='ocrx_word' id='word_1_308' title='bbox 1167 2737 1199 2776; x_wconf 90' lang='lat' dir='ltr'>ac</span> <span class='ocrx_word' id='word_1_309' title='bbox 1213 2717 1264 2776; x_wconf 92' lang='lat' dir='ltr'>nisi</span> <span class='ocrx_word' id='word_1_310' title='bbox 1275 2720 1358 2799; x_wconf 90' lang='lat' dir='ltr'>paulo</span> <span class='ocrx_word' id='word_1_311' title='bbox 1368 2719 1493 2779; x_wconf 86' lang='lat' dir='ltr'>videatur</span> <span class='ocrx_word' id='word_1_312' title='bbox 1513 2721 1643 2781; x_wconf 86' lang='lat' dir='ltr'>audacius</span> 
     </span>
     <span class='ocr_line' id='line_1_28' title="bbox 128 2799 1644 2892; baseline 0.005 -27"><span class='ocrx_word' id='word_1_313' title='bbox 128 2803 155 2881; x_wconf 70' lang='grc' dir='ltr'>μὴ</span> <span class='ocrx_word' id='word_1_314' title='bbox 165 2799 273 2883; x_wconf 57' lang='lat' dir='ltr'>dadila,</span> <span class='ocrx_word' id='word_1_315' title='bbox 283 2811 332 2868; x_wconf 81' lang='grc' dir='ltr'>ὠκ</span> <span class='ocrx_word' id='word_1_316' title='bbox 346 2807 377 2866; x_wconf 74' lang='grc' dir='ltr'>ἂν</span> <span class='ocrx_word' id='word_1_317' title='bbox 389 2805 564 2875; x_wconf 71' lang='grc' dir='ltr'>ὑποδέξασθαι</span> <span class='ocrx_word' id='word_1_318' title='bbox 575 2806 726 2880; x_wconf 74' lang='grc' dir='ltr'>κατηξιώθη</span> <span class='ocrx_word' id='word_1_319' title='bbox 742 2807 787 2868; x_wconf 82' lang='grc' dir='ltr'>τὸν</span> <span class='ocrx_word' id='word_1_320' title='bbox 801 2808 874 2886; x_wconf 78' lang='grc' dir='ltr'>ἅγιον</span> <span class='ocrx_word' id='word_1_321' title='bbox 924 2806 977 2866; x_wconf 83' lang='grc' dir='ltr'>Ιιοο</span> <span class='ocrx_word' id='word_1_322' title='bbox 990 2806 1105 2884; x_wconf 87' lang='lat' dir='ltr'>dictum,</span> <span class='ocrx_word' id='word_1_323' title='bbox 1117 2806 1175 2888; x_wconf 88' lang='lat' dir='ltr'>ipsa</span> <span class='ocrx_word' id='word_1_324' title='bbox 1185 2807 1265 2867; x_wconf 91' lang='lat' dir='ltr'>etiam</span> <span class='ocrx_word' id='word_1_325' title='bbox 1276 2810 1414 2891; x_wconf 82' lang='lat' dir='ltr'>prophetae</span> <span class='ocrx_word' id='word_1_326' title='bbox 1425 2814 1644 2892; x_wconf 79' lang='lat' dir='ltr'>magnanimitate</span> 
     </span>
     <span class='ocr_line' id='line_1_29' title="bbox 126 2895 1643 2982; baseline 0.001 -20"><span class='ocrx_word' id='word_1_327' title='bbox 126 2899 212 2961; x_wconf 73' lang='lat' dir='ltr'>brim.</span> <span class='ocrx_word' id='word_1_328' title='bbox 226 2899 355 2980; x_wconf 80' lang='grc' dir='ltr'>Καθάπερ</span> <span class='ocrx_word' id='word_1_329' title='bbox 366 2905 381 2960; x_wconf 80' lang='grc' dir='ltr'>δ</span> <span class='ocrx_word' id='word_1_330' title='bbox 393 2898 508 2982; x_wconf 81' lang='grc' dir='ltr'>Χριστός</span> <span class='ocrx_word' id='word_1_331' title='bbox 516 2924 581 2980; x_wconf 86' lang='grc' dir='ltr'>φησι</span> <span class='ocrx_word' id='word_1_332' title='bbox 591 2898 657 2982; x_wconf 86' lang='grc' dir='ltr'>πρδς</span> <span class='ocrx_word' id='word_1_333' title='bbox 668 2899 727 2968; x_wconf 82' lang='grc' dir='ltr'>τοὺς</span> <span class='ocrx_word' id='word_1_334' title='bbox 739 2901 874 2979; x_wconf 76' lang='grc' dir='ltr'>μαθητάς·</span> <span class='ocrx_word' id='word_1_335' title='bbox 925 2895 1007 2977; x_wconf 88' lang='lat' dir='ltr'>digna</span> <span class='ocrx_word' id='word_1_336' title='bbox 1029 2920 1037 2954; x_wconf 76' lang='grc' dir='ltr'>τ</span> <span class='ocrx_word' id='word_1_337' title='bbox 1058 2897 1113 2957; x_wconf 90' lang='lat' dir='ltr'>imo</span> <span class='ocrx_word' id='word_1_338' title='bbox 1129 2898 1204 2958; x_wconf 88' lang='lat' dir='ltr'>nullo</span> <span class='ocrx_word' id='word_1_339' title='bbox 1224 2913 1302 2980; x_wconf 90' lang='lat' dir='ltr'>pacto</span> <span class='ocrx_word' id='word_1_340' title='bbox 1316 2900 1397 2961; x_wconf 89' lang='lat' dir='ltr'>debet</span> <span class='ocrx_word' id='word_1_341' title='bbox 1412 2901 1503 2964; x_wconf 86' lang='lat' dir='ltr'>audax</span> <span class='ocrx_word' id='word_1_342' title='bbox 1518 2903 1588 2963; x_wconf 90' lang='lat' dir='ltr'>illud</span> <span class='ocrx_word' id='word_1_343' title='bbox 1600 2902 1643 2963; x_wconf 93' lang='lat' dir='ltr'>di·</span> 
     </span>
     <span class='ocr_line' id='line_1_30' title="bbox 126 2987 1644 3074; baseline 0.003 -23"><span class='ocrx_word' id='word_1_344' title='bbox 126 2987 204 3061; x_wconf 75' lang='lat' dir='ltr'>lnEle</span> <span class='ocrx_word' id='word_1_345' title='bbox 215 2993 248 3067; x_wconf 71' lang='grc' dir='ltr'>ἣν</span> <span class='ocrx_word' id='word_1_346' title='bbox 261 2992 290 3053; x_wconf 72' lang='grc' dir='ltr'>δὲ</span> <span class='ocrx_word' id='word_1_347' title='bbox 304 2992 335 3052; x_wconf 78' lang='grc' dir='ltr'>άν</span> <span class='ocrx_word' id='word_1_348' title='bbox 349 2991 451 3062; x_wconf 79' lang='grc' dir='ltr'>πύλινῆ</span> <span class='ocrx_word' id='word_1_349' title='bbox 461 2990 555 3070; x_wconf 77' lang='grc' dir='ltr'>κείμην</span> <span class='ocrx_word' id='word_1_350' title='bbox 569 2993 712 3065; x_wconf 81' lang='grc' dir='ltr'>εἰσέλθητε,</span> <span class='ocrx_word' id='word_1_351' title='bbox 726 2993 877 3073; x_wconf 63' lang='grc' dir='ltr'>ἐρωτήσατε</span> <span class='ocrx_word' id='word_1_352' title='bbox 926 3001 1000 3047; x_wconf 91' lang='lat' dir='ltr'>etum</span> <span class='ocrx_word' id='word_1_353' title='bbox 1014 2987 1117 3048; x_wconf 84' lang='lat' dir='ltr'>videri:</span> <span class='ocrx_word' id='word_1_354' title='bbox 1128 2989 1180 3048; x_wconf 90' lang='lat' dir='ltr'>nisi</span> <span class='ocrx_word' id='word_1_355' title='bbox 1189 2990 1262 3049; x_wconf 90' lang='lat' dir='ltr'>enim</span> <span class='ocrx_word' id='word_1_356' title='bbox 1274 2990 1356 3069; x_wconf 89' lang='lat' dir='ltr'>digna</span> <span class='ocrx_word' id='word_1_357' title='bbox 1367 2993 1644 3074; x_wconf 56' lang='lat' dir='ltr'>luisseuneqnaqunm</span> 
     </span>
     <span class='ocr_line' id='line_1_31' title="bbox 125 3077 1643 3165; baseline 0.009 -33"><span class='ocrx_word' id='word_1_358' title='bbox 125 3081 337 3165; x_wconf 58' lang='grc' dir='ltr'>ςθᾰξηςὶηῡτῇ</span> <span class='ocrx_word' id='word_1_359' title='bbox 346 3130 355 3157; x_wconf 81' lang='lat'>‚</span> <span class='ocrx_word' id='word_1_360' title='bbox 365 3088 443 3145; x_wconf 70' lang='grc' dir='ltr'>χᾱχςῑ</span> <span class='ocrx_word' id='word_1_361' title='bbox 454 3085 574 3162; x_wconf 63' lang='grc' dir='ltr'>μείνατε·</span> <span class='ocrx_word' id='word_1_362' title='bbox 589 3083 658 3144; x_wconf 64' lang='grc' dir='ltr'>οὕτω</span> <span class='ocrx_word' id='word_1_363' title='bbox 674 3084 720 3149; x_wconf 51' lang='grc' dir='ltr'>καὶ</span> <span class='ocrx_word' id='word_1_364' title='bbox 730 3087 841 3145; x_wconf 66' lang='grc' dir='ltr'>ἐνταῦθα</span> <span class='ocrx_word' id='word_1_365' title='bbox 862 3089 876 3145; x_wconf 71' lang='lat' dir='ltr'>a</span> <span class='ocrx_word' id='word_1_366' title='bbox 927 3078 1020 3139; x_wconf 89' lang='lat' dir='ltr'>habita</span> <span class='ocrx_word' id='word_1_367' title='bbox 1036 3077 1120 3158; x_wconf 87' lang='lat' dir='ltr'>digna</span> <span class='ocrx_word' id='word_1_368' title='bbox 1130 3079 1238 3156; x_wconf 86' lang='lat' dir='ltr'>luisset,</span> <span class='ocrx_word' id='word_1_369' title='bbox 1250 3102 1311 3159; x_wconf 81' lang='lat' dir='ltr'>quae</span> <span class='ocrx_word' id='word_1_370' title='bbox 1324 3099 1448 3143; x_wconf 89' lang='lat' dir='ltr'>sanctum</span> <span class='ocrx_word' id='word_1_371' title='bbox 1467 3085 1547 3145; x_wconf 87' lang='lat' dir='ltr'>illum</span> <span class='ocrx_word' id='word_1_372' title='bbox 1565 3086 1643 3147; x_wconf 86' lang='lat' dir='ltr'>exei-</span> 
     </span>
     <span class='ocr_line' id='line_1_32' title="bbox 127 3170 1644 3257; baseline 0.002 -22"><span class='ocrx_word' id='word_1_373' title='bbox 127 3174 280 3249; x_wconf 73' lang='grc' dir='ltr'>θιδαίπιιδὴ</span> <span class='ocrx_word' id='word_1_374' title='bbox 292 3177 412 3256; x_wconf 84' lang='grc' dir='ltr'>μάλιστα</span> <span class='ocrx_word' id='word_1_375' title='bbox 424 3175 532 3236; x_wconf 88' lang='grc' dir='ltr'>πάντων</span> <span class='ocrx_word' id='word_1_376' title='bbox 542 3175 616 3245; x_wconf 75' lang='grc' dir='ltr'>ἀξίαν</span> <span class='ocrx_word' id='word_1_377' title='bbox 630 3177 689 3256; x_wconf 75' lang='grc' dir='ltr'>ᾔδει</span> <span class='ocrx_word' id='word_1_378' title='bbox 705 3176 754 3249; x_wconf 75' lang='grc' dir='ltr'>τὴν</span> <span class='ocrx_word' id='word_1_379' title='bbox 764 3186 877 3257; x_wconf 73' lang='grc' dir='ltr'>γυναῖκα</span> <span class='ocrx_word' id='word_1_380' title='bbox 927 3183 1010 3250; x_wconf 86' lang='lat' dir='ltr'>peret.</span> <span class='ocrx_word' id='word_1_381' title='bbox 1038 3170 1273 3241; x_wconf 89' lang='lat' dir='ltr'>Quemadmodum</span> <span class='ocrx_word' id='word_1_382' title='bbox 1297 3186 1324 3231; x_wconf 93' lang='lat' dir='ltr'>et</span> <span class='ocrx_word' id='word_1_383' title='bbox 1342 3172 1377 3232; x_wconf 89' lang='lat' dir='ltr'>ad</span> <span class='ocrx_word' id='word_1_384' title='bbox 1400 3174 1549 3257; x_wconf 89' lang='lat' dir='ltr'>discipulos</span> <span class='ocrx_word' id='word_1_385' title='bbox 1571 3177 1644 3238; x_wconf 83' lang='lat' dir='ltr'>dixit</span> 
     </span>
     <span class='ocr_line' id='line_1_33' title="bbox 125 3262 1795 3348; baseline 0.001 -25"><span class='ocrx_word' id='word_1_386' title='bbox 125 3269 159 3323; x_wconf 76' lang='grc' dir='ltr'>τοῦ</span> <span class='ocrx_word' id='word_1_387' title='bbox 180 3266 298 3336; x_wconf 70' lang='grc' dir='ltr'>δέξασθαι</span> <span class='ocrx_word' id='word_1_388' title='bbox 323 3268 369 3328; x_wconf 84' lang='grc' dir='ltr'>τὸν</span> <span class='ocrx_word' id='word_1_389' title='bbox 388 3266 538 3348; x_wconf 76' lang='grc' dir='ltr'>προφήτην,</span> <span class='ocrx_word' id='word_1_390' title='bbox 559 3265 603 3326; x_wconf 76' lang='grc' dir='ltr'>δελ</span> <span class='ocrx_word' id='word_1_391' title='bbox 625 3274 703 3327; x_wconf 80' lang='grc' dir='ltr'>τοῦτο</span> <span class='ocrx_word' id='word_1_392' title='bbox 721 3267 768 3334; x_wconf 73' lang='grc' dir='ltr'>τὰς</span> <span class='ocrx_word' id='word_1_393' title='bbox 794 3269 877 3338; x_wconf 71' lang='grc' dir='ltr'>ἄλλος</span> <span class='ocrx_word' id='word_1_394' title='bbox 928 3262 1114 3337; x_wconf 56' lang='lat' dir='ltr'>Christum</span> <span class='ocrx_word' id='word_1_395' title='bbox 1127 3284 1340 3345; x_wconf 73' lang='lat' dir='ltr'>quanicumque</span> <span class='ocrx_word' id='word_1_396' title='bbox 1352 3268 1502 3326; x_wconf 80' lang='lat' dir='ltr'>civitatem</span> <span class='ocrx_word' id='word_1_397' title='bbox 1516 3282 1569 3328; x_wconf 83' lang='lat' dir='ltr'>aut</span> <span class='ocrx_word' id='word_1_398' title='bbox 1589 3279 1739 3329; x_wconf 73' lang='lat' dir='ltr'>ece-traua.</span> <span class='ocrx_word' id='word_1_399' title='bbox 1759 3293 1795 3326; x_wconf 91' lang='grc' dir='ltr'>ιο.</span> 
     </span>
     <span class='ocr_line' id='line_1_34' title="bbox 126 3356 1691 3441; baseline 0.002 -24"><span class='ocrx_word' id='word_1_400' title='bbox 126 3356 194 3425; x_wconf 74' lang='grc' dir='ltr'>πάσας</span> <span class='ocrx_word' id='word_1_401' title='bbox 219 3360 307 3440; x_wconf 82' lang='grc' dir='ltr'>άφελς,</span> <span class='ocrx_word' id='word_1_402' title='bbox 320 3361 406 3419; x_wconf 73' lang='grc' dir='ltr'>ἐκεῖσε</span> <span class='ocrx_word' id='word_1_403' title='bbox 431 3358 509 3419; x_wconf 81' lang='grc' dir='ltr'>αὐτὸν</span> <span class='ocrx_word' id='word_1_404' title='bbox 526 3358 637 3441; x_wconf 81' lang='grc' dir='ltr'>ἔπεμψε.</span> <span class='ocrx_word' id='word_1_405' title='bbox 653 3359 729 3433; x_wconf 78' lang='grc' dir='ltr'>Πλὴν</span> <span class='ocrx_word' id='word_1_406' title='bbox 748 3360 877 3421; x_wconf 73' lang='grc' dir='ltr'>ἀλλὰκαὶ</span> <span class='ocrx_word' id='word_1_407' title='bbox 927 3356 1046 3414; x_wconf 79' lang='lat' dir='ltr'>stellam</span> <span class='ocrx_word' id='word_1_408' title='bbox 1058 3357 1254 3429; x_wconf 81' lang='lat' dir='ltr'>intraveritis,</span> <span class='ocrx_word' id='word_1_409' title='bbox 1275 3359 1469 3437; x_wconf 82' lang='lat' dir='ltr'>interrogate,</span> <span class='ocrx_word' id='word_1_410' title='bbox 1486 3364 1551 3440; x_wconf 78' lang='lat' dir='ltr'>quis</span> <span class='ocrx_word' id='word_1_411' title='bbox 1562 3365 1594 3418; x_wconf 85' lang='lat' dir='ltr'>in</span> <span class='ocrx_word' id='word_1_412' title='bbox 1607 3383 1643 3420; x_wconf 84' lang='lat' dir='ltr'>ea</span> <span class='ocrx_word' id='word_1_413' title='bbox 1656 3357 1691 3388; x_wconf 85' lang='lat'>¹¹·</span> 
     </span>
     <span class='ocr_line' id='line_1_35' title="bbox 127 3447 1645 3542; baseline 0.008 -43"><span class='ocrx_word' id='word_1_414' title='bbox 127 3447 151 3507; x_wconf 70' lang='grc' dir='ltr'>δι’</span> <span class='ocrx_word' id='word_1_415' title='bbox 160 3453 235 3510; x_wconf 62' lang='grc' dir='ltr'>ὠῶν</span> <span class='ocrx_word' id='word_1_416' title='bbox 255 3453 309 3510; x_wconf 61' lang='grc' dir='ltr'>τῶν</span> <span class='ocrx_word' id='word_1_417' title='bbox 323 3451 490 3533; x_wconf 49' lang='lat' dir='ltr'>„mame</span> <span class='ocrx_word' id='word_1_418' title='bbox 505 3451 604 3528; x_wconf 67' lang='grc' dir='ltr'>ἴδωμεν</span> <span class='ocrx_word' id='word_1_419' title='bbox 629 3453 711 3522; x_wconf 73' lang='grc' dir='ltr'>αὐτῆς</span> <span class='ocrx_word' id='word_1_420' title='bbox 730 3450 779 3524; x_wconf 65' lang='grc' dir='ltr'>τὴν</span> <span class='ocrx_word' id='word_1_421' title='bbox 799 3452 874 3530; x_wconf 69' lang='grc' dir='ltr'>εὗρέ.</span> <span class='ocrx_word' id='word_1_422' title='bbox 883 3448 1031 3542; x_wconf 61' lang='lat' dir='ltr'>⁸³⁴dignus</span> <span class='ocrx_word' id='word_1_423' title='bbox 1044 3450 1093 3523; x_wconf 83' lang='lat' dir='ltr'>sit,</span> <span class='ocrx_word' id='word_1_424' title='bbox 1104 3457 1133 3504; x_wconf 90' lang='lat' dir='ltr'>et</span> <span class='ocrx_word' id='word_1_425' title='bbox 1143 3449 1186 3504; x_wconf 83' lang='lat' dir='ltr'>ibi</span> <span class='ocrx_word' id='word_1_426' title='bbox 1199 3458 1315 3504; x_wconf 87' lang='lat' dir='ltr'>manete</span> <span class='ocrx_word' id='word_1_427' title='bbox 1327 3470 1337 3502; x_wconf 91' lang='lat'><em>:</em></span> <span class='ocrx_word' id='word_1_428' title='bbox 1350 3447 1387 3505; x_wconf 92' lang='lat' dir='ltr'>ita</span> <span class='ocrx_word' id='word_1_429' title='bbox 1400 3451 1472 3507; x_wconf 90' lang='lat' dir='ltr'>Deus</span> <span class='ocrx_word' id='word_1_430' title='bbox 1483 3450 1528 3509; x_wconf 89' lang='lat' dir='ltr'>bie</span> <span class='ocrx_word' id='word_1_431' title='bbox 1538 3472 1645 3531; x_wconf 91' lang='lat' dir='ltr'>quoque</span> 
     </span>
     <span class='ocr_line' id='line_1_36' title="bbox 128 3538 1645 3624; baseline 0.005 -30"><span class='ocrx_word' id='word_1_432' title='bbox 128 3560 191 3602; x_wconf 72' lang='grc' dir='ltr'>εσσε,</span> <span class='ocrx_word' id='word_1_433' title='bbox 207 3543 281 3604; x_wconf 59' lang='lat' dir='ltr'>Aa&amp;</span> <span class='ocrx_word' id='word_1_434' title='bbox 295 3543 324 3604; x_wconf 78' lang='grc' dir='ltr'>δέ</span> <span class='ocrx_word' id='word_1_435' title='bbox 338 3567 392 3621; x_wconf 71' lang='grc' dir='ltr'>μσς,</span> <span class='ocrx_word' id='word_1_436' title='bbox 404 3543 495 3624; x_wconf 73' lang='grc' dir='ltr'>φησὶν,</span> <span class='ocrx_word' id='word_1_437' title='bbox 510 3543 581 3622; x_wconf 74' lang='grc' dir='ltr'>ὕδωρ</span> <span class='ocrx_word' id='word_1_438' title='bbox 596 3546 633 3610; x_wconf 78' lang='grc' dir='ltr'>εἰς</span> <span class='ocrx_word' id='word_1_439' title='bbox 647 3543 735 3623; x_wconf 71' lang='grc' dir='ltr'>ἄγγος.</span> <span class='ocrx_word' id='word_1_440' title='bbox 749 3544 872 3618; x_wconf 71' lang='grc' dir='ltr'>Πολλὴῆ</span> <span class='ocrx_word' id='word_1_441' title='bbox 891 3555 911 3600; x_wconf 81' lang='lat' dir='ltr'>t.</span> <span class='ocrx_word' id='word_1_442' title='bbox 926 3538 1054 3618; x_wconf 89' lang='lat' dir='ltr'>quoniam</span> <span class='ocrx_word' id='word_1_443' title='bbox 1081 3559 1138 3618; x_wconf 70' lang='lat' dir='ltr'>praa</span> <span class='ocrx_word' id='word_1_444' title='bbox 1158 3538 1285 3596; x_wconf 89' lang='lat' dir='ltr'>omnibus</span> <span class='ocrx_word' id='word_1_445' title='bbox 1307 3538 1419 3618; x_wconf 82' lang='lat' dir='ltr'>dignam</span> <span class='ocrx_word' id='word_1_446' title='bbox 1443 3556 1552 3601; x_wconf 80' lang='lat' dir='ltr'>noverat</span> <span class='ocrx_word' id='word_1_447' title='bbox 1575 3543 1645 3603; x_wconf 86' lang='lat' dir='ltr'>bano</span> 
     </span>
     <span class='ocr_line' id='line_1_37' title="bbox 129 3629 1645 3716; baseline 0.003 -26"><span class='ocrx_word' id='word_1_448' title='bbox 129 3634 281 3715; x_wconf 65' lang='grc' dir='ltr'>φιλοφροσύνη</span> <span class='ocrx_word' id='word_1_449' title='bbox 291 3640 340 3706; x_wconf 75' lang='grc' dir='ltr'>τῆς</span> <span class='ocrx_word' id='word_1_450' title='bbox 353 3634 485 3714; x_wconf 80' lang='grc' dir='ltr'>γυναικός.</span> <span class='ocrx_word' id='word_1_451' title='bbox 498 3633 565 3694; x_wconf 81' lang='grc' dir='ltr'>Ὅτι</span> <span class='ocrx_word' id='word_1_452' title='bbox 574 3634 625 3714; x_wconf 73' lang='grc' dir='ltr'>γάρ</span> <span class='ocrx_word' id='word_1_453' title='bbox 640 3633 815 3716; x_wconf 82' lang='grc' dir='ltr'>ἀπεκρίνατο,</span> <span class='ocrx_word' id='word_1_454' title='bbox 834 3637 874 3694; x_wconf 76' lang='grc' dir='ltr'>ὅτι</span> <span class='ocrx_word' id='word_1_455' title='bbox 925 3630 1075 3703; x_wconf 86' lang='lat' dir='ltr'>mulierem,</span> <span class='ocrx_word' id='word_1_456' title='bbox 1089 3650 1148 3707; x_wconf 83' lang='lat' dir='ltr'>qnae</span> <span class='ocrx_word' id='word_1_457' title='bbox 1158 3629 1319 3709; x_wconf 88' lang='lat' dir='ltr'>prophetam</span> <span class='ocrx_word' id='word_1_458' title='bbox 1333 3631 1491 3710; x_wconf 81' lang='lat' dir='ltr'>susciperet,</span> <span class='ocrx_word' id='word_1_459' title='bbox 1504 3647 1645 3714; x_wconf 86' lang='lat' dir='ltr'>propterea</span> 
     </span>
     <span class='ocr_line' id='line_1_38' title="bbox 127 3721 1644 3804; baseline 0.001 -19"><span class='ocrx_word' id='word_1_460' title='bbox 127 3721 184 3800; x_wconf 65' lang='grc' dir='ltr'>λύραι</span> <span class='ocrx_word' id='word_1_461' title='bbox 197 3726 354 3804; x_wconf 74' lang='grc' dir='ltr'>μετέδωκεν,</span> <span class='ocrx_word' id='word_1_462' title='bbox 364 3724 405 3784; x_wconf 80' lang='grc' dir='ltr'>ὅτι</span> <span class='ocrx_word' id='word_1_463' title='bbox 414 3725 451 3804; x_wconf 77' lang='grc' dir='ltr'>μὴ</span> <span class='ocrx_word' id='word_1_464' title='bbox 464 3730 636 3804; x_wconf 81' lang='grc' dir='ltr'>κατασχοῦσα</span> <span class='ocrx_word' id='word_1_465' title='bbox 650 3726 727 3785; x_wconf 82' lang='grc' dir='ltr'>αὐτὸν</span> <span class='ocrx_word' id='word_1_466' title='bbox 738 3725 787 3798; x_wconf 71' lang='lat' dir='ltr'>ele</span> <span class='ocrx_word' id='word_1_467' title='bbox 796 3726 873 3786; x_wconf 86' lang='grc' dir='ltr'>πόλιν</span> <span class='ocrx_word' id='word_1_468' title='bbox 926 3721 1028 3781; x_wconf 80' lang='lat' dir='ltr'>caeteris</span> <span class='ocrx_word' id='word_1_469' title='bbox 1048 3721 1174 3779; x_wconf 86' lang='lat' dir='ltr'>omnibus</span> <span class='ocrx_word' id='word_1_470' title='bbox 1203 3721 1309 3779; x_wconf 87' lang='lat' dir='ltr'>omissis</span> <span class='ocrx_word' id='word_1_471' title='bbox 1331 3721 1397 3780; x_wconf 88' lang='lat' dir='ltr'>illuc</span> <span class='ocrx_word' id='word_1_472' title='bbox 1415 3744 1477 3781; x_wconf 89' lang='lat' dir='ltr'>eum</span> <span class='ocrx_word' id='word_1_473' title='bbox 1501 3724 1583 3783; x_wconf 84' lang='lat' dir='ltr'>misit.</span> <span class='ocrx_word' id='word_1_474' title='bbox 1608 3730 1644 3786; x_wconf 81' lang='lat' dir='ltr'>At</span> 
     </span>
     <span class='ocr_line' id='line_1_39' title="bbox 129 3811 1643 3900; baseline 0.003 -24"><span class='ocrx_word' id='word_1_475' title='bbox 129 3811 210 3877; x_wconf 80' lang='grc' dir='ltr'>ίεεεαν</span> <span class='ocrx_word' id='word_1_476' title='bbox 224 3819 334 3878; x_wconf 74' lang='grc' dir='ltr'>ἐκάλεσε</span> <span class='ocrx_word' id='word_1_477' title='bbox 347 3817 412 3900; x_wconf 73' lang='grc' dir='ltr'>πρὸς</span> <span class='ocrx_word' id='word_1_478' title='bbox 421 3816 471 3890; x_wconf 81' lang='grc' dir='ltr'>τλν</span> <span class='ocrx_word' id='word_1_479' title='bbox 485 3815 616 3896; x_wconf 82' lang='grc' dir='ltr'>τιμωρίαν</span> <span class='ocrx_word' id='word_1_480' title='bbox 624 3823 672 3889; x_wconf 79' lang='grc' dir='ltr'>τῆς</span> <span class='ocrx_word' id='word_1_481' title='bbox 687 3817 757 3886; x_wconf 91' lang='grc' dir='ltr'>θείας</span> <span class='ocrx_word' id='word_1_482' title='bbox 773 3819 875 3891; x_wconf 77' lang='grc' dir='ltr'>ἐκείνης</span> <span class='ocrx_word' id='word_1_483' title='bbox 925 3813 997 3872; x_wconf 90' lang='lat' dir='ltr'>enim</span> <span class='ocrx_word' id='word_1_484' title='bbox 1010 3835 1045 3873; x_wconf 84' lang='lat' dir='ltr'>ex</span> <span class='ocrx_word' id='word_1_485' title='bbox 1058 3813 1139 3871; x_wconf 88' lang='lat' dir='ltr'>rebus</span> <span class='ocrx_word' id='word_1_486' title='bbox 1159 3811 1225 3893; x_wconf 89' lang='lat' dir='ltr'>ipsis</span> <span class='ocrx_word' id='word_1_487' title='bbox 1243 3813 1410 3874; x_wconf 90' lang='lat' dir='ltr'>nobilitatem</span> <span class='ocrx_word' id='word_1_488' title='bbox 1423 3815 1481 3896; x_wconf 88' lang='lat' dir='ltr'>ejus</span> <span class='ocrx_word' id='word_1_489' title='bbox 1492 3816 1643 3880; x_wconf 84' lang='lat' dir='ltr'>videamus.</span> 
     </span>
     <span class='ocr_line' id='line_1_40' title="bbox 130 3904 1642 3989; baseline 0.002 -23"><span class='ocrx_word' id='word_1_490' title='bbox 130 3911 232 3986; x_wconf 52' lang='lat' dir='ltr'>neura,</span> <span class='ocrx_word' id='word_1_491' title='bbox 241 3912 289 3970; x_wconf 72' lang='lat' dir='ltr'>oia</span> <span class='ocrx_word' id='word_1_492' title='bbox 302 3909 373 3979; x_wconf 76' lang='grc' dir='ltr'>άξιον</span> <span class='ocrx_word' id='word_1_493' title='bbox 380 3909 575 3981; x_wconf 73' lang='grc' dir='ltr'>ἐκπλήττεσθαι</span> <span class='ocrx_word' id='word_1_494' title='bbox 588 3908 634 3967; x_wconf 85' lang='grc' dir='ltr'>καλ</span> <span class='ocrx_word' id='word_1_495' title='bbox 647 3911 806 3988; x_wconf 72' lang='grc' dir='ltr'>θαυμάζειν;</span> <span class='ocrx_word' id='word_1_496' title='bbox 821 3911 875 3971; x_wconf 80' lang='grc' dir='ltr'>Καί</span> <span class='ocrx_word' id='word_1_497' title='bbox 924 3906 1010 3965; x_wconf 87' lang='lat' dir='ltr'>Sume</span> <span class='ocrx_word' id='word_1_498' title='bbox 1030 3908 1118 3980; x_wconf 83' lang='lat' dir='ltr'>milri,</span> <span class='ocrx_word' id='word_1_499' title='bbox 1139 3904 1243 3983; x_wconf 89' lang='lat' dir='ltr'>inquit,</span> <span class='ocrx_word' id='word_1_500' title='bbox 1266 3926 1376 3986; x_wconf 80' lang='lat' dir='ltr'>equam</span> <span class='ocrx_word' id='word_1_501' title='bbox 1395 3910 1427 3965; x_wconf 85' lang='lat' dir='ltr'>in</span> <span class='ocrx_word' id='word_1_502' title='bbox 1440 3929 1522 3967; x_wconf 74' lang='lat' dir='ltr'>aare.</span> <span class='ocrx_word' id='word_1_503' title='bbox 1541 3913 1642 3989; x_wconf 86' lang='lat' dir='ltr'>Magna</span> 
     </span>
     <span class='ocr_line' id='line_1_41' title="bbox 130 3994 1641 4082; baseline 0.001 -22"><span class='ocrx_word' id='word_1_504' title='bbox 130 3995 212 4081; x_wconf 61' lang='grc' dir='ltr'>ἢρύει</span> <span class='ocrx_word' id='word_1_505' title='bbox 225 4003 294 4071; x_wconf 85' lang='grc' dir='ltr'>είκδς</span> <span class='ocrx_word' id='word_1_506' title='bbox 310 3994 344 4074; x_wconf 66' lang='grc' dir='ltr'>ἦν</span> <span class='ocrx_word' id='word_1_507' title='bbox 353 4007 399 4061; x_wconf 91' lang='grc' dir='ltr'>τοῦ</span> <span class='ocrx_word' id='word_1_508' title='bbox 413 4005 492 4079; x_wconf 83' lang='grc' dir='ltr'>λιμοῦ</span> <span class='ocrx_word' id='word_1_509' title='bbox 500 4000 550 4074; x_wconf 81' lang='grc' dir='ltr'>τλν</span> <span class='ocrx_word' id='word_1_510' title='bbox 563 4000 681 4080; x_wconf 78' lang='grc' dir='ltr'>ἀνάγκην</span> <span class='ocrx_word' id='word_1_511' title='bbox 699 4002 764 4082; x_wconf 77' lang='grc' dir='ltr'>πρὸς</span> <span class='ocrx_word' id='word_1_512' title='bbox 775 4002 874 4075; x_wconf 75' lang='grc' dir='ltr'>ταύτην</span> <span class='ocrx_word' id='word_1_513' title='bbox 924 4017 988 4056; x_wconf 90' lang='lat' dir='ltr'>sane</span> <span class='ocrx_word' id='word_1_514' title='bbox 1001 3995 1121 4055; x_wconf 87' lang='lat' dir='ltr'>mulieris</span> <span class='ocrx_word' id='word_1_515' title='bbox 1130 3996 1294 4055; x_wconf 82' lang='lat' dir='ltr'>humanitas.</span> <span class='ocrx_word' id='word_1_516' title='bbox 1312 3997 1395 4068; x_wconf 90' lang='lat' dir='ltr'>Quod</span> <span class='ocrx_word' id='word_1_517' title='bbox 1408 3999 1480 4057; x_wconf 82' lang='lat' dir='ltr'>enim</span> <span class='ocrx_word' id='word_1_518' title='bbox 1498 4002 1641 4081; x_wconf 90' lang='lat' dir='ltr'>responde·</span> 
     </span>
     <span class='ocr_line' id='line_1_42' title="bbox 131 4085 1642 4174; baseline 0.002 -23"><span class='ocrx_word' id='word_1_519' title='bbox 131 4085 239 4172; x_wconf 64' lang='grc' dir='ltr'>ίξνῐογιῖν</span> <span class='ocrx_word' id='word_1_520' title='bbox 247 4092 298 4164; x_wconf 73' lang='grc' dir='ltr'>τὴν</span> <span class='ocrx_word' id='word_1_521' title='bbox 310 4091 392 4173; x_wconf 71' lang='grc' dir='ltr'>δργλν</span> <span class='ocrx_word' id='word_1_522' title='bbox 406 4093 437 4152; x_wconf 84' lang='grc' dir='ltr'>εδ</span> <span class='ocrx_word' id='word_1_523' title='bbox 449 4092 565 4171; x_wconf 82' lang='grc' dir='ltr'>γύναιον,</span> <span class='ocrx_word' id='word_1_524' title='bbox 578 4092 605 4160; x_wconf 78' lang='grc' dir='ltr'>ἐξ</span> <span class='ocrx_word' id='word_1_525' title='bbox 617 4093 763 4153; x_wconf 82' lang='grc' dir='ltr'>Ἰουδαϊκοῦ</span> <span class='ocrx_word' id='word_1_526' title='bbox 783 4116 874 4174; x_wconf 86' lang='grc' dir='ltr'>παρα·</span> <span class='ocrx_word' id='word_1_527' title='bbox 924 4089 972 4165; x_wconf 91' lang='lat' dir='ltr'>rit,</span> <span class='ocrx_word' id='word_1_528' title='bbox 989 4087 1062 4168; x_wconf 92' lang='lat' dir='ltr'>quod</span> <span class='ocrx_word' id='word_1_529' title='bbox 1071 4088 1098 4146; x_wconf 93' lang='lat' dir='ltr'>in</span> <span class='ocrx_word' id='word_1_530' title='bbox 1109 4088 1276 4168; x_wconf 86' lang='lat' dir='ltr'>colloquium</span> <span class='ocrx_word' id='word_1_531' title='bbox 1289 4089 1347 4170; x_wconf 86' lang='lat' dir='ltr'>ejus</span> <span class='ocrx_word' id='word_1_532' title='bbox 1357 4091 1468 4168; x_wconf 86' lang='lat' dir='ltr'>venerit,</span> <span class='ocrx_word' id='word_1_533' title='bbox 1478 4093 1552 4171; x_wconf 93' lang='lat' dir='ltr'>quod</span> <span class='ocrx_word' id='word_1_534' title='bbox 1563 4094 1642 4154; x_wconf 90' lang='lat' dir='ltr'>illum</span> 
     </span>
     <span class='ocr_line' id='line_1_43' title="bbox 132 4176 1639 4264; baseline 0.007 -27"><span class='ocrx_word' id='word_1_535' title='bbox 132 4176 243 4259; x_wconf 68' lang='grc' dir='ltr'>ῦίῃιεεσς</span> <span class='ocrx_word' id='word_1_536' title='bbox 261 4184 388 4262; x_wconf 77' lang='grc' dir='ltr'>μάνθανε.</span> <span class='ocrx_word' id='word_1_537' title='bbox 407 4181 622 4255; x_wconf 65' lang='grc' dir='ltr'>’θἘλισσαῖσς,</span> <span class='ocrx_word' id='word_1_538' title='bbox 644 4187 659 4241; x_wconf 81' lang='grc' dir='ltr'>ὁ</span> <span class='ocrx_word' id='word_1_539' title='bbox 684 4183 805 4261; x_wconf 71' lang='grc' dir='ltr'>μαθητὴς</span> <span class='ocrx_word' id='word_1_540' title='bbox 828 4188 875 4242; x_wconf 89' lang='grc' dir='ltr'>τοῦ</span> <span class='ocrx_word' id='word_1_541' title='bbox 926 4181 1073 4262; x_wconf 88' lang='lat' dir='ltr'>corripiens</span> <span class='ocrx_word' id='word_1_542' title='bbox 1095 4194 1179 4240; x_wconf 89' lang='lat' dir='ltr'>totam</span> <span class='ocrx_word' id='word_1_543' title='bbox 1199 4180 1335 4241; x_wconf 87' lang='lat' dir='ltr'>civitatem</span> <span class='ocrx_word' id='word_1_544' title='bbox 1344 4181 1379 4241; x_wconf 89' lang='lat' dir='ltr'>ad</span> <span class='ocrx_word' id='word_1_545' title='bbox 1405 4185 1573 4264; x_wconf 90' lang='lat' dir='ltr'>puniendum</span> <span class='ocrx_word' id='word_1_546' title='bbox 1599 4209 1639 4247; x_wconf 90' lang='lat' dir='ltr'>sa·</span> 
     </span>
     <span class='ocr_line' id='line_1_44' title="bbox 132 4263 1644 4359; baseline 0.004 -27"><span class='ocrx_word' id='word_1_547' title='bbox 132 4263 216 4345; x_wconf 77' lang='grc' dir='ltr'>Ἠλίαν,</span> <span class='ocrx_word' id='word_1_548' title='bbox 225 4276 353 4342; x_wconf 79' lang='grc' dir='ltr'>δδιπλαῦς</span> <span class='ocrx_word' id='word_1_549' title='bbox 366 4273 461 4343; x_wconf 83' lang='grc' dir='ltr'>Ἠλίας</span> <span class='ocrx_word' id='word_1_550' title='bbox 471 4279 513 4349; x_wconf 86' lang='grc' dir='ltr'>(ίν</span> <span class='ocrx_word' id='word_1_551' title='bbox 523 4273 576 4353; x_wconf 71' lang='grc' dir='ltr'>γάρ</span> <span class='ocrx_word' id='word_1_552' title='bbox 589 4276 628 4354; x_wconf 77' lang='grc' dir='ltr'>τῷ</span> <span class='ocrx_word' id='word_1_553' title='bbox 642 4279 748 4354; x_wconf 78' lang='grc' dir='ltr'>μαθητῇ</span> <span class='ocrx_word' id='word_1_554' title='bbox 766 4276 874 4334; x_wconf 87' lang='grc' dir='ltr'>διπλοῦν</span> <span class='ocrx_word' id='word_1_555' title='bbox 928 4293 1004 4331; x_wconf 89' lang='lat' dir='ltr'>crum</span> <span class='ocrx_word' id='word_1_556' title='bbox 1017 4272 1090 4331; x_wconf 89' lang='lat' dir='ltr'>illud</span> <span class='ocrx_word' id='word_1_557' title='bbox 1102 4287 1183 4353; x_wconf 86' lang='lat' dir='ltr'>caput</span> <span class='ocrx_word' id='word_1_558' title='bbox 1196 4293 1248 4332; x_wconf 90' lang='lat' dir='ltr'>non</span> <span class='ocrx_word' id='word_1_559' title='bbox 1262 4273 1415 4346; x_wconf 86' lang='lat' dir='ltr'>vocaverit,</span> <span class='ocrx_word' id='word_1_560' title='bbox 1432 4297 1519 4336; x_wconf 90' lang='lat' dir='ltr'>nonne</span> <span class='ocrx_word' id='word_1_561' title='bbox 1535 4291 1644 4359; x_wconf 86' lang='lat' dir='ltr'>stupore</span> 
     </span>
     <span class='ocr_line' id='line_1_45' title="bbox 133 4358 1646 4447; baseline 0.001 -19"><span class='ocrx_word' id='word_1_562' title='bbox 133 4358 164 4418; x_wconf 70' lang='lat' dir='ltr'>tlt</span> <span class='ocrx_word' id='word_1_563' title='bbox 174 4365 321 4428; x_wconf 75' lang='grc' dir='ltr'>διδάσκαλον</span> <span class='ocrx_word' id='word_1_564' title='bbox 348 4358 382 4439; x_wconf 69' lang='grc' dir='ltr'>ἦν</span> <span class='ocrx_word' id='word_1_565' title='bbox 409 4368 503 4442; x_wconf 80' lang='grc' dir='ltr'>ἰδεῖν),</span> <span class='ocrx_word' id='word_1_566' title='bbox 517 4366 696 4447; x_wconf 75' lang='grc' dir='ltr'>προεφήτευσε</span> <span class='ocrx_word' id='word_1_567' title='bbox 709 4365 776 4443; x_wconf 71' lang='grc' dir='ltr'>μετὰ</span> <span class='ocrx_word' id='word_1_568' title='bbox 790 4372 874 4425; x_wconf 89' lang='grc' dir='ltr'>ταῦτα</span> <span class='ocrx_word' id='word_1_569' title='bbox 927 4378 953 4424; x_wconf 92' lang='lat' dir='ltr'>et</span> <span class='ocrx_word' id='word_1_570' title='bbox 961 4363 1136 4423; x_wconf 90' lang='lat' dir='ltr'>admiratione</span> <span class='ocrx_word' id='word_1_571' title='bbox 1155 4364 1270 4444; x_wconf 90' lang='lat' dir='ltr'>dignum</span> <span class='ocrx_word' id='word_1_572' title='bbox 1282 4364 1409 4425; x_wconf 79' lang='lat' dir='ltr'>videtur?</span> <span class='ocrx_word' id='word_1_573' title='bbox 1424 4368 1564 4446; x_wconf 87' lang='lat' dir='ltr'>Siquidem</span> <span class='ocrx_word' id='word_1_574' title='bbox 1584 4391 1646 4429; x_wconf 89' lang='lat' dir='ltr'>me-</span> 
     </span>
     <span class='ocr_line' id='line_1_46' title="bbox 134 4449 1647 4539; baseline 0.001 -21"><span class='ocrx_word' id='word_1_575' title='bbox 134 4449 200 4529; x_wconf 68' lang='grc' dir='ltr'>λιείν·</span> <span class='ocrx_word' id='word_1_576' title='bbox 219 4459 278 4539; x_wconf 80' lang='grc' dir='ltr'>οὒχλ</span> <span class='ocrx_word' id='word_1_577' title='bbox 293 4459 370 4526; x_wconf 82' lang='grc' dir='ltr'>αῦτδς</span> <span class='ocrx_word' id='word_1_578' title='bbox 391 4459 524 4537; x_wconf 74' lang='grc' dir='ltr'>ίπηγαγε,</span> <span class='ocrx_word' id='word_1_579' title='bbox 544 4457 663 4536; x_wconf 84' lang='grc' dir='ltr'>καθάπερ</span> <span class='ocrx_word' id='word_1_580' title='bbox 677 4456 785 4532; x_wconf 89' lang='grc' dir='ltr'>Ἠλίας,</span> <span class='ocrx_word' id='word_1_581' title='bbox 806 4457 875 4518; x_wconf 74' lang='grc' dir='ltr'>ἀλλὰ</span> <span class='ocrx_word' id='word_1_582' title='bbox 929 4457 981 4516; x_wconf 75' lang='grc' dir='ltr'>τίειν</span> <span class='ocrx_word' id='word_1_583' title='bbox 996 4455 1075 4514; x_wconf 81' lang='lat' dir='ltr'>lamis</span> <span class='ocrx_word' id='word_1_584' title='bbox 1098 4455 1220 4514; x_wconf 86' lang='lat' dir='ltr'>adactam</span> <span class='ocrx_word' id='word_1_585' title='bbox 1240 4455 1393 4514; x_wconf 75' lang='lat' dir='ltr'>necessitate</span> <span class='ocrx_word' id='word_1_586' title='bbox 1407 4457 1594 4519; x_wconf 87' lang='lat' dir='ltr'>mulierculam</span> <span class='ocrx_word' id='word_1_587' title='bbox 1616 4481 1647 4520; x_wconf 86' lang='lat' dir='ltr'>eo</span> 
     </span>
     <span class='ocr_line' id='line_1_47' title="bbox 136 4541 1726 4639; baseline 0 -28"><span class='ocrx_word' id='word_1_588' title='bbox 136 4543 235 4616; x_wconf 65' lang='lat' dir='ltr'>lilim</span> <span class='ocrx_word' id='word_1_589' title='bbox 256 4550 330 4624; x_wconf 76' lang='grc' dir='ltr'>ἥξειν</span> <span class='ocrx_word' id='word_1_590' title='bbox 349 4559 471 4629; x_wconf 85' lang='grc' dir='ltr'>προεῖπε.</span> <span class='ocrx_word' id='word_1_591' title='bbox 486 4549 524 4610; x_wconf 89' lang='grc' dir='ltr'>Τί</span> <span class='ocrx_word' id='word_1_592' title='bbox 538 4541 582 4609; x_wconf 82' lang='grc' dir='ltr'>οῦν</span> <span class='ocrx_word' id='word_1_593' title='bbox 597 4553 611 4608; x_wconf 81' lang='grc' dir='ltr'>ὁ</span> <span class='ocrx_word' id='word_1_594' title='bbox 627 4549 796 4627; x_wconf 51' lang='lat' dir='ltr'>predelam&amp;</span> <span class='ocrx_word' id='word_1_595' title='bbox 816 4554 874 4609; x_wconf 80' lang='grc' dir='ltr'>κατ’</span> <span class='ocrx_word' id='word_1_596' title='bbox 929 4569 1014 4626; x_wconf 85' lang='lat' dir='ltr'>usque</span> <span class='ocrx_word' id='word_1_597' title='bbox 1027 4547 1108 4605; x_wconf 87' lang='lat' dir='ltr'>fnisse</span> <span class='ocrx_word' id='word_1_598' title='bbox 1128 4545 1267 4605; x_wconf 90' lang='lat' dir='ltr'>iracundia</span> <span class='ocrx_word' id='word_1_599' title='bbox 1282 4561 1455 4623; x_wconf 89' lang='lat' dir='ltr'>commotam,</span> <span class='ocrx_word' id='word_1_600' title='bbox 1475 4571 1510 4609; x_wconf 86' lang='lat' dir='ltr'>ex</span> <span class='ocrx_word' id='word_1_601' title='bbox 1524 4550 1575 4611; x_wconf 88' lang='lat' dir='ltr'>hoc</span> <span class='ocrx_word' id='word_1_602' title='bbox 1593 4554 1646 4612; x_wconf 90' lang='lat' dir='ltr'>Ju-</span> <span class='ocrx_word' id='word_1_603' title='bbox 1721 4629 1726 4639; x_wconf 91' lang='lat'><em>.</em></span> 
     </span>
     <span class='ocr_line' id='line_1_48' title="bbox 136 4627 1797 4752; baseline 0.005 -56"><span class='ocrx_word' id='word_1_604' title='bbox 136 4633 288 4710; x_wconf 71' lang='grc' dir='ltr'>δείνωςεσος</span> <span class='ocrx_word' id='word_1_605' title='bbox 305 4641 415 4724; x_wconf 79' lang='grc' dir='ltr'>χρόνους</span> <span class='ocrx_word' id='word_1_606' title='bbox 429 4641 590 4721; x_wconf 70' lang='grc' dir='ltr'>βασιλεῦον,</span> <span class='ocrx_word' id='word_1_607' title='bbox 607 4641 803 4720; x_wconf 84' lang='grc' dir='ltr'>Περιεύάλλετο</span> <span class='ocrx_word' id='word_1_608' title='bbox 813 4643 877 4702; x_wconf 87' lang='grc' dir='ltr'>σάκ-</span> <span class='ocrx_word' id='word_1_609' title='bbox 893 4657 911 4703; x_wconf 77' lang='grc' dir='ltr'><strong><em>Β</em></strong></span> <span class='ocrx_word' id='word_1_610' title='bbox 929 4640 1006 4700; x_wconf 90' lang='lat' dir='ltr'>daico</span> <span class='ocrx_word' id='word_1_611' title='bbox 1020 4637 1144 4718; x_wconf 85' lang='lat' dir='ltr'>exemplo</span> <span class='ocrx_word' id='word_1_612' title='bbox 1160 4658 1298 4717; x_wconf 86' lang='lat' dir='ltr'>cognosce.</span> <span class='ocrx_word' id='word_1_613' title='bbox 1316 4639 1473 4720; x_wconf 86' lang='lat' dir='ltr'>Discipulos</span> <span class='ocrx_word' id='word_1_614' title='bbox 1487 4642 1571 4702; x_wconf 78' lang='lat' dir='ltr'>Helie</span> <span class='ocrx_word' id='word_1_615' title='bbox 1585 4644 1644 4703; x_wconf 85' lang='lat' dir='ltr'>Eli·</span> <span class='ocrx_word' id='word_1_616' title='bbox 1654 4627 1797 4752; x_wconf 50' lang='lat' dir='ltr'>duffl‘q&#39;ss&#39;</span> 
     </span>
     <span class='ocr_line' id='line_1_49' title="bbox 136 4730 1704 4815; baseline 0.01 -32"><span class='ocrx_word' id='word_1_617' title='bbox 136 4743 176 4799; x_wconf 85' lang='grc' dir='ltr'>εον,</span> <span class='ocrx_word' id='word_1_618' title='bbox 187 4734 262 4810; x_wconf 61' lang='grc' dir='ltr'>φησί·</span> <span class='ocrx_word' id='word_1_619' title='bbox 285 4734 333 4793; x_wconf 67' lang='grc' dir='ltr'>καὶ</span> <span class='ocrx_word' id='word_1_620' title='bbox 353 4732 405 4814; x_wconf 65' lang='grc' dir='ltr'>γὰρ</span> <span class='ocrx_word' id='word_1_621' title='bbox 425 4732 598 4793; x_wconf 67' lang='grc' dir='ltr'>ἐταπείνωσεν</span> <span class='ocrx_word' id='word_1_622' title='bbox 613 4733 690 4792; x_wconf 76' lang='grc' dir='ltr'>αὐτὸν</span> <span class='ocrx_word' id='word_1_623' title='bbox 705 4738 723 4805; x_wconf 81' lang='grc' dir='ltr'>ἡ</span> <span class='ocrx_word' id='word_1_624' title='bbox 738 4733 877 4814; x_wconf 84' lang='grc' dir='ltr'>συμφορά·</span> <span class='ocrx_word' id='word_1_625' title='bbox 930 4754 1007 4804; x_wconf 80' lang='grc' dir='ltr'>εοεαε,</span> <span class='ocrx_word' id='word_1_626' title='bbox 1020 4730 1124 4811; x_wconf 86' lang='lat' dir='ltr'>duplex</span> <span class='ocrx_word' id='word_1_627' title='bbox 1140 4730 1231 4787; x_wconf 85' lang='lat' dir='ltr'>Helias</span> <span class='ocrx_word' id='word_1_628' title='bbox 1243 4730 1393 4811; x_wconf 86' lang='lat' dir='ltr'>(duplicem</span> <span class='ocrx_word' id='word_1_629' title='bbox 1402 4733 1475 4793; x_wconf 88' lang='lat' dir='ltr'>enim</span> <span class='ocrx_word' id='word_1_630' title='bbox 1487 4735 1704 4815; x_wconf 72' lang='lat' dir='ltr'>magistrumnn.</span> 
     </span>
     <span class='ocr_line' id='line_1_50' title="bbox 138 4815 1662 4911; baseline 0.001 -27"><span class='ocrx_word' id='word_1_631' title='bbox 138 4815 249 4898; x_wconf 59' lang='lat' dir='ltr'>lll&#39;lpeg</span> <span class='ocrx_word' id='word_1_632' title='bbox 260 4824 332 4885; x_wconf 74' lang='grc' dir='ltr'>οὕτω</span> <span class='ocrx_word' id='word_1_633' title='bbox 344 4824 527 4898; x_wconf 85' lang='grc' dir='ltr'>ταπεινωθελς,</span> <span class='ocrx_word' id='word_1_634' title='bbox 539 4823 653 4891; x_wconf 83' lang='grc' dir='ltr'>ἀκούσας</span> <span class='ocrx_word' id='word_1_635' title='bbox 672 4826 794 4904; x_wconf 79' lang='grc' dir='ltr'>γυναικὸς</span> <span class='ocrx_word' id='word_1_636' title='bbox 813 4828 877 4885; x_wconf 74' lang='lat' dir='ltr'>dlo—</span> <span class='ocrx_word' id='word_1_637' title='bbox 931 4826 959 4884; x_wconf 90' lang='lat' dir='ltr'>in</span> <span class='ocrx_word' id='word_1_638' title='bbox 967 4824 1103 4905; x_wconf 83' lang='lat' dir='ltr'>discipulo</span> <span class='ocrx_word' id='word_1_639' title='bbox 1119 4821 1219 4881; x_wconf 87' lang='lat' dir='ltr'>licebat</span> <span class='ocrx_word' id='word_1_640' title='bbox 1229 4822 1348 4904; x_wconf 85' lang='lat' dir='ltr'>intueri),</span> <span class='ocrx_word' id='word_1_641' title='bbox 1356 4823 1456 4885; x_wconf 77' lang='lat' dir='ltr'>famem</span> <span class='ocrx_word' id='word_1_642' title='bbox 1468 4842 1560 4907; x_wconf 87' lang='lat' dir='ltr'>postea</span> <span class='ocrx_word' id='word_1_643' title='bbox 1579 4851 1662 4911; x_wconf 29' lang='lat' dir='ltr'>pro-r</span> 
     </span>
     <span class='ocr_line' id='line_1_51' title="bbox 140 4911 1654 4998; baseline 0.005 -23"><span class='ocrx_word' id='word_1_644' title='bbox 140 4911 299 4987; x_wconf 62' lang='grc' dir='ltr'>Ργίνηςτινδς</span> <span class='ocrx_word' id='word_1_645' title='bbox 309 4915 355 4978; x_wconf 67' lang='lat' dir='ltr'>tet</span> <span class='ocrx_word' id='word_1_646' title='bbox 368 4917 486 4995; x_wconf 73' lang='grc' dir='ltr'>συμύᾶσι</span> <span class='ocrx_word' id='word_1_647' title='bbox 500 4916 543 4975; x_wconf 75' lang='grc' dir='ltr'>διὰ</span> <span class='ocrx_word' id='word_1_648' title='bbox 561 4915 606 4975; x_wconf 88' lang='grc' dir='ltr'>τδν</span> <span class='ocrx_word' id='word_1_649' title='bbox 619 4916 708 4994; x_wconf 82' lang='grc' dir='ltr'>λιμὸν,</span> <span class='ocrx_word' id='word_1_650' title='bbox 729 4921 766 4984; x_wconf 82' lang='grc' dir='ltr'>εἰς</span> <span class='ocrx_word' id='word_1_651' title='bbox 785 4916 879 4978; x_wconf 87' lang='grc' dir='ltr'>τοσαύ-</span> <span class='ocrx_word' id='word_1_652' title='bbox 933 4915 1075 4998; x_wconf 77' lang='lat' dir='ltr'>pbetavit5</span> <span class='ocrx_word' id='word_1_653' title='bbox 1088 4935 1141 4973; x_wconf 91' lang='lat' dir='ltr'>non</span> <span class='ocrx_word' id='word_1_654' title='bbox 1152 4913 1210 4995; x_wconf 87' lang='lat' dir='ltr'>ipse</span> <span class='ocrx_word' id='word_1_655' title='bbox 1220 4914 1332 4974; x_wconf 88' lang='lat' dir='ltr'>immisit</span> <span class='ocrx_word' id='word_1_656' title='bbox 1342 4916 1521 4995; x_wconf 84' lang='lat' dir='ltr'>sieutllelias,</span> <span class='ocrx_word' id='word_1_657' title='bbox 1532 4921 1579 4980; x_wconf 84' lang='lat' dir='ltr'>sed</span> <span class='ocrx_word' id='word_1_658' title='bbox 1588 4944 1654 4983; x_wconf 84' lang='lat' dir='ltr'>ven·</span> 
     </span>
     <span class='ocr_line' id='line_1_52' title="bbox 141 5004 1654 5094; baseline 0.004 -26"><span class='ocrx_word' id='word_1_659' title='bbox 141 5016 174 5068; x_wconf 63' lang='lat' dir='ltr'>”t</span> <span class='ocrx_word' id='word_1_660' title='bbox 183 5004 299 5088; x_wconf 75' lang='grc' dir='ltr'>ίξηνίχθη</span> <span class='ocrx_word' id='word_1_661' title='bbox 309 5007 371 5068; x_wconf 77' lang='grc' dir='ltr'>τότε</span> <span class='ocrx_word' id='word_1_662' title='bbox 381 5007 478 5089; x_wconf 73' lang='grc' dir='ltr'>ὀργὴν,</span> <span class='ocrx_word' id='word_1_663' title='bbox 491 5011 528 5075; x_wconf 73' lang='grc' dir='ltr'>ὡς</span> <span class='ocrx_word' id='word_1_664' title='bbox 549 5007 697 5080; x_wconf 67' lang='grc' dir='ltr'>ἀναβοῆσαι</span> <span class='ocrx_word' id='word_1_665' title='bbox 716 5008 810 5077; x_wconf 82' lang='grc' dir='ltr'>εῦθίως</span> <span class='ocrx_word' id='word_1_666' title='bbox 835 5010 880 5068; x_wconf 82' lang='grc' dir='ltr'>καὶ</span> <span class='ocrx_word' id='word_1_667' title='bbox 934 5021 1022 5066; x_wconf 85' lang='lat' dir='ltr'>turam</span> <span class='ocrx_word' id='word_1_668' title='bbox 1036 5005 1174 5086; x_wconf 74' lang='lat' dir='ltr'>predixit.</span> <span class='ocrx_word' id='word_1_669' title='bbox 1189 5004 1266 5077; x_wconf 93' lang='lat' dir='ltr'>Quid</span> <span class='ocrx_word' id='word_1_670' title='bbox 1277 5026 1341 5085; x_wconf 89' lang='lat' dir='ltr'>ergo</span> <span class='ocrx_word' id='word_1_671' title='bbox 1355 5029 1413 5084; x_wconf 81' lang='lat' dir='ltr'>rex,</span> <span class='ocrx_word' id='word_1_672' title='bbox 1426 5009 1474 5088; x_wconf 89' lang='lat' dir='ltr'>qui</span> <span class='ocrx_word' id='word_1_673' title='bbox 1487 5013 1654 5094; x_wconf 87' lang='lat' dir='ltr'>temporibus</span> 
     </span>
     <span class='ocr_line' id='line_1_53' title="bbox 144 5089 1656 5184; baseline 0.009 -31"><span class='ocrx_word' id='word_1_674' title='bbox 144 5089 211 5168; x_wconf 71' lang='grc' dir='ltr'>θεοῦ,</span> <span class='ocrx_word' id='word_1_675' title='bbox 220 5100 290 5160; x_wconf 85' lang='grc' dir='ltr'>Τάδε</span> <span class='ocrx_word' id='word_1_676' title='bbox 300 5099 412 5172; x_wconf 70' lang='grc' dir='ltr'>ποιήσαι</span> <span class='ocrx_word' id='word_1_677' title='bbox 421 5123 467 5178; x_wconf 85' lang='grc' dir='ltr'>μοι</span> <span class='ocrx_word' id='word_1_678' title='bbox 480 5105 495 5159; x_wconf 79' lang='grc' dir='ltr'>θ</span> <span class='ocrx_word' id='word_1_679' title='bbox 508 5099 594 5172; x_wconf 87' lang='grc' dir='ltr'>Θεδς,</span> <span class='ocrx_word' id='word_1_680' title='bbox 606 5099 652 5159; x_wconf 79' lang='grc' dir='ltr'>καί</span> <span class='ocrx_word' id='word_1_681' title='bbox 659 5099 722 5159; x_wconf 86' lang='grc' dir='ltr'>τάδε</span> <span class='ocrx_word' id='word_1_682' title='bbox 736 5100 880 5183; x_wconf 84' lang='grc' dir='ltr'>προσθείη,</span> <span class='ocrx_word' id='word_1_683' title='bbox 933 5098 988 5157; x_wconf 90' lang='lat' dir='ltr'>illis</span> <span class='ocrx_word' id='word_1_684' title='bbox 994 5095 1264 5177; x_wconf 70' lang='lat' dir='ltr'>regnahatllndutus</span> <span class='ocrx_word' id='word_1_685' title='bbox 1272 5111 1311 5158; x_wconf 83' lang='lat' dir='ltr'>est</span> <span class='ocrx_word' id='word_1_686' title='bbox 1317 5120 1402 5172; x_wconf 88' lang='lat' dir='ltr'>sacco,</span> <span class='ocrx_word' id='word_1_687' title='bbox 1411 5101 1512 5181; x_wconf 85' lang='lat' dir='ltr'>inquit:</span> <span class='ocrx_word' id='word_1_688' title='bbox 1521 5104 1656 5184; x_wconf 79' lang='lat' dir='ltr'>siquidem</span> 
     </span>
     <span class='ocr_line' id='line_1_54' title="bbox 146 5178 1666 5272; baseline 0.007 -25"><span class='ocrx_word' id='word_1_689' title='bbox 146 5178 162 5235; x_wconf 82' lang='lat' dir='ltr'>d</span> <span class='ocrx_word' id='word_1_690' title='bbox 176 5187 284 5261; x_wconf 68' lang='grc' dir='ltr'>πάσεται</span> <span class='ocrx_word' id='word_1_691' title='bbox 304 5195 322 5263; x_wconf 76' lang='grc' dir='ltr'>ἡ</span> <span class='ocrx_word' id='word_1_692' title='bbox 347 5190 449 5270; x_wconf 76' lang='grc' dir='ltr'>κεφαλὴ</span> <span class='ocrx_word' id='word_1_693' title='bbox 463 5190 619 5252; x_wconf 85' lang='grc' dir='ltr'>Ἐλισσαίου</span> <span class='ocrx_word' id='word_1_694' title='bbox 642 5194 700 5251; x_wconf 82' lang='grc' dir='ltr'>υἱοῦ</span> <span class='ocrx_word' id='word_1_695' title='bbox 721 5191 817 5272; x_wconf 85' lang='grc' dir='ltr'>Σαφδιτ</span> <span class='ocrx_word' id='word_1_696' title='bbox 838 5194 880 5250; x_wconf 83' lang='grc' dir='ltr'>ἐπ’</span> <span class='ocrx_word' id='word_1_697' title='bbox 935 5188 1161 5250; x_wconf 82' lang='lat' dir='ltr'>humiliaviteum</span> <span class='ocrx_word' id='word_1_698' title='bbox 1173 5187 1312 5248; x_wconf 83' lang='lat' dir='ltr'>calamitas</span> <span class='ocrx_word' id='word_1_699' title='bbox 1323 5212 1330 5245; x_wconf 91' lang='lat'><strong>:</strong></span> <span class='ocrx_word' id='word_1_700' title='bbox 1341 5188 1382 5248; x_wconf 89' lang='lat' dir='ltr'>sic</span> <span class='ocrx_word' id='word_1_701' title='bbox 1394 5204 1483 5252; x_wconf 90' lang='lat' dir='ltr'>tamen</span> <span class='ocrx_word' id='word_1_702' title='bbox 1496 5193 1666 5268; x_wconf 77' lang='lat' dir='ltr'>humiliatus</span> 
     </span>
    </p>
   </div>
   <div class='ocr_carea' id='block_1_4' title="bbox 80 5269 1726 5407">
    <p class='ocr_par' dir='ltr' id='par_1_4' title="bbox 80 5269 1726 5407">
     <span class='ocr_line' id='line_1_55' title="bbox 80 5269 1726 5407; baseline 0.015 -79"><span class='ocrx_word' id='word_1_703' title='bbox 80 5286 85 5407; x_wconf 62' lang='grc' dir='ltr'>ρ</span> <span class='ocrx_word' id='word_1_704' title='bbox 149 5270 204 5333; x_wconf 66' lang='lat' dir='ltr'>oen</span> <span class='ocrx_word' id='word_1_705' title='bbox 214 5280 330 5363; x_wconf 64' lang='grc' dir='ltr'>σήμερον,</span> <span class='ocrx_word' id='word_1_706' title='bbox 343 5272 421 5350; x_wconf 70' lang='grc' dir='ltr'>Εἶδες</span> <span class='ocrx_word' id='word_1_707' title='bbox 439 5281 686 5362; x_wconf 72' lang='grc' dir='ltr'>εῶβσσιλίωςι-λν</span> <span class='ocrx_word' id='word_1_708' title='bbox 699 5283 884 5365; x_wconf 69' lang='grc' dir='ltr'>θργήνςΙάθε</span> <span class='ocrx_word' id='word_1_709' title='bbox 935 5281 1204 5393; x_wconf 35' lang='grc' dir='ltr'>ειιωιίαωεοεεαῑοω</span> <span class='ocrx_word' id='word_1_710' title='bbox 1214 5280 1611 5370; x_wconf 80' lang='lat' dir='ltr'>mulieremaudiissetpropter</span> <span class='ocrx_word' id='word_1_711' title='bbox 1629 5311 1660 5351; x_wconf 87' lang='grc' dir='ltr'>οε</span> <span class='ocrx_word' id='word_1_712' title='bbox 1723 5269 1726 5282; x_wconf 55' lang='grc'>’</span> 
     </span>
    </p>
   </div>
   <div class='ocr_carea' id='block_1_5' title="bbox 80 5424 84 5479">
    <p class='ocr_par' dir='ltr' id='par_1_5' title="bbox 80 5424 84 5479">
     <span class='ocr_line' id='line_1_56' title="bbox 80 5424 84 5479; baseline 0 0"><span class='ocrx_word' id='word_1_713' title='bbox 80 5424 84 5479; x_wconf 80' lang='grc' dir='ltr'>ἰ</span> 
     </span>
    </p>
   </div>
   <div class='ocr_carea' id='block_1_6' title="bbox 80 5610 99 5865">
    <p class='ocr_par' dir='ltr' id='par_1_6' title="bbox 80 5610 99 5865">
     <span class='ocr_line' id='line_1_57' title="bbox 80 5610 99 5865; baseline 0 0"><span class='ocrx_word' id='word_1_714' title='bbox 80 5610 99 5865; x_wconf 85' lang='grc' dir='ltr'>ί</span> 
     </span>
    </p>
   </div>
   <div class='ocr_carea' id='block_1_7' title="bbox 0 0 1918 6000">
    <p class='ocr_par' dir='ltr' id='par_1_7' title="bbox 0 0 1918 6000">
     <span class='ocr_line' id='line_1_58' title="bbox 0 0 1918 6000; baseline 0 0"><span class='ocrx_word' id='word_1_715' title='bbox 0 0 1918 6000; x_wconf 95' lang='lat' dir='ltr'> </span> 
     </span>
    </p>
   </div>
  </div>
 </body>
</html>
