3810 6000
250 395 321 490 294
571 414 600 462 s.
628 409 978 463 sosnurscunusosr.
1006 409 1164 461 sucurre.
1192 413 1465 464 cousrturtnor.

249 539 398 600 savirum
422 538 559 600 accusarit
579 539 704 620 penitus,
719 551 750 598 ut
774 533 968 597 emendationis
1020 536 1211 618 κατηγόρησεν.
1239 541 1281 600 Oi
1308 538 1490 620 κατηγόρησεν
1505 535 1729 619 ἀπηρτισμένως,
1750 537 1789 601 bt

248 651 324 711 spem
333 643 360 690 et
370 629 494 690 inducias
503 628 537 690 ad
551 630 737 712 poenitentiam
747 627 839 688 daret:
850 646 902 687 non
913 624 968 685 cri·
1022 633 1109 699 αὐτοῖς
1122 631 1216 692 ἐλπίδα
1231 634 1268 713 δῷ
1283 631 1444 714 διορθώσεως
1466 629 1512 691 καί
1532 628 1700 712 προθεσμίαν
1715 652 1790 708 μετα·

249 722 321 781 mine
333 721 431 783 liberos
441 723 558 801 dimisit,
564 744 598 783 ue
605 724 634 783 iu
647 721 740 782 eadem
752 719 866 800 segnitie
877 739 968 778 mane·
1020 721 1107 790 νοίας·
1119 725 1167 783 οὐκ
1179 727 1279 805 ἀφῆκεν
1294 720 1536 803 δνεγκλοὶτους,ἰνα
1545 720 1585 800 μδ,
1597 720 1644 781 lael
1656 724 1706 793 τῆς
1715 723 1788 795 αὐτῆς

248 827 315 872 rent.
332 810 459 873 Nondum
473 815 581 874 omnino
597 813 713 891 credidi,
728 811 833 892 inquit;
847 809 968 890 idipsum
1023 813 1133 891 μείνωσι
1152 814 1290 897 ῥᾳθυμίας,
1318 813 1404 876 Οὔπω
1421 813 1509 874 τέλεον
1532 813 1695 886 ἐπίστευσα,
1713 812 1785 893 φησί·

248 903 320 962 enim
332 917 371 964 est
390 905 491 982 dicere,
505 908 650 986 Experto
664 906 760 966 credo.
772 903 806 965 ld
819 923 884 965 vcro
895 900 970 960 dioe-
1023 909 1099 966 τοδτο
1112 905 1164 987 γυίρ
1184 910 1241 967 ἐστι
1255 907 1286 967 τδ
1301 908 1402 981 εἰπεῖν,
1420 903 1508 986 Μέρος
1521 927 1548 965 τι
1562 904 1693 965 πιστώω.
1709 907 1784 967 Tse

247 996 295 1056 bat
305 998 447 1058 cohortans
459 1012 489 1057 ut
496 1019 552 1059 sese
567 996 741 1058 emendarent
751 1018 782 1056 ac
794 994 968 1074 corrigerent,
987 1011 1007 1058 t)
1023 996 1051 1056 δὲ
1064 995 1137 1077 ἔλεγε
1149 999 1305 1079 προτρέπων
1325 996 1521 1076 μιταδαλίσθαι
1539 996 1587 1058 καὶ
1601 995 1782 1077 διορθώσασθαι

248 1090 390 1169 ipsumque
404 1089 579 1168 abducerent,
592 1112 625 1151 ne
639 1112 696 1151 rem
707 1087 866 1170 hujusmodi
878 1086 920 1147 vel
935 1107 971 1147 ex
1022 1088 1068 1148 καί
1083 1093 1230 1169 ἀπαγαγεῖν
1242 1092 1320 1151 αὐτόν
1332 1095 1380 1150 eoo*
1393 1088 1442 1149 κθν
1456 1090 1488 1148 έκ
1508 1088 1605 1169 μέρσες
1618 1088 1780 1150 meionis

101 1222 120 1255 „
134 1208 189 1253 cor.
201 1219 236 1252 η,
247 1195 324 1262 parte
342 1181 472 1242 crederet.
491 1184 610 1263 Oportet
623 1183 695 1240 enim
709 1182 831 1240 ltoereses
842 1200 903 1240 esse
909 1222 920 1250 ,
937 1191 970 1239 nt
1022 1181 1084 1241 κατ’
1097 1185 1184 1242 αὐτῶν
1195 1188 1321 1243 τοιοῦτον.
1336 1185 1383 1243 Δεῖ
1394 1180 1447 1261 γὰρ
1464 1180 1511 1241 καί
1524 1179 1644 1261 αἱρέσεις
1658 1172 1736 1256 εἰναι,
1744 1180 1779 1243 tn

100 1282 136 1328 ¹9·
202 1316 209 1327 .
248 1275 300 1352 qni
308 1275 430 1351 probati
448 1283 528 1349 sunt,
552 1272 706 1351 manifesti
714 1269 799 1350 stant
821 1272 855 1327 in
874 1271 969 1328 vobis.
1022 1277 1048 1333 οἱ
1068 1273 1173 1352 δόκιμοι
1193 1273 1442 1356 φανεροὶγένωνται
1462 1277 1489 1333 ἰν
1508 1278 1581 1353 ὑμῖν.
1602 1271 1673 1334 Eteri
1688 1262 1779 1343 οἰνσίς
1816 1298 1818 1305 ·

170 1434 172 1440 ⁴
247 1366 300 1426 Dic
314 1366 398 1446 igitur
408 1387 532 1445 quaenam
545 1365 680 1425 haereses?
692 1365 744 1425 llic
757 1364 878 1424 animum
889 1363 970 1425 adbi·
1022 1363 1144 1445 αἱρέσεις.
1159 1366 1291 1426 Ἐνταῦθα
1307 1364 1469 1447 προσέχετε,
1484 1363 1524 1424 ότι
1537 1367 1569 1424 ot
1578 1364 1644 1446 περί
1656 1362 1778 1444 δαγμόνυι

246 1458 307 1518 bete
320 1481 327 1514 ι
338 1458 467 1536 quoniam
476 1478 529 1516 nou
541 1455 761 1536 dedogmstibus
774 1455 967 1528 diciturillud,
1022 1455 1079 1516 ἰστὶ
1092 1456 1139 1529 τό,
1159 1459 1208 1517 Δεῖ
1223 1457 1337 1536 αἱρέσεις
1358 1459 1387 1516 έν
1403 1459 1465 1535 ὑμῖν
1480 1447 1566 1517 εἰναι·
1581 1455 1653 1516 ἀλλὰ
1666 1454 1726 1538 τερί
1741 1460 1778 1531 τῆς

99 1569 237 1615 [διιέναι.
250 1551 370 1629 Oportet
383 1551 506 1610 hereses
519 1554 552 1609 in
565 1553 651 1610 vobis
662 1570 745 1625 esse,
759 1548 806 1608 sed
822 1546 970 1609 dedissen·
1023 1546 1155 1628 διχονοίας
1165 1552 1213 1621 τῆς
1222 1547 1293 1609 κατὰ
1304 1547 1352 1617 ete
1361 1547 1505 1628 τραπέζας.
1516 1545 1612 1611 Εἰπὸν
1624 1545 1693 1627 γὰρ,
1704 1544 1778 1607 tet

248 1640 409 1704 sionecirca
423 1662 551 1700 mensam.
566 1641 636 1701 Cum
646 1639 719 1700 enim
732 1639 859 1717 dixisset,
875 1642 969 1720 Opor-
1023 1639 1070 1700 καί
1082 1630 1292 1722 stetere-eisne,
1306 1639 1427 1719 διήγαγε
1436 1636 1781 1721 καίτδντρόπυντῦναὶᾔ·
1811 1630 1816 1649 ’

248 1744 288 1791 tet
297 1743 430 1791 autemst
439 1732 563 1792 dereses
571 1752 633 1792 esse
643 1731 911 1803 ‚modurnbaereseou
921 1732 971 1791 ad·
1023 1755 1104 1795 σεων·
1115 1731 1322 1816 Συνερχομένων
1331 1733 1384 1813 γὰρ
1397 1735 1473 1812 ὑμῶν
1484 1733 1529 1793 tet
1540 1731 1572 1792 τό
1585 1731 1667 1802 ndei,
1681 1728 1780 1792 οἰκέτα

244 1824 355 1904 junxit:
366 1823 611 1884 Convenientr'bus
626 1829 704 1884 enim
715 1824 802 1884 vobis
816 1827 848 1882 in
864 1844 965 1901 unnm,
1022 1824 1145 1906 κυριακὸν
1160 1827 1264 1886 δεῖπνον
1282 1833 1384 1905 φαγεῖν.
1403 1824 1440 1886 Τί
1456 1828 1530 1899 ἐστι,
1543 1823 1677 1904 liuprande
1691 1823 1779 1885 isim

248 1929 360 1977 nonest
373 1918 561 1978 Dominicam
572 1939 686 1979 coenam
696 1919 883 1978 manducare.
895 1915 970 1990 Quid
1022 1925 1129 1997 φαγεῖν;
1140 1916 1301 1978 Δεσποτικδν
1313 1917 1426 1988 δεῖπνον,
1442 1915 1534 1998 φησὶν,
1548 1918 1596 1974 οὐκ
1611 1913 1667 1974 έστι
1685 1921 1778 1996 φαγεῖν·

247 2011 493 2081 εει,έ)οπιίιιῖσαστ
506 2031 618 2070 coenem
634 2011 814 2070 manducare
823 2008 970 2068 PDomini·
987 2028 1006 2076 r:
1021 2011 1107 2069 έκεῖνο
1119 2008 1204 2088 λέγων
1218 2009 1250 2070 et
1262 2009 1377 2081 δεῖπνον,
1388 2007 1446 2087 θτῇ
1463 2006 1566 2088 tapetes,
1583 2005 1658 2067 νυκτὶ
1669 2005 1778 2086 matt*

247 2122 307 2161 cam
320 2100 555 2180 coenam,iuquit,
569 2115 675 2162 nonest
693 2101 877 2161 manducare:
892 2099 970 2161 illam
1021 2124 1067 2160 κεν
1084 2100 1240 2181 όΧριστδς,
1262 2103 1306 2160 ότι
1331 2100 1357 2160 υἱ
1378 2098 1495 2178 μαθηταί
1516 2099 1574 2176 μετ’
1596 2100 1678 2159 αὐτῶ
1691 2096 1778 2163 ,κέντει

246 2213 347 2254 vocans
360 2212 559 2271 coeuam,quam
569 2193 666 2253 ultima
678 2206 755 2252 nocte
767 2191 970 2253 tradidithri·
1021 2183 1098 2266 ἦσαν.
1113 2192 1161 2253 Ἔν
1183 2195 1275 2272 ἐκείνῳ
1290 2189 1342 2273 γδιρ
1355 2194 1395 2271 τῷ
1409 2189 1506 2271 δείπνῳ
1528 2189 1575 2250 καὶ
1597 2184 1780 2261 Δεσπότηςιιιί

251 2298 318 2361 stus,
331 2282 443 2364 quando
456 2283 584 2365 discipuli
596 2304 658 2343 cum
675 2284 724 2344 illo
737 2304 829 2343 omues
841 2297 926 2344 cram.
937 2284 970 2343 In
1021 2286 1109 2345 δοῦλοι
1127 2283 1225 2352 πάντες
1245 2288 1311 2361 ὁμοῦ
1330 2282 1494 2342 κατέκειντο·
1514 2286 1590 2359 ὑμεῖς
1613 2279 1780 2341 tieem

247 2376 295 2436 illa
310 2377 411 2460 quippe
424 2398 498 2436 coena
511 2390 536 2437 et
546 2377 679 2437 Dominus
691 2389 717 2435 et
731 2376 803 2437 servi
825 2396 918 2436 ornnes
935 2374 971 2434 si·
1020 2378 1092 2446 ὄντες
1102 2377 1231 2449 ἀλλήλους
1242 2376 1397 2448 διεστήσατε
1416 2374 1462 2434 καὶ
1480 2373 1654 2453 θπεσχίσατε.
1669 2373 1781 2436 lislnsittt

249 2471 306 2530 rnul
321 2470 514 2531 recumbebant
527 2494 534 2526 ι
548 2491 598 2530 vos
610 2491 684 2545 vcro,
696 2470 746 2548 qui
758 2469 880 2529 conservi
893 2468 968 2542 estis,
1023 2468 1070 2549 plo
1091 2469 1150 2530 οόδί
1168 2469 1215 2529 τδν
1228 2469 1358 2550 προδότην
1379 2467 1518 2539 ἀπήλασε·
1540 2465 1588 2525 καί
1606 2464 1685 2546 γδρδ
1695 2462 1781 2528 'loiitt

247 2562 316 2623 iuter
326 2584 373 2624 vos
383 2577 469 2623 tamen
485 2561 623 2621 dissidetis
636 2583 668 2620 ac
681 2560 908 2621 dividiminillle
921 2579 970 2619 nec
1022 2564 1080 2640 μετ’
1105 2565 1190 2623 αὐτῶν
1210 2553 1243 2635 ἦν
1263 2559 1340 2621 τότε·
1354 2558 1386 2620 σὺ
1413 2558 1441 2619 δί
1463 2557 1507 2617 τὸν
1530 2556 1643 2637 ἀδελφόν
1661 2551 1780 2637 διακρῶμ

247 2655 416 2735 proditorem
427 2655 548 2736 expulit:
561 2676 624 2713 narn
636 2655 754 2716 etludas
766 2654 893 2713 cumillis
907 2666 970 2712 tuuc
1021 2653 1075 2716 Διθι
1087 2653 1164 2714 τοῦτό
1177 2675 1272 2734 φησιν,
1283 2654 1343 2712 Oris
1358 2650 1416 2711 ἔστι
1431 2648 1556 2730 κυριακὸν
1571 2650 1677 2708 δεῖπνον
1691 2651 1781 2726 φαγεῖν,

247 2762 304 2808 erat
322 2772 329 2804 ε
347 2763 376 2807 tu
389 2770 454 2808 vero
469 2749 579 2807 fratrem
591 2747 716 2826 depellis.
731 2746 796 2805 Ideo
809 2745 877 2806 dicit
888 2748 971 2805 :Non
1021 2745 1145 2827 suprestis
1165 2746 1269 2804 δεῖπνον
1286 2746 1385 2817 καλῶν,
1400 2741 1431 2802 τδ
1445 2743 1503 2819 μεθ’
1517 2738 1656 2818 ὁμονοίας,
1670 2738 1701 2798 τό
1718 2738 1781 2815 κοινῇ

249 2842 488 2900 estDominieam
500 2860 612 2898 coennrn
627 2841 817 2916 manducare,
833 2840 971 2897 Domini·
1020 2838 1128 2899 πάντων
1140 2833 1503 2917 συγκεκλημένων.Ἔκαστυς
1513 2832 1566 2914 γὰρ
1577 2832 1607 2892 τό
1616 2831 1682 2891 ίδιον
1692 2831 1781 2891 διῖκται

248 2951 314 2989 cem
338 2952 451 2991 coenam
469 2949 569 2991 vocans
587 2951 657 3003 eam,
679 2951 741 3008 quae
761 2928 969 2990 concordissime
1004 2930 1207 3026 ⁶aepotorpdolset
1220 2936 1325 3009 φαγεῖν·
1340 2927 1386 2987 καί
1399 2927 1427 2994 δς
1439 2925 1487 3004 μὲν
1503 2935 1598 3005 πεινᾷ,
1613 2923 1641 2991 te
1654 2921 1684 2984 δέ
1697 2919 1782 3002 nee

248 3022 374 3083 omnibus
382 3021 536 3082 convocatis
544 2989 1008 3102 sumitur.lsnnsqnisqtteenim²i
1023 3023 1077 3083 Καί
1087 3026 1135 3082 οδκ
1144 3012 1226 3093 εἶπεν,
1235 3021 1262 3088 ὃς
1270 3019 1322 3098 μὲν
1330 3030 1425 3099 πεινᾷ,
1435 3021 1463 3086 θς
1473 3017 1501 3078 δί
1511 3016 1609 3091 toties,
1618 3016 1688 3076 εἱλλδ
1698 3018 1734 3096 τῇ
1743 3016 1783 3086 τῆς

248 3134 332 3174 snam
350 3134 466 3174 caenam
489 3117 580 3173 sumit
603 3114 645 3171 nd
666 3113 924 3183 manducandum,
942 3124 972 3170 et
1023 3115 1104 3194 μέθης
1113 3114 1222 3191 ὀνόματι
1233 3115 1333 3191 μᾶλλον
1346 3114 1432 3171 αὐτῶν
1440 3111 1588 3190 καθήψατο.
1601 3105 1783 3169 Κέκεῖιιαίἰι·

248 3207 325 3266 nlius
342 3207 459 3287 quidem
469 3210 569 3282 esurit,
594 3205 672 3264 alins
694 3216 793 3263 eutem
807 3207 904 3263 ebrius
915 3215 969 3263 est.
1022 3212 1106 3266 ταῦθα
1118 3205 1241 3285 ἀμετρία,
1250 3204 1324 3285 φησί.
1336 3203 1375 3265 Σθ
1386 3201 1434 3281 μὲν
1441 3203 1492 3264 ὑπὸ
1507 3205 1557 3272 τῆς
1566 3198 1784 3280 ἀδηφαγίαιδῑίί·

247 3301 308 3358 Νοει
333 3298 421 3373 dixit,
442 3297 520 3356 Alius
544 3296 645 3371 esurit,
668 3295 739 3354 alius
760 3294 877 3354 eomedit
889 3317 898 3370 ρ
924 3293 972 3353 sed
1024 3297 1167 3380 ῥήγνυται,
1182 3296 1320 3365 tertrardi
1334 3294 1443 3356 ἱπδτοὶῖ
1458 3297 1537 3373 λιμσῖ
1559 3293 1685 3365 τίκεται·
1699 3289 1730 3351 τό
1747 3286 1785 3349 ul

247 3391 383 3452 ebrietatis
403 3393 512 3450 nomine
531 3389 617 3469 magis
632 3388 694 3446 illos
713 3387 809 3468 tangit.
827 3386 864 3446 Et
882 3384 929 3445 bie
945 3399 972 3446 et
1022 3395 1075 3449 τῶν
1088 3388 1154 3471 ὑπὲρ
1171 3388 1219 3460 τὴν
1234 3388 1326 3469 χρείαν
1350 3386 1484 3466 μετέχεις,
1503 3389 1602 3452 ἐκεῖνος
1622 3382 1651 3442 δί
1676 3381 1785 3444 ottus

248 3485 317 3563 illic,
331 3484 381 3559 ait,
397 3483 488 3542 nullus
502 3495 543 3541 est
563 3480 669 3540 modus.
685 3480 730 3537 Tu
745 3492 771 3538 te
786 3479 897 3560 crapula
913 3477 971 3537 dis-
1024 3480 1175 3561 ἀναγκαίων
1190 3479 1336 3540 desinere.
1354 3480 1472 3538 Διπλοῦν
1484 3477 1516 3536 τὸ
1532 3476 1629 3553 δεινδν,
1644 3479 1693 3548 τῆς
1709 3473 1785 3543 ἰείη·

248 3576 363 3658 rumpis,
378 3575 506 3635 dumille
528 3575 601 3635 same
622 3570 789 3632 contabescit
802 3595 810 3648 3
826 3583 857 3630 tu
881 3569 971 3651 plura,
1023 3597 1066 3640 τος
1080 3571 1285 3652 διαφθαρείσης,
1300 3575 1377 3631 τοῦτο
1389 3569 1503 3650 αἱρέσεις
1516 3569 1609 3628 καλεῖ·
1624 3566 1716 3640 ἐπειδὴ
1724 3566 1785 3646 φιλο

249 3691 330 3749 quarn
357 3689 425 3749 opus
448 3667 498 3741 sit,
524 3666 619 3741 sumis,
641 3664 777 3724 ille'vero
804 3683 838 3722 ne
861 3660 970 3741 quidem
1023 3664 1116 3730 νείκους
1137 3663 1205 3745 Ιπρὸς
1231 3662 1362 3734 ἀλλήλους
1387 3660 1515 3720 διέκειντο
1541 3658 1589 3718 καὶ
1610 3655 1786 3725 διεστασίαζον

249 3760 403 3819 necessariis
416 3758 525 3818 fruitur.
540 3756 650 3837 Duplex
665 3755 717 3814 boc
733 3767 870 3835 corrupte
883 3774 971 3832 mqua-
1024 3754 1070 3816 καί
1084 3756 1111 3822 te
1124 3754 1172 3833 μὲν
1192 3754 1301 3828 ἰπεένα,
1321 3753 1348 3819 t<
1363 3750 1391 3811 dl
1405 3752 1507 3830 ἐμίθυε.
1532 3750 1588 3810 Καὶ
1611 3750 1700 3816 καλῶς
1723 3736 1785 3815 εἰη,

247 3851 333 3910 litatis
356 3849 460 3909 malum
484 3850 596 3908 hareses
612 3861 708 3923 vocat,
723 3847 787 3926 quia
807 3847 971 3906 contentiose
1026 3848 1231 3930 Συνερχομένων
1255 3850 1329 3925 ὑμῶν
1349 3844 1394 3904 ἐπί
1416 3844 1446 3903 τδ
1460 3841 1534 3902 αθτό.
1548 3842 1629 3911 Τίνος
1651 3842 1704 3922 γὰρ
1716 3838 1785 3899 έναι*

248 3941 365 4004 invicem
375 3941 489 4020 agebant
499 3953 525 3999 et
536 3939 709 4014 dissidebant,
724 3951 749 3996 et
763 3938 816 3996 alio
832 3937 973 4017 esuriente,
1026 3941 1197 4022 συνέρχεσθε;
1217 3940 1290 4020 φησί·
1306 3937 1332 3997 τί
1347 3936 1498 4018 βοόλεταιὴ
1514 3936 1641 4009 σένοδος;
1662 3933 1728 4001 τίνος
1742 3931 1784 3991 ts·

249 4032 318 4093 alius
337 4032 530 4092 inebriabatur.
539 4032 577 4088 ric
586 4029 653 4089 bene
664 4029 747 4107 dixit,
760 4031 973 4090 Convenienti·
991 4045 1010 4093 n
1027 4057 1071 4094 κεν
1096 4040 1113 4106 ἢ
1136 4030 1251 4111 συλλογὴ
1275 4029 1365 4103 κοινὴ,
1387 4028 1448 4088 δεον
1470 4033 1488 4101 η
1510 4026 1630 4110 τράπεζα
1648 4026 1686 4106 μὴ
1704 4023 1783 4104 γίνεται

250 4129 303 4184 bns
323 4128 409 4183 vobis
435 4127 479 4180 in'
491 4141 591 4182 tenum.
615 4122 671 4180 Cur
693 4121 860 4183 convenitis?
873 4121 977 4200 iuquit,
1028 4124 1120 4198 κοινή;
1135 4122 1287 4184 Δεοποτικοί
1300 4125 1357 4180 ἐστι
1370 4120 1553 4201 τίιχριὶματα,
1580 4116 1782 4199 strepentem·

250 4216 317 4298 quid
327 4217 381 4277 sibi
395 4215 458 4277 nult
471 4214 518 4274 ille
527 4208 697 4274 conventus?
711 4214 746 4275 ad
760 4215 825 4294 quid
841 4215 888 4275 ille
901 4234 975 4273 com·
1029 4217 1104 4280 κοινὰ
1117 4216 1266 4298 προκείσθω
1285 4214 1370 4275 τοίνυν
1393 4223 1447 4280 τοῖς
1470 4210 1620 4278 συνδουλοις
1639 4220 1693 4278 τοῖς
1705 4201 1781 4285 ἠμπί-
1816 4282 1818 4289 Ι

250 4313 340 4370 munis
351 4322 450 4383 coetns,
463 4305 569 4385 quando
587 4326 678 4366 mensa
691 4320 793 4366 nonest
804 4305 976 4364 communis?
1031 4335 1094 4392 ραις.
1107 4308 1155 4382 Μὴ
1168 4308 1220 4387 γίιρ
1234 4306 1319 4372 οἰκίας
1330 4308 1378 4365 οὐκ
1391 4303 1467 4384 ἔχετε
1479 4305 1516 4369 εἰς
1528 4301 1560 4362 τδ
1574 4301 1682 4376 ἐσθίειν,
1694 4298 1735 4359 καί
1745 4292 1780 4355 τί·
1813 4294 1818 4327 ¹

251 4402 473 4464 Dominicaesont
483 4398 638 4474 facultates,
649 4418 716 4476 quas
729 4397 894 4478 accepimus,
910 4416 975 4477 pro·
1031 4426 1099 4475 νρςη
1112 4401 1130 4472 ἢ
1144 4406 1192 4473 τῆς
1204 4398 1346 4472 ἐκκλησίας
1363 4403 1409 4457 τοῦ
1422 4398 1495 4455 Θεοῦ
1510 4385 1781 4475 assemsum&

252 4494 366 4574 indeque
384 4511 539 4553 communes
561 4491 697 4550 conservis
710 4489 809 4549 uostris
823 4507 976 4568 proponan·
1030 4496 1077 4558 χαὶ
1090 4492 1279 4572 καταισχύνετε
1290 4489 1350 4559 τοὺς
1367 4489 1405 4569 μὴ
1418 4487 1545 4568 ἔχοντες
1560 4485 1602 4546 Et
1615 4484 1665 4564 μίν
1677 4481 1782 4565 νομέων

252 4609 307 4656 tur.
318 4592 473 4673 Numquid
484 4591 586 4648 domos
603 4608 662 4646 non
673 4588 786 4647 habetis
797 4587 839 4644 ad
849 4586 973 4644 mande·
1032 4586 1094 4668 φησί
1106 4633 1113 4661 ,
1127 4585 1172 4645 τδν
1189 4583 1299 4662 ἀδελφὸν
1311 4581 1428 4661 θόρίζειν
1441 4579 1530 4658 μόνον,
1551 4584 1674 4638 κοινωνεῖ
1692 4568 1784 4635 sealt

254 4688 385 4748 candem
408 4697 436 4743 et
461 4683 641 4742 bibendum?
668 4693 721 4739 ant
742 4679 895 4739 ecclesiam
919 4681 979 4738 Dei
1031 4679 1110 4746 τόπος
1123 4679 1170 4747 τῆς
1185 4674 1294 4756 septae.
1307 4672 1470 4743 Ἐκκλησίας
1491 4669 1543 4751 γὰρ
1557 4667 1704 4749 ὁλοκλήρου
1720 4682 1784 4725 κω·

254 4774 555 4852 oontemnitis,iuquit,
566 4785 595 4831 et
604 4772 789 4852 confunditis
797 4791 845 4830 eos
854 4775 906 4850 qni
917 4791 976 4829 non
1030 4780 1142 4852 φρονεῖς.
1157 4766 1310 4837 Ἐκκλησία
1322 4764 1374 4846 γὰρ
1394 4763 1437 4822 διδ
1450 4759 1667 4840 ταῦταλέγεται,
1680 4752 1785 4831 ότιιιιυί
1816 4792 1818 4797 ·

171 4862 183 4876 “
256 4870 439 4930 babentiTu
450 4863 560 4945 quidem
571 4876 662 4944 putas,
680 4862 778 4941 iuquit,
793 4862 904 4922 fratrem
917 4876 975 4922 tau-
1030 4865 1133 4931 πάντας
1158 4860 1327 4939 ὑποδέχεται.
1346 4856 1382 4917 Τί
1401 4855 1488 4914 τοίνυν
1509 4857 1559 4924 τῆς
1583 4851 1669 4918 οἰκίας
1689 4873 1733 4911 σου
1749 4842 1786 4917 ἡ

255 4977 315 5021 tum
326 4976 353 5020 te
366 4957 528 5020 contumelia
541 4957 658 5032 afficere,
672 4953 802 5014 redundet
811 4967 901 5013 autern
910 4976 975 5015 con·
1032 4955 1166 5014 :briletum
1183 4954 1220 5018 εἰς
1235 4949 1285 5020 τὴν
1305 4947 1447 5021 ἐκκλησίαν
1465 4945 1597 5024 εἰσάγεις,
1615 4945 1651 5004 Εἰ
1662 4942 1713 5024 γὰρ
1724 4958 1790 5001 κιτι-

256 5053 367 5113 tumelia
376 5051 456 5110 etiam
471 5049 498 5109 in
509 5049 608 5108 locum.
618 5044 767 5106 Ecclesiam
781 5045 883 5126 quippe
893 5060 975 5107 totam
1031 5055 1134 5128 φρονεῖς
1147 5051 1192 5104 τοῦ
1206 5044 1335 5121 ἀδελφοῦ,
1350 5038 1484 5110 αἰδέσθητε
1494 5036 1539 5096 τὸν
1554 5036 1654 5096 τόπον·
1666 5034 1712 5095 καί
1722 5028 1790 5112 slei

256 5143 414 5204 contemnis.
422 5141 543 5202 Ecclesia
554 5139 627 5201 euim
640 5137 821 5213 ideotlicitur,
831 5138 895 5216 quia
903 5160 978 5199 oom-
1033 5136 1161 5212 ἐκκλησία
1171 5133 1317 5217 θδρίζεται.
1330 5132 1384 5192 Καὶ
1400 5133 1447 5191 οὐκ
1463 5120 1546 5202 eines,
1564 5117 1792 5207 ἀποστιριῖτιιυίι

257 5234 375 5297 ιιιιιιιίιοτ
383 5255 476 5294 omnes
489 5232 658 5314 accipit.Cur
667 5250 731 5310 erqo
741 5229 839 5290 domus
850 5245 904 5292 tuae
913 5232 976 5294 vili·
996 5247 1014 5293 t:
1035 5234 1072 5313 μὴ
1080 5231 1203 5312 ἔχοντας,
1214 5226 1250 5302 ἢ,
1264 5229 1312 5286 οὐκ
1322 5227 1418 5284 ἐλεεῖτε
1428 5220 1488 5288 τοὺς
1499 5219 1537 5300 μὴ
1549 5219 1676 5302 ίχαιτας,
1686 5215 1752 5279 llil
1760 5210 1792 5285 τίς
