3764 5992
626 903 1042 1033 MONITUM

10 1160 18 1285 ζ
122 1203 186 1278 aa
211 1202 451 1333 nominum
475 1204 524 1278 iu
549 1202 751 1298 rascas,
776 1207 887 1303 Qom
912 1206 1129 1284 caunum
1156 1213 1268 1286 asse
1292 1216 1556 1296 rnouaron.
1674 1314 1680 1327 ,

10 1458 21 1551 '-
103 1462 180 1522 llane
193 1464 334 1524 homiliam
346 1466 415 1524 inter
426 1465 518 1546 spuria
530 1465 666 1549 ablegavit
672 1469 772 1527 Fronto
782 1470 993 1531 Ducaeus.lllam
1006 1487 1096 1533 eontra
1108 1477 1236 1536 melioris
1246 1491 1387 1538 msenotoe
1398 1478 1471 1540 dixit
1484 1479 1605 1542 Savilius

10 1558 20 1643 J
59 1552 92 1611 iu
103 1555 181 1615 notis.
195 1557 233 1615 Ut
247 1557 390 1636 genuinam
400 1556 482 1616 etiam
491 1557 611 1617 habuere
619 1558 665 1616 alii
676 1556 750 1617 docti
760 1559 829 1634 viri,
843 1559 912 1620 inter
918 1584 986 1640 quos
1001 1563 1200 1626 Tillemontius.
1212 1569 1293 1628 Notat
1304 1570 1424 1631 Savilius
1435 1571 1464 1630 in
1473 1592 1504 1631 ea
1518 1570 1605 1633 molta

10 1654 21 1737 ζ
60 1643 157 1705 baberi
168 1646 201 1704 iis
213 1647 311 1706 similia
325 1670 385 1727 quae
401 1650 428 1709 iu
440 1648 558 1709 Humilia
579 1662 670 1708 eonha
683 1650 802 1709 ebriosos
815 1665 840 1709 et
862 1651 897 1712 de
910 1656 1101 1717 resurrectione
1113 1658 1241 1738 leguntur·
1254 1681 1334 1741 supra
1347 1664 1434 1722 Tomo
1447 1668 1479 1742 2,
1491 1686 1520 1747 p.
1531 1665 1603 1742 tlt,

10 1748 19 1757 “
60 1738 135 1814 ΗΣ,
150 1739 220 1810 ίίὸ,
234 1761 294 1818 quae
308 1741 401 1800 lucain
417 1741 487 1800 notis
499 1740 661 1800 indicantur.
674 1743 706 1801 ln
716 1742 849 1823 principio
863 1744 944 1804 etiam
959 1747 1078 1807 homiliae
1091 1750 1215 1828 quadam
1228 1751 1362 1813 habentur
1374 1754 1477 1832 eadem,
1490 1755 1605 1816 iisdem-

10 1822 23 1853 ’·
59 1850 116 1907 que
127 1851 193 1910 pene
208 1832 310 1908 uerbis,
325 1854 385 1911 qna
395 1833 423 1891 in
443 1832 562 1892 llomilia
574 1831 609 1892 de
622 1834 774 1893 eoemeterio
788 1835 862 1895 etde
886 1857 963 1897 cruce
984 1860 1013 1919 p.
1025 1839 1093 1903 398.
1115 1842 1176 1901 Alia
1189 1864 1295 1923 qrioque
1308 1845 1410 1905 leviora
1423 1846 1489 1907 binc
1503 1861 1529 1908 et
1539 1847 1604 1908 inde

10 1932 18 1945 ·
58 1918 313 2001 deprehenduntur,
328 1944 388 2000 quae
400 1922 427 1980 in
439 1922 500 1982 aliis
513 1921 698 2003 chrysostomi
711 1922 838 2002 operibus
851 1925 995 1984 habentur.
1011 1927 1192 1988 Haelortasse
1204 1931 1365 1991 Frontonem
1374 1933 1605 1996 Ducaeumvirum

10 2006 19 2037 ⁷
66 2031 191 2090 sagacem
201 2011 376 2087 induxerunt,
391 2027 421 2073 ut
435 2014 505 2073 hanc
520 2013 661 2073 homiliam
673 2013 743 2073 inter
756 2014 862 2095 spurias
876 2016 1020 2097 ablegaret.
1033 2018 1145 2079 Putavit
1157 2019 1234 2080 haud
1248 2021 1330 2081 dubie
1346 2043 1404 2082 esse
1416 2016 1556 2084 centonem
1568 2046 1604 2086 ex

10 2102 15 2133 ³
56 2107 146 2167 variis
158 2109 419 2189 Chrysostomiloeis
435 2109 665 2169 consarcinatum:
679 2131 733 2168 non
745 2109 865 2188 cogitans
879 2107 1103 2188 chrysostomum
1120 2109 1213 2169 eadem
1232 2110 1289 2192 ipsa
1302 2133 1364 2189 quae
1377 2112 1484 2193 pridem
1495 2112 1605 2174 dixerat

10 2200 15 2227 '·
58 2219 131 2278 saepe
141 2214 267 2280 repetere,
279 2215 305 2261 et
313 2200 458 2282 aliquando
471 2200 598 2260 homilias
608 2201 726 2280 integras
752 2213 908 2260 retractatas
921 2199 1084 2279 mutatisque
1093 2200 1177 2261 initiis
1187 2202 1223 2262 ad
1232 2203 1373 2263 conciones
1385 2203 1518 2265 adhibere
1528 2226 1601 2267 sitas.

10 2298 15 2311 '
59 2292 122 2349 Non
135 2289 230 2351 dubito
244 2307 315 2352 certe
337 2293 407 2352 hane
420 2293 561 2351 homiliam
581 2313 596 2350 a
621 2292 815 2372 Chrysostomo
830 2311 893 2351 vere
911 2290 1031 2350 habitam
1048 2290 1202 2372 meumque
1221 2293 1313 2354 luisse.
1330 2294 1400 2354 Cum
1427 2297 1500 2357 euim
1524 2297 1603 2357 anuis

10 2455 15 2463 Ι
58 2383 210 2444 octodecim
225 2389 395 2446 concionatus
410 2387 456 2459 sit,
475 2399 627 2445 recurrente
653 2384 792 2445 Paschatis
805 2382 964 2443 solennitate
986 2381 1079 2442 eadem
1103 2385 1161 2466 ipsa
1182 2384 1330 2465 aliquando
1349 2387 1503 2469 repetierit:
1516 2406 1602 2467 noque

10 2470 16 2479 ’
57 2475 130 2533 enim
144 2477 170 2536 in
184 2491 293 2558 promtu
308 2492 347 2539 est
361 2477 448 2537 cuivis
462 2475 654 2547 concionatori‚
664 2475 713 2554 qui
726 2488 782 2534 tam
793 2473 874 2556 longo
882 2475 1010 2556 temporis
1024 2476 1157 2537 curriculo
1171 2477 1199 2537 in
1209 2476 1339 2539 Paschate
1348 2478 1491 2558 quotannis
1501 2484 1600 2544 oraio

56 2567 105 2643 rit,
120 2590 188 2628 nova
200 2591 305 2650 semper
318 2570 422 2643 efferre,
433 2582 503 2628 etex
514 2569 592 2649 prius
604 2567 686 2627 dietis
701 2566 770 2625 nihil
784 2588 915 2646 umquam
926 2566 1084 2628 admiscere.
1490 2564 1494 2569 ¹

97 2660 349 2742 interpretationem
362 2660 487 2720 Latinam
501 2680 601 2720 novam
615 2658 817 2719 adornavimus.

60 2836 1593 2884 Q

153 3006 216 3068 ΕΙΣ
236 3009 289 3068 ΤΟ
311 3009 424 3069 trinu
445 2960 574 3067 ΠΑΣΧΑ
596 3007 733 3067 ΛΟΓΟΣ.
848 3007 869 3056 Α
915 3006 966 3065 ΙΝ
984 3005 1190 3068 SANCTUM
1205 3003 1387 3084 PASCHA,'
1411 3011 1573 3073 00N010.
1679 3086 1682 3091 η

101 3191 231 3271 Εὕκσιρον
252 3189 366 3271 σήμερον
395 3189 514 3257 ἅπαντας
539 3192 610 3269 ἡμᾶς
633 3188 781 3260 dirodoinus
800 3190 830 3250 rh
924 3192 1390 3272 l.0pportunehodieomneseum
1404 3195 1601 3260 beatoDavide

21 3352 26 3361 ,
58 3283 133 3363 παρὰ
155 3290 200 3343 τοῦ
224 3282 354 3363 μακαρίου
376 3282 460 3340 dauid
480 3280 631 3361 εἰρημένον·
650 3281 700 3348 Τίς
718 3280 830 3355 λαλήσει
885 3279 1047 3342 clamemus:
1061 3284 1133 3363 Quis
1157 3286 1294 3367 loquetur
1304 3291 1452 3365 potentias
1465 3290 1599 3365 Domini,
1611 3300 1676 3347 Part.
1695 3298 1750 3349 rol.

57 3374 106 3443 τὰς
118 3374 269 3443 δυναστείας
288 3379 334 3434 τοῦ
350 3372 462 3455 Κυρίου,
476 3370 607 3440 ἀκουστὰς
618 3371 726 3445 ποιήσει
740 3373 829 3440 πάσας
883 3374 1217 3455 auditasfaeietomnes
1230 3379 1334 3437 laudes
1348 3362 1649 3465 ejusissoeo'caimJ'·
1774 3406 1777 3413 ·

56 3467 105 3536 τὰς
119 3468 229 3535 αἰνέσεις
252 3469 348 3540 αὐτοῦς
371 3465 438 3527 Ἰδοὺ
455 3462 507 3545 γάρ
526 3469 591 3541 ἡμῖν
617 3465 828 3545 παραγίγονενὴ
883 3462 995 3523 advenit
1018 3460 1095 3523 nobis
1118 3464 1200 3525 hodie
1223 3465 1406 3526 desideratum
1428 3466 1599 3550 salutareque

57 3560 164 3631 ποθεινὴ
190 3559 236 3619 καί
258 3558 385 3637 σωτήριος
401 3557 479 3637 ἑορτή
486 3602 495 3631 ,
507 3561 526 3630 ἡ
543 3557 725 3636 ἀναστάσιμος
739 3555 828 3638 ἡμέρα
883 3555 992 3630 festum,
1005 3554 1064 3614 dies
1070 3555 1199 3616 nimirum
1211 3557 1414 3617 resurrectionis
1426 3559 1537 3620 Domini
1550 3582 1599 3621 no-

57 3659 104 3712 τοῦ
125 3651 222 3731 Κυρίου
249 3652 326 3728 ἡμῶν
347 3648 435 3720 Ἰησοῦ
457 3650 591 3729 Χριστοῦ,
613 3653 631 3720 ἡ
653 3651 702 3718 τῆς
725 3648 829 3728 εἰρήνης
884 3645 932 3704 stri
950 3648 1013 3707 lesu
1030 3645 1147 3725 Christi3
1162 3647 1237 3727 pacis
1250 3661 1455 3727 argumentum,
1472 3652 1598 3712 reconci-
1720 3648 1726 3661 '

57 3742 194 3814 ὑπόθεσις,
206 3746 223 3813 ἡ
234 3745 282 3812 τῆς
290 3741 460 3820 καταλλαγῆς
474 3737 598 3822 ἀφορμή,
613 3742 695 3810 ἡτῶν
705 3739 828 3816 πολέμων
882 3736 1001 3798 liatiouis
1016 3758 1106 3813 causa,
1127 3758 1188 3817 qua
1198 3738 1271 3798 bella
1280 3740 1402 3816 sustulit,
1412 3754 1526 3802 mortem
1538 3740 1597 3803 dis·

57 3832 206 3914 ἀναίρεσις,
219 3838 237 3905 ἡ
252 3837 298 3891 τοῦ
309 3829 421 3891 Θανάτου
433 3831 596 3902 κατάλυσις,
613 3834 690 3901 ἡτοῦ
705 3829 827 3890 διαθολου
837 3882 872 3921 m
884 3829 973 3905 solvit,
986 3828 1126 3888 diabolum
1140 3831 1296 3912 prostravit.
1305 3830 1392 3890 Hodie
1400 3832 1526 3893 homines
1536 3848 1600 3895 eum

55 3917 133 3997 ήττα.
150 3925 272 4004 Σήμερον
290 3923 423 4004 ἄνθρωποι
440 3931 495 3990 τοῖς
517 3921 638 4003 ἀγγίλοις
654 3920 827 3999 ἀνεμίγησαν,
846 3943 865 3985 n
883 3920 984 3999 angelis
999 3920 1141 3979 commixti
1160 3936 1234 4001 sunt,
1254 3934 1281 3982 et
1296 3922 1344 4002 qui
1357 3944 1469 4007 corpore
1481 3938 1545 3985 sont
1557 3924 1600 3986 iu·

56 4016 102 4076 καί
114 4019 136 4074 ol
151 4021 230 4094 σῶμα
244 4014 423 4094 περικείμενοι
438 4012 507 4092 μετὰ
519 4017 572 4072 τῶν
587 4012 737 4091 ἀσωμάτων
751 4013 829 4072 δυνά·
882 4012 953 4091 duci,
963 4033 1025 4072 eum
1038 4013 1201 4094 incorporeis
1214 4016 1390 4096 potestatibus
1403 4016 1521 4099 hymnos
1532 4039 1600 4101 per-

57 4132 128 4186 μεων
139 4108 230 4167 λοιπὸν
246 4104 294 4173 τάς
307 4105 439 4186 ίιμνιρδίας
451 4104 620 4185 άναφίρουοι.
635 4103 757 4187 Σήμερον
774 4128 827 4164 κα·
883 4104 1003 4164 solvunt.
1021 4102 1109 4164 Hodie
1118 4106 1248 4166 evertitur
1270 4107 1373 4168 diaboli
1395 4109 1534 4190 tyrannis;
1547 4109 1600 4170 bo-

56 4199 180 4264 ταλύεται
190 4205 235 4258 τοῦ
248 4198 370 4257 διαόυλου
386 4202 403 4269 ἡ
418 4196 552 4280 τυραννίς·
565 4196 680 4278 σήμερον
695 4197 729 4257 τά
743 4193 828 4274 δεσμά
882 4197 927 4256 die
939 4198 1049 4257 vincula
1065 4198 1159 4258 mortis
1179 4200 1266 4259 soluta
1281 4214 1353 4276 sunt,
1363 4201 1462 4260 inserui
1484 4200 1598 4263 victoria

56 4297 102 4351 τοῦ
120 4291 231 4350 θανάτου
253 4289 348 4361 ἐλύθη,
374 4297 420 4350 τοῦ
439 4288 502 4369 ᾅδου
522 4289 554 4350 τὸ
576 4300 647 4357 νῖκος
665 4290 827 4370 ἠφάνισται·
882 4290 988 4350 sublata
1001 4304 1056 4367 est;
1070 4289 1150 4350 hodie
1162 4292 1471 4373 opportuneproleratur
1483 4293 1599 4374 prophe·

55 4383 172 4463 σήμερον
188 4382 308 4461 εὔκαιρον
320 4380 400 4440 πάλιν
412 4381 494 4439 εἰπεῖν
513 4380 561 4453 τήν
575 4381 741 4461 προρητικήν
757 4380 828 4440 ἐκεί·
882 4382 934 4442 tica
941 4403 996 4442 vox
1002 4381 1063 4441 illa:
1074 4384 1131 4442 Ubi
1137 4395 1189 4458 est,
1195 4403 1282 4454 mors,
1297 4383 1433 4442 stimulus
1444 4382 1596 4461 tuusinlpi,
1611 4405 1673 4450 Osee
1684 4404 1721 4451 13,

55 4498 103 4547 νην
115 4473 217 4554 ρωνήν·
234 4474 292 4532 Ποῦ
307 4495 372 4546 σου,
387 4472 495 4544 θάνατε,
513 4473 544 4532 τὸ
562 4472 685 4554 κίντρον;
700 4479 827 4546 ποῦσου,
882 4477 1008 4556 inferne,
1019 4477 1147 4533 victorio
1163 4473 1330 4533 tralliodie
1339 4487 1429 4555 portas
1442 4496 1524 4535 aersas
1536 4454 1667 4575 εὀιλίκίρίζε
1711 4528 1738 4577 ¹5

56 4567 122 4647 ᾅδη,
140 4568 168 4626 τὸ
179 4574 263 4639 νῖκος,
277 4564 400 4644 Σήμερον
417 4563 466 4633 τὰς
478 4566 581 4644 χαλκᾶς
593 4565 678 4631 πύλας
699 4563 828 4624 συνίθλα-
882 4565 962 4644 fregit
975 4564 1207 4624 Dominosnoster
1219 4563 1599 4649 Christus‚ipsamquemortis
1609 4545 1704 4649 sissi*
1741 4561 1748 4577 ’

56 4681 101 4716 σεν
114 4661 129 4716 ί
140 4656 276 4729 Δισπάιης
288 4660 365 4733 ἡμῶν
379 4656 510 4736 Χριστὸς,
524 4656 570 4715 καί
582 4655 647 4715 αὐτὸ
657 4660 703 4715 τοῦ
717 4654 829 4715 θανάτου
884 4677 1024 4736 personam
1037 4655 1145 4715 delevit.
1159 4654 1234 4727 Quid
1255 4654 1316 4715 dieo
1329 4657 1490 4737 personam?
1509 4657 1598 4738 lpsius
1669 4667 1751 4737 Μοωι

54 4749 86 4809 τὸ
105 4747 246 4828 πρόσωπον
264 4747 388 4827 ἠφάνισε.
410 4747 447 4807 Τί
472 4747 500 4807 δὲ
524 4746 595 4826 λέγω
618 4747 649 4807 τὸ
671 4748 829 4830 πρόσωπονς
884 4768 990 4826 quoque
1003 4768 1098 4806 nomen
1112 4745 1226 4806 mutarit
1239 4767 1341 4827 :neque
1356 4749 1426 4808 enim
1442 4749 1513 4810 ultre
1527 4771 1600 4811 mors
1651 4728 1751 4851 1311,ᾞέ

54 4843 143 4900 Αὐτοῦ
156 4838 204 4912 τήν
220 4838 398 4922 προσηγορίαν
418 4838 574 4917 μετίὸαλεν·
595 4841 643 4899 οὐκ
656 4838 695 4899 ἔτι
709 4841 760 4923 γὰρ
780 4839 830 4900 θά-
884 4851 1006 4911 vocatur,
1014 4837 1063 4897 sed
1076 4836 1204 4896 dormitio
1217 4850 1243 4896 et
1256 4858 1381 4896 somnus:
1395 4837 1529 4917 siquidem
1539 4854 1654 4900 anteana
1693 4855 1752 4900 utin

53 4955 132 4999 νατος
147 4930 269 5011 λέγεται,
291 4928 361 4990 ἀλλὰ
375 4929 499 5009 κοίμησις
512 4929 558 4989 καὶ
571 4928 665 4999 ίπνος·
689 4933 762 5013 Ιπρὸ
780 4930 829 5011 μίν
885 4929 987 4989 Christi
995 4927 1154 5006 adveutum,
1165 4927 1305 5006 crucisque
1314 4929 1500 5008 (economum,
1509 4932 1600 5012 ipsum
1608 4930 1688 5022 mu
1689 4992 1700 5021 ι
1710 4918 1751 5023 ’ᾗ

53 5024 107 5105 γὰρ
129 5028 176 5096 τῆς
199 5024 317 5103 Χριστοῦ
340 5021 502 5103 παρουσίας,
521 5021 629 5094 καὶτῆς
648 5030 700 5084 τοῦ
717 5030 830 5105 σταυροῦ
847 5037 867 5084 Β
884 5042 991 5100 quoque
1005 5019 1201 5080 mortisnomen
1211 5018 1401 5095 terribileerat.
1409 5021 1487 5081 Certe
1495 5022 1600 5104 primos
1644 5040 1754 5084 dormitio

1609 5110 1708 5147 vocatur.

91 5211 167 5261 ¹}laec
177 5207 265 5259 iisdem
275 5223 342 5278 pene
351 5204 518 5263 verblshahes
527 5209 693 5276 suprs'l'omo
701 5210 725 5274 2,
733 5225 759 5276 p.
771 5210 830 5264 398.
1423 5284 1463 5353 58

196 5308 269 5348 rost.
293 5309 342 5347 ιιι.
