3764 5992
67 477 114 547 58
407 491 434 540 s.
460 488 601 539 roanurs
626 482 809 535 euersosn.
838 480 995 529 escures.
1020 477 1290 527 ooasrssrraor.

64 642 113 682 nos
125 620 208 680 etiam
225 616 348 682 velimus.
372 616 514 699 Opitulare
532 615 617 694 igitur
636 609 721 671 debili
734 629 784 669 vo·
838 605 973 674 ἀσθενείας
983 605 1155 683 κωλυομένῃ·
1166 602 1254 686 ὄρεξον
1271 611 1350 684 χεῖρα
1372 609 1427 671 τοῖς
1450 602 1558 684 τρέχειν
1571 605 1615 683 μέν

65 713 178 773 luntatis
200 711 347 793 proposito,
370 708 444 788 quod
455 729 485 767 ea
499 728 559 786 quae
570 706 650 786 jubes
671 698 785 778 exsequi
838 697 1031 776 ἐπειγομένοις,
1042 694 1168 776 χωλεύειν
1180 695 1208 755 δὲ
1218 693 1438 776 ἠναγκασμένοις.
1453 693 1618 777 Ὓπύπτερος

66 805 152 888 cupit,
167 802 214 864 sed
225 803 347 883 corporis
356 799 516 860 infirmitate
526 795 784 878 praepediturzpor·
838 791 953 871 ἡψυχὴ,
969 788 1038 848 ἀλλὰ
1064 786 1170 869 βαρύνει
1192 787 1319 860 ταύτηνή
1334 785 1413 867 σύρζ·
1436 786 1509 855 ὀξεῖα
1532 787 1617 857 ἐκείνη

67 898 126 978 rige
142 916 254 955 manum
267 915 372 954 currere
385 891 495 972 quidem
511 887 674 960 volentibus,
688 884 736 944 sed
749 880 787 942 ad
839 881 905 964 πρδι
916 879 949 940 rb
960 870 1085 962 ούράύια,
1099 879 1169 940 ἀλλὰ
1180 879 1290 959 βραδεῖα
1302 878 1370 950 αὕτη
1381 879 1448 960 πρδε
1459 879 1493 938 τὰ
1504 878 1618 958 έπίγεια·

67 985 277 1048 claudicandum
287 985 397 1044 coactis.
414 981 474 1042 Alis
484 981 614 1040 instructa
625 992 664 1039 est
680 977 786 1051 anima,
839 977 889 1045 τῆς
902 973 929 1032 δέ
944 978 992 1045 σῆς
1007 971 1127 1053 βσοθείας
1138 971 1288 1053 παρούσης,
1300 969 1375 1030 έσται
1392 970 1494 1030 δυνατὰ
1518 969 1565 1030 καί
1586 971 1619 1029 τὰ

66 1079 113 1141 sed
132 1079 210 1140 illam
230 1099 293 1138 caro
306 1096 417 1157 gravem
435 1073 603 1134 efficitthaec
624 1070 660 1130 ad
673 1067 788 1130 calestia
804 1075 824 1122 lt
840 1064 901 1124 λίαν
915 1063 1040 1124 ἀδύνατα.
1060 1062 1204 1137 Γενηθήτω
1226 1062 1313 1122 τοίνυν
1328 1063 1360 1123 rb
1379 1061 1487 1142 θέλημά
1510 1086 1572 1138 σοι,
1585 1066 1619 1131 ὡς

66 1173 147 1233 velox
158 1184 207 1248 est,
217 1171 264 1230 illa
272 1190 337 1230 vero
347 1167 440 1249 gravis
449 1180 475 1226 ct
484 1165 520 1226 ad
530 1179 635 1225 terrena
647 1159 786 1243 proclivis·
841 1159 870 1216 lv
882 1158 1003 1240 οὖρανῷ,
1015 1155 1062 1215 καί
1074 1156 1120 1216 ίπὶ
1128 1159 1176 1228 τῆς
1192 1158 1250 1236 γῆς.

67 1264 145 1325 Adsit
156 1263 237 1323 modo
247 1261 384 1321 auxilium
393 1274 482 1334 tuum,
493 1271 521 1317 et
531 1279 572 1330 en,
586 1275 646 1335 quae
659 1252 719 1313 fieri
733 1271 787 1311 uon

67 1376 146 1438 posse
158 1355 296 1427 videntur,
309 1351 400 1411 facilia
410 1350 534 1411 evadent.
549 1350 621 1406 Fiat
634 1344 720 1426 igitur
733 1362 787 1403 οισ-

67 1449 170 1509 hirtas
185 1458 257 1518 tna,
272 1445 348 1504 sicut
366 1447 399 1501 in
410 1442 494 1518 coelo,
507 1453 536 1500 et
548 1443 581 1497 in
596 1451 685 1497 terra.

107 1539 138 1601 5.
154 1537 224 1613 Quia
240 1556 303 1597 vero
315 1547 416 1594 terram
429 1544 629 1606 commemorat,
643 1540 722 1606 atque
735 1524 786 1599 iis,
882 1528 937 1590 Kal
950 1529 1159 1610 ἐπειδὴτῆςγῆς
1172 1529 1364 1610 ἐμνημόνευσε,
1376 1529 1501 1612 χρείαδί
1519 1539 1573 1600 τοῖς
1593 1533 1619 1602 ἰξ

67 1628 115 1710 qui
126 1640 242 1689 exterra
254 1624 388 1708 procreati
404 1639 475 1701 sunt,
491 1624 520 1682 in
533 1622 632 1700 illaque
646 1633 789 1681 versantur
844 1625 924 1693 αθιῆς
942 1623 1127 1704 γεγενημένοις
1148 1624 1194 1684 καί
1217 1625 1244 1683 έν
1265 1625 1333 1701 αὐτῇ
1357 1624 1559 1704 διαιτωμένοις,
1574 1627 1620 1685 καί

67 1735 172 1782 terreno
182 1717 275 1782 amicti
287 1738 407 1799 corpore,
420 1714 578 1797 congruenti
590 1713 652 1773 cibo
662 1726 700 1771 est
710 1733 787 1793 opus,
843 1713 949 1795 γηγενὲς
973 1718 1053 1794 σῶμα
1076 1714 1285 1798 περυιειμένοις,
1310 1715 1355 1776 καί
1379 1721 1427 1789 τῆς
1450 1717 1619 1791 καταλλήλαι

68 1811 215 1873 neoessario
234 1810 380 1891 subjunxit
394 1832 401 1866 ι
415 1811 530 1869 Panem
545 1819 675 1866 nostrum
689 1825 787 1884 super·
843 1811 955 1891 τροφῆς,
977 1806 1126 1888 ἀναγκαίοις
1147 1807 1285 1890 ἐπήγαγε,
1307 1807 1362 1868 Τδν
1390 1810 1470 1892 ἄρτον
1484 1810 1621 1888 ήμῶντδν

69 1903 295 1965 substantialem
309 1903 350 1961 do
364 1904 447 1960 nobis
461 1901 560 1959 leodio.
576 1899 678 1956 Panem
694 1917 788 1976 super·
844 1899 976 1960 έπιούσιον
999 1899 1042 1967 δδς
1061 1904 1125 1978 ἡμῖν
1146 1900 1271 1982 σήμερον.
1284 1900 1376 1982 Ἄρτον
1390 1901 1529 1962 ἐκέλευσεν
1539 1904 1621 1960 αἰτεῖν

70 1995 272 2056 substantialem
286 2007 375 2075 petere
384 1993 475 2074 jussit,
496 2012 549 2052 non
566 1991 594 2050 in
606 1988 787 2049 delectamen·
844 1990 985 2065 ἐπιούσιον,
1006 1994 1036 2050 οθ
1050 1990 1243 2071 τρυφὴν,οἰλλδ
1263 1991 1477 2073 τροφήν,τὴντδ
1501 1995 1621 2052 ἐλλεῖπον

71 2101 140 2164 tum,
151 2086 200 2147 sed
211 2085 239 2145 in
249 2085 417 2156 alimentum,
432 2084 505 2163 quod
517 2081 622 2143 decedit
633 2081 668 2140 de
679 2102 790 2162 corpore
845 2086 1050 2162 ἀναπληρούσαν
1069 2081 1269 2162 τοῦσώματος,
1289 2084 1335 2143 καί
1357 2084 1400 2144 τὸν
1417 2087 1448 2144 ἐκ
1468 2087 1549 2164 λιμοῦ
1570 2109 1623 2145 κω·

70 2180 208 2262 supplcus,
228 2193 255 2238 et
267 2177 405 2237 interitum
418 2200 453 2239 ex
465 2177 537 2236 fame
555 2177 679 2235 futurum
694 2171 789 2254 depel-
844 2173 957 2235 λύσασαν
973 2174 1099 2234 θοίνατον·
1113 2176 1142 2234 ού
1153 2175 1284 2255 τραπέζας
1296 2174 1545 2256 ’φλεγμαινούσας,
1565 2176 1623 2236 οὐδὲ

71 2271 138 2331 lens.
152 2272 212 2330 Non
226 2269 369 2328 instructas
382 2267 500 2350 dapibus
511 2287 625 2339 mensas,
645 2287 697 2327 non
711 2265 790 2324 obso-
845 2268 916 2348 δψνιν
927 2266 1074 2342 ποικιλίας,
1086 2265 1131 2325 καί
1149 2269 1281 2345 ὀψοποιῶν
1293 2267 1472 2347 μαγγανείας,
1485 2268 1533 2328 καί
1547 2273 1622 2348 οἷρτο-

72 2363 117 2422 nia
130 2360 218 2439 varia,
237 2382 291 2421 non
305 2360 433 2420 delicatos
445 2358 610 2421 ferculorum
623 2371 788 2440 apparatus,
846 2360 928 2420 ποιῶν
940 2357 1072 2430 ἐπινοίας,
1083 2357 1130 2417 καλ
1139 2357 1222 2425 σίνους
1237 2357 1394 2438 ἀνθοσμίας,
1409 2360 1456 2419 καὶ
1473 2361 1561 2421 τᾶλλα
1574 2361 1623 2420 den

72 2475 126 2514 non
139 2455 272 2537 pistorum
289 2454 418 2531 artificia,
444 2475 497 2513 non
517 2453 581 2512 vina
594 2450 678 2511 odore
688 2449 793 2509 demul·
810 2466 830 2514 t:
847 2451 891 2513 τὸν
904 2449 951 2530 μὲν
961 2449 1058 2529 λαιμδν
1074 2450 1177 2525 ἡδύνει,
1188 2449 1236 2524 τήν
1250 2450 1278 2510 δὲ
1293 2450 1410 2533 γαστέρα
1426 2451 1562 2534 φορτίζει,
1576 2454 1624 2527 τήν

73 2547 170 2621 centia,
189 2558 214 2605 et
227 2566 287 2625 quae
301 2545 355 2605 alia
370 2545 492 2628 palatum
505 2546 650 2619 delectant,
671 2555 793 2604 ventrem
848 2542 876 2602 bi
892 2543 1006 2603 διάνοιαν
1020 2542 1151 2617 σκοτίζει,
1161 2542 1206 2601 καί
1227 2552 1337 2624 σκιρτᾷν
1349 2541 1379 2602 rb
1392 2546 1473 2622 σῶμα
1493 2544 1563 2604 κατὰ
1577 2544 1631 2617 τῆς

74 2652 195 2715 onerant,
210 2652 326 2698 mentem
340 2639 495 2715 obscurant,
510 2650 535 2696 et
546 2635 653 2717 corpori
663 2634 735 2694 vires
746 2633 792 2692 ad·
849 2638 936 2716 ψυχῆς
956 2633 1165 2714 παρασκευάζει,
1186 2634 1232 2693 καί
1251 2634 1372 2706 δυσήνιον
1394 2638 1433 2716 τῷ
1456 2637 1559 2718 ήνιόχω
1580 2638 1624 2698 τδν

73 2729 144 2789 dunt
157 2743 188 2789 ut
202 2729 312 2788 insultet
326 2729 431 2801 anime,
450 2749 481 2787 ao
494 2728 603 2808 pullum
616 2725 716 2805 auriga
731 2725 794 2784 red-
849 2729 938 2788 πῶλον
952 2727 1099 2806 ἐργάζεται.
1114 2727 1155 2786 Οὐ
1168 2733 1251 2786 ταῦτα
1262 2731 1334 2804 ἡμᾶς
1348 2730 1431 2786 αἰτεῖν
1445 2731 1459 2786 δ
1479 2697 1558 2809 λόγος
1573 2730 1626 2789 ibl-

74 2821 144 2881 dunt
162 2821 315 2879 indocilem.
337 2821 396 2878 Non
412 2819 471 2876 haee
495 2831 526 2876 ut
545 2837 688 2897 poscamus
708 2816 794 2876 oratio
850 2819 937 2894 δαῖεν,
959 2821 1018 2879 ἀλλ’
1039 2818 1131 2900 Ἄρτον
1152 2818 1295 2893 ἐπιούσιον,
1308 2823 1379 2878 τοῦτ’
1403 2819 1488 2891 ἔστιν,
1508 2823 1553 2882 ἐπὶ
1577 2821 1625 2896 τήν

76 2912 181 3016 docuit,
195 2910 693 2992 sedSupersubstantialempnroem,
707 2905 795 2982 idest,
850 2913 939 2974 ὠσίαν
964 2917 1009 2972 τοῦ
1033 2911 1156 2990 σώματος
1179 2910 1361 2986 διαὸαίνοντα,
1378 2912 1425 2972 καί
1446 2919 1627 2996 συγκροτῆααι

77 3024 124 3083 qur
135 3024 162 3062 ιιι
173 3004 351 3063 substantiam
363 3001 481 3083 corporis
493 3000 599 3077 transit,
613 3021 724 3078 eamque
733 3020 795 3059 eon·
849 3004 948 3078 ταύτην
963 3004 1112 3081 δυνάμενον.
1124 3002 1178 3063 Kal
1190 3005 1282 3062 τοῦτον
1296 3003 1324 3064 δὲ
1346 3006 1394 3064 οὐκ
1412 3007 1450 3073 εἰς
1463 3006 1546 3066 πολύν
1561 3010 1627 3068 ἐτῶν

77 3095 187 3155 firmare
199 3109 295 3177 potest.
315 3095 395 3154 Hunc
408 3116 472 3156 veru
485 3115 583 3176 panem
603 3105 656 3153 non
670 3093 705 3152 ad
725 3091 796 3151 mul·
851 3096 961 3178 ἀριθμὸν
976 3098 1056 3155 αἰτεῖν
1074 3093 1274 3172 έκελεύοθημεν,
1288 3094 1357 3156 ἀλλὰ
1372 3096 1417 3156 τδν
1432 3097 1549 3178 σήμερον
1561 3105 1626 3178 ἡμῖν

78 3201 137 3246 tum
148 3208 279 3247 annorum
290 3206 432 3246 numerum
443 3198 531 3267 petere
540 3186 678 3266 jubemur,
690 3183 736 3244 sed
747 3184 795 3264 qui
810 3241 833 3280 Μ
851 3192 982 3271 ἀρκοῦντα
999 3186 1076 3260 μόνον
1086 3210 1092 3224 ·
1103 3185 1149 3260 Μή
1163 3186 1345 3266 μεριμνήσητε
1353 3187 1418 3268 γὰρ,
1431 3190 1521 3269 φησίν,
1533 3190 1627 3264 εἰςτὴν

1 3312 13 3352 χ
29 3309 53 3356 6,
78 3279 114 3341 ad
129 3278 290 3340 bodiemum
310 3294 416 3339 tantum
435 3278 509 3338 diem
529 3279 594 3337 satis
608 3278 643 3336 sit
661 3301 667 3335 :
686 3279 796 3353 Nolite,
815 3296 836 3345 Α
852 3280 949 3361 αὔριον.
963 3279 1000 3339 Τί
1009 3277 1109 3350 δήποτε
1119 3275 1171 3357 γὰρ
1185 3277 1247 3358 περὶ
1265 3282 1313 3349 τῆς
1328 3278 1418 3358 αύριον
1430 3281 1560 3361 φροντίζει
1575 3306 1628 3356 τις,

80 3373 177 3453 inquit,
202 3374 322 3433 solliciti
339 3393 400 3433 esse
418 3375 450 3430 in
467 3375 638 3430 crastinum.
656 3371 712 3428 Cur
725 3369 797 3429 enim
852 3373 927 3446 ὁιήν
944 3373 1033 3453 αὔριον
1046 3375 1076 3431 ού
1095 3371 1200 3437 πάντως
1220 3369 1441 3452 θψύμενος,ἀλλδι
1455 3372 1501 3432 τδν
1513 3373 1561 3452 μὲν
1576 3375 1628 3436 πό-

80 3465 115 3525 de
135 3464 251 3525 crastino
271 3464 333 3544 quis
354 3463 486 3522 sollicitus
504 3462 549 3536 sit,
573 3462 688 3540 quinon
707 3461 798 3543 ipsum
852 3490 895 3527 νον
907 3463 1115 3546 δεχύμινος,τδν
1129 3461 1157 3522 δὲ
1176 3463 1277 3545 καρπδν
1289 3467 1318 3523 ού
1332 3466 1630 3551 δρεπόμενος;Θαίρρη-

80 3556 153 3618 diem
166 3557 396 3617 crastinumcerto
408 3553 583 3630 visurussi13
599 3551 645 3612 aed
659 3552 705 3632 qui
720 3553 797 3612 labo·
853 3580 899 3618 σον
913 3560 951 3638 τῷ
964 3558 1027 3636 θεῷ
1051 3559 1089 3634 τῷ
1112 3553 1211 3644 διδύντρ
1233 3554 1331 3635 τροφὴν
1346 3556 1419 3636 πάσῃ
1433 3558 1523 3639 σαρκί.
1544 3557 1581 3618 ‘0
1599 3558 1631 3619 τὸ

57 3688 63 3697 ,
80 3670 137 3710 rem
148 3649 272 3731 suscipit,
287 3649 404 3707 fructum
415 3668 468 3707 non
480 3645 617 3728 decerpit?
629 3647 659 3705 lu
676 3646 733 3705 Deo
747 3646 797 3725 igi·
854 3649 933 3727 σῶμοί
952 3671 994 3707 σοι
1018 3645 1152 3718 δεδωκὼς,
1173 3646 1219 3704 καί
1231 3645 1280 3720 τήν
1293 3647 1382 3729 ψυχὴν
1402 3649 1570 3729 έμφυοήαας,
1583 3651 1630 3712 καί

18 3775 70 3824 ,35⁸
79 3755 125 3801 tur
145 3741 277 3801 fiduciam
297 3740 410 3817 colloca,
447 3743 506 3818 Qui
524 3740 577 3797 dat
597 3757 694 3798 eseam
718 3742 799 3797 omni
853 3741 919 3810 ζῶόν
943 3763 973 3799 σε
997 3737 1102 3819 λογικὸν
1127 3737 1342 3813 κατασκευάσας,
1359 3738 1405 3799 καί
1428 3741 1516 3800 πάντα
1537 3765 1580 3803 σοι
1596 3743 1631 3802 ab

80 3839 175 3894 carni.
193 3832 250 3908 Qui
268 3832 318 3892 tibi
333 3852 430 3912 corpus
451 3829 547 3905 dedit,
570 3830 742 3909 animamque
757 3829 799 3889 in·
854 3830 942 3910 ἀγαθὰ
954 3830 1007 3911 πρὸ
1020 3828 1186 3894 διαπλάσεως
1200 3830 1358 3908 ίτοιμοίσας,
1377 3835 1434 3899 πῶς
1457 3854 1487 3892 σε
1512 3834 1630 3895 διαπλα-

79 3925 202 4007 spiravit,
216 3937 297 4003 teque
307 3923 407 3983 animal
419 3921 548 4005 rationale
558 3921 706 3995 constituit,
719 3935 800 4000 atque
855 3922 949 3982 σθέντα
961 3921 1110 4002 παρόψεται
1117 3966 1126 3994 ,
1136 3919 1188 3986 Ὃς
1203 3920 1339 3980 ἀνατέλλει
1347 3922 1392 3982 τδν
1403 3921 1477 3994 ήλιον
1489 3925 1570 3984 αὐτοῦ
1586 3925 1630 3986 ἐπί

80 4016 171 4078 omnia
184 4016 236 4076 tibi
252 4015 320 4074 bona
340 4026 402 4073 ante
421 4011 607 4081 formationem
626 4013 799 4093 preparavit,
853 4011 982 4094 πονηροὺς
995 4013 1040 4071 καί
1055 4009 1181 4091 ἀγαθούς,
1194 4010 1239 4071 καί
1262 4012 1353 4095 βρέχει
1374 4011 1419 4074 ἐπί
1443 4014 1559 4083 δικαίαις
1584 4017 1630 4076 καί

0 4167 1 4173 ,
32 4143 55 4191 5,
80 4106 216 4190 quomodo
229 4121 254 4167 te
266 4108 410 4166 formatum
421 4103 620 4187 aspernabitur,
638 4106 695 4184 Qui
710 4105 799 4164 solem
854 4105 972 4177 ἀδίκουςς
989 4103 1084 4185 Τούτῳ
1105 4102 1191 4162 τοίνυν
1205 4106 1320 4186 θαρρῶν,
1335 4096 1384 4177 τήν
1396 4105 1526 4186 έφήμερον
1546 4109 1631 4186 μόνην

81 4224 166 4264 suum
192 4204 264 4260 oriri
275 4202 359 4282 ¹facit
375 4219 461 4277 super
480 4197 574 4257 malos
597 4210 626 4256 et
647 4201 748 4270 bonos,
771 4211 800 4258 et
856 4195 1041 4280 αίτειτροφὴν,
1055 4201 1103 4268 τῆς
1117 4195 1144 4254 δί
1158 4194 1247 4278 αύριον
1257 4197 1330 4277 αύτῷ
1342 4199 1474 4258 κατάλιπε
1489 4198 1538 4274 τήν
1548 4225 1631 4283 φρον.

79 4297 158 4378 pluit
174 4314 261 4374 super
272 4296 369 4374 justos
380 4303 408 4350 et
421 4293 565 4373 injustos?
581 4289 654 4349 Huic
669 4291 755 4372 igitur
776 4292 799 4352 si
855 4290 932 4363 τίδα,
952 4293 989 4356 ὡς
1009 4288 1055 4349 καί
1079 4293 1094 4348 θ
1116 4288 1245 4370 μακάριος
1266 4287 1340 4367 ἔλεγε
1356 4289 1440 4349 Δαυίδ
1449 4314 1456 4328 ·
1471 4290 1631 4376 Ἐπίρριψον

82 4390 162 4464 fidas,
176 4385 363 4467 quotidianum
375 4397 478 4443 tantum
491 4404 571 4468 posce
582 4383 749 4460 alimentum,
758 4385 801 4445 illi
819 4399 839 4448 Β
855 4382 900 4443 tot
912 4380 1009 4463 Κύριον
1020 4379 1068 4454 τήν
1084 4380 1214 4461 μέριμνοίν
1225 4403 1286 4454 σου,
1302 4379 1348 4439 καί
1358 4380 1434 4449 αὐτός
1445 4406 1475 4442 σε
1486 4359 1632 4467 διαθρέψαι..

83 4480 191 4541 crastini
202 4499 297 4539 curam
309 4477 439 4555 relinque,
455 4474 687 4555 quemadmodum
697 4490 722 4535 et
735 4477 801 4537 bea-
856 4474 937 4535 otro
949 4471 994 4532 διδ
1003 4477 1056 4532 τῶν
1072 4471 1217 4553 εἰρημένων
1228 4471 1276 4544 τήν
1290 4472 1374 4552 ἄκραν
1389 4474 1565 4546 έκπαιδεύσας
1585 4500 1633 4559 φι·

1 4596 57 4661 ,ὄρ
84 4589 128 4634 tus
147 4572 232 4634 Davit
249 4570 323 4631 dixit
336 4595 343 4629 ε
357 4570 448 4628 laeta
465 4589 552 4652 super
565 4563 725 4627 Dominum
747 4590 800 4629 cu·
856 4566 991 4649 λοσσφίαν,
1007 4565 1084 4633 είδιλς
1108 4567 1148 4626 ὅτι
1167 4570 1220 4625 τῶν
1235 4562 1370 4626 αἰδυνύτων
1383 4566 1464 4643 ἐστὶν,
1479 4570 1634 4651 ἀνθρώπους

84 4689 149 4727 ram
161 4680 253 4738 tuam,
264 4667 360 4742 etipse
371 4674 400 4720 te
409 4665 543 4720 enutriet.
553 4663 594 4721 lta
606 4681 667 4719 curn
680 4661 802 4742 superio·
857 4666 928 4740 ἡμᾶς
950 4660 1027 4727 ὄντας
1056 4659 1103 4718 καί
1136 4658 1228 4731 θνητδν
1255 4662 1335 4737 σῶμα
1364 4659 1564 4739 περικειμένους
1595 4664 1633 4742 μὴ

84 4759 160 4818 ribus
171 4757 262 4818 verbis
276 4774 430 4837 supremum
443 4752 643 4834 philosophiam
658 4752 801 4830 docuisset,
857 4753 971 4827 πταίειν,
982 4749 1081 4819 έδίδαζε
1091 4749 1187 4830 λέγειν,
1203 4749 1257 4809 {tet
1270 4750 1334 4830 ἄφες
1347 4755 1411 4830 ἡμῖν
1421 4749 1454 4811 sd
1465 4752 1635 4832 ὀφειλήματα

85 4871 185 4930 gnarus
198 4849 257 4908 fieri
271 4869 323 4907 non
336 4868 425 4929 posse,
451 4858 483 4903 ut
498 4866 545 4904 nos
558 4844 681 4905 homines
693 4847 802 4907 mortali
857 4851 944 4926 ἡμῶν,
961 4850 997 4912 ὡς
1011 4843 1055 4904 καί
1069 4849 1146 4921 ἡμεῖς
1167 4841 1276 4922 αἰφίεμεν
1299 4849 1354 4908 τοῖς
1376 4843 1523 4924 ὀφειλέταις
1546 4849 1634 4924 ήμῶν.

85 4961 196 5021 corpore
208 4939 366 4998 circumdati
385 4958 437 4998 non
452 4937 588 5012 cadamus,
601 4938 682 4997 etiam
695 4939 804 5000 hoedi·
858 4939 929 5021 Τρία
942 4938 1001 4997 κατ’
1011 4934 1090 4994 αύτδν
1100 4934 1188 5008 ἀγαθὰ
1201 4933 1244 4992 διδ
1257 4935 1333 4994 τοῦδε
1354 4939 1400 4995 τοῦ
1414 4935 1491 5015 λύγου
1508 4959 1635 5020 πραγμα-

86 5029 269 5095 ceredocuit:
282 5034 323 5091 Et
339 5032 455 5092 dimitte
475 5033 558 5091 nobis
572 5032 672 5090 debita
690 5044 803 5111 nostra,
857 5032 977 5096 τεύεται·
990 5026 1050 5097 τούς
1064 5026 1112 5107 μίν
1125 5026 1220 5107 ἄκρους
1241 5025 1290 5100 τὴν
1308 5026 1406 5108 ἀρετήν
1419 5029 1583 5111 μετριότητα
1595 5033 1634 5092 δι·

122 5248 132 5275 t
150 5234 206 5285 noo
222 5232 282 5288 ldst.
294 5234 486 5304 plasmaverim,
499 5239 537 5286 καί
553 5239 582 5292 εἰς
597 5234 676 5292 ἡδονὰς
692 5233 847 5298 ίκμαινούσεις.
