3764 5992
524 435 570 483 ns
595 435 733 484 ruruan
758 434 845 483 vira
870 436 1025 487 nscrcus.
1477 424 1546 513 4⁰3

139 558 265 617 ῦπαδδιν
287 557 379 639 άρχει,
393 561 417 618 εί
429 560 483 619 τῶν
498 560 657 639 νοσημάτων
669 559 778 641 περιγί-
833 572 950 621 stratum
966 561 1031 622 inde
1045 560 1170 643 designes
1184 587 1191 621 ε
1205 561 1254 625 sed
1273 565 1308 625 ab
1320 564 1406 626 animi
1424 579 1511 644 statu,
1521 568 1545 629 si
1581 593 1700 655 Qumrn

139 669 174 719 ιν,
191 649 217 705 el
229 649 379 728 χρημάτων
397 650 537 729 ἐπιθυμίας
551 659 658 731 κρατεῖ,
682 653 706 708 εἰ
725 674 778 709 σω-
831 654 1213 735 affectibusimperet‚sivitia
1223 656 1345 736 subigat;
1356 658 1472 740 exempli
1483 679 1542 738 gra-
1555 657 1600 731 ⁸¹¹¹}
1642 662 1699 733 5¹²⁸}-

139 736 262 819 ιόριστον
283 739 370 818 ἔρωτα
392 740 529 813 δπίταξεν,
554 745 577 800 εἰ
605 743 641 819 μὴ
665 742 811 814 τήκεταιῦ
831 745 882 818 tia,
897 746 921 803 si
934 745 1092 805 divitiarum
1106 746 1284 827 cupiditatem
1303 733 1700 827 coerceat‚sicor-ii,¹,²m,¹”'⁸⁸‘

140 828 213 905 ἰμὴ
241 830 349 911 σύρεται
368 836 407 912 τῷ
429 834 541 913 χαλεπῷ
563 838 612 905 τῆς
631 832 776 902 κενοδοξίας
830 859 927 919 porum
941 838 1132 919 inexplebilem
1145 860 1264 899 amorem
1277 841 1439 921 subjecerit,
1454 842 1476 902 si
1490 864 1544 905 non

157 920 199 997 μὴ
220 922 324 983 δέδοικε
343 924 389 983 καί
409 924 502 1004 τρέμει
515 923 618 999 πενίαν,
640 928 663 984 εἰ
677 925 714 1002 μὴ
728 924 777 997 τὴν
831 929 934 990 invidia
948 929 1082 1004 tabescat,
1097 930 1119 989 si
1136 951 1190 989 non
1204 930 1291 990 inanis
1303 931 1395 1010 gloriae
1405 934 1548 1012 perturba·

140 1012 323 1094 εδρωπότιρον
339 1015 498 1092 μεταάολὴν,
512 1020 535 1075 εἰ
554 1016 592 1094 μὴ
615 1015 778 1087 άποτίδνηκι
831 1021 904 1080 tione
923 1020 1140 1097 distrahatur,si
1160 1036 1303 1101 egestatem
1323 1042 1376 1083 non
1399 1038 1502 1085 metuat
1519 1039 1549 1086 ct
1585 1086 1589 1091 ,

140 1102 237 1185 ῐνῦῖνιν·
258 1106 384 1167 TW&
399 1131 445 1186 μον
469 1107 549 1176 δεῖξον
572 1109 617 1168 τὸν
643 1108 777 1189 ἄρχοντα·
832 1126 946 1183 tremat,
969 1112 993 1172 si
1006 1133 1059 1172 non
1073 1113 1101 1171 in
1117 1111 1237 1172 deterius
1255 1113 1448 1189 mutationem,
1459 1115 1483 1174 si
1494 1116 1547 1176 boc

140 1234 142 1245 =
163 1198 250 1279 δρχνίζ
271 1201 305 1259 Εἰ
327 1199 461 1281 δίκρατεῑ
474 1199 522 1279 μίν
543 1199 698 1281 ἀνθρώπων,
717 1201 779 1259 δου-
800 1273 805 1281 ,
830 1205 927 1265 timore
935 1223 988 1262 non
996 1203 1547 1283 exanimetur.Talemmibimagistratum

140 1288 235 1364 τάθεοι,
247 1291 356 1351 πάντων
369 1293 514 1373 ἀνθρώπων
536 1292 724 1375 δουλικώτερον
732 1292 777 1351 τδν
832 1295 957 1357 ostendes
970 1295 1019 1353 boc
1029 1294 1101 1353 enim
1113 1307 1153 1353 est
1164 1314 1255 1373 gerere
1262 1294 1459 1374 magistratum.
1466 1297 1548 1369 Quod

141 1380 237 1459 ῐποιμι
251 1382 284 1440 διν
306 1383 398 1465 ἔγωγε.
421 1386 475 1446 Καί
497 1385 617 1465 καθάπερ
635 1386 680 1444 τὸν
697 1387 724 1443 ἐν
739 1387 777 1465 τῷ
831 1389 854 1448 si
867 1386 1024 1446 bominibus
1033 1385 1142 1464 quidem
1154 1385 1327 1465 imperet,sed
1337 1387 1478 1448 affectibus
1487 1389 1549 1448 ani-

141 1474 273 1554 superb
296 1475 391 1555 ἔχοντα
406 1477 636 1554 κατακλειόμενον,
658 1475 708 1534 κᾶν
720 1498 776 1553 μη·
831 1481 868 1539 mi
882 1480 991 1554 serviat,
1004 1477 1078 1536 bunc
1091 1497 1140 1557 ego
1153 1476 1270 1535 dixerim
1285 1478 1440 1557 plusquam
1454 1501 1547 1540 omnes

141 1566 369 1645 Μὴἕννφᾶντνα
391 1571 437 1627 τοῦ
459 1567 581 1645 σώματος
602 1566 777 1640 ἐνδείκνυται,
830 1572 953 1630 bomines
970 1591 1026 1630 esse
1045 1567 1169 1628 servituti
1186 1567 1346 1627 obnoxium.
1362 1568 1399 1627 Et
1418 1570 1547 1648 quemad·

141 1654 253 1716 ιάλιστα
273 1666 349 1736 pelet
365 1658 397 1716 ἂν
418 1657 556 1738 πυρέττειν
577 1663 601 1718 οἱ
614 1663 667 1717 τῶν
681 1661 777 1737 ἰατρῶν
830 1664 942 1723 modum
961 1663 1008 1744 qui
1023 1661 1122 1721 febrim
1141 1660 1239 1719 habeat
1255 1660 1403 1721 visceribus
1420 1683 1452 1722 ac
1471 1664 1547 1723 renis

141 1745 173 1806 δν
185 1751 212 1807 οἱ
233 1748 337 1808 ἰδιῶται
351 1753 498 1829 δγνοῶσιν·
513 1749 581 1811 οὕτω
597 1749 629 1823 δὴ
643 1747 719 1828 κάγδ)
731 1748 776 1806 τὸν
831 1755 906 1816 intus
920 1756 1070 1831 inclusam,
1086 1752 1193 1812 tametsi
1213 1752 1283 1811 nibil
1296 1752 1350 1811 tale
1366 1754 1467 1833 species
1486 1775 1547 1815 cor·

142 1860 206 1898 οντα
220 1840 327 1914 δοίλην,
346 1841 392 1900 καί
402 1846 470 1900 ’τῶν
484 1847 575 1901 παθῶν
596 1841 777 1921 αἰχμάλωτον,
793 1847 812 1892 Ι)
831 1849 905 1928 poris
915 1860 1024 1907 externa
1034 1866 1089 1927 pra
1100 1866 1129 1904 se
1142 1845 1218 1919 lerat,
1228 1843 1338 1905 omnino
1348 1844 1422 1903 febre
1428 1846 1548 1906 maxime

142 1954 168 1989 τι
189 1938 309 1992 τοιοῦτον
329 1937 347 2004 ἡ
371 1932 463 2002 ἔξωθεν
488 1933 667 1993 ἐπιδείκνυται
697 1933 776 2012 ὄψις,
830 1951 984 2019 correptum
998 1949 1114 1997 asserent
1127 1934 1238 2010 medici,
1250 1935 1311 1994 licet
1322 1935 1446 2014 ignorent
1459 1937 1548 2019 impe-

142 2022 257 2097 νιντίον,
285 2024 409 2083 ἁπάντων
433 2024 620 2105 δουλικοίτερον
643 2021 723 2104 ραίην
746 2024 776 2083 ἂν
829 2028 1124 2108 rititsicetegoillum
1135 2027 1178 2087 cui
1189 2048 1266 2086 serva
1278 2027 1312 2086 sit
1322 2028 1412 2086 anima
1422 2042 1449 2087 et
1462 2029 1547 2089 animi

156 2113 238 2193 βάθει
248 2116 295 2175 τὸν
308 2116 419 2197 imperis
433 2120 484 2175 τῶν
501 2121 590 2176 κακῶν
608 2116 717 2197 ἔχοντα,
732 2115 777 2177 καί
829 2121 971 2181 affectibus
984 2119 1155 2200 mancipata,
1171 2118 1234 2177 licet
1252 2118 1322 2177 nibil
1336 2119 1389 2178 tale
1403 2121 1485 2179 iacies
1497 2142 1546 2180 ex-

142 2206 214 2265 ννίδοι
238 2211 293 2266 τῶν
314 2212 404 2268 παθῶν
432 2213 459 2269 ἐν
485 2213 551 2288 αὐτῇ
577 2209 718 2288 ἱδρυμένην
741 2213 775 2288 τῇ
829 2224 922 2290 terna,
940 2210 987 2271 sod
1011 2190 1175 2270 contrarium
1197 2228 1254 2287 prae
1278 2228 1307 2266 se
1328 2208 1547 2282 serat‚servituti

143 2298 261 2379 γοεταδδ
276 2301 324 2359 καί
340 2301 482 2381 ἐλεύθερον,
495 2301 541 2361 καί
558 2301 687 2381 βασιλέων
698 2305 776 2381 βασι·
829 2304 980 2363 obuoxium
999 2324 1055 2384 prae
1070 2299 1172 2361 caeteris
1190 2299 1321 2373 dixerim,
1336 2313 1430 2380 utpote
1442 2300 1490 2378 qui
1503 2301 1546 2361 ri-

143 2391 225 2463 ,xds
245 2392 327 2471 ῥάκια
353 2392 578 2472 περιόεόλημένος
600 2385 636 2473 ᾖ,
658 2393 707 2451 κᾶν
731 2395 776 2453 δε·
828 2395 930 2454 tiorum
949 2394 1046 2454 febrim
1062 2405 1226 2472 grassantem
1243 2391 1316 2450 intus
1330 2390 1487 2465 habeat,ac
1500 2405 1545 2472 ty·

143 2486 242 2562 ιοδκῇ,
257 2484 307 2542 κᾶν
322 2484 414 2544 άλυσιν
427 2484 601 2564 περικέηται,
615 2486 660 2545 τδν
676 2487 775 2558 ταύτην
829 2487 968 2546 rannidem
991 2485 1146 2568 passionum
1169 2484 1222 2564 ipsi
1240 2483 1336 2542 animae
1360 2482 1543 2542 insidentem:

143 2594 198 2634 ινον
212 2574 432 2654 τλντυρσννίδει,
446 2576 492 2634 καὶ
504 2576 563 2635 οὔτε
578 2586 635 2642 ταῖς
650 2584 776 2656 πονηραῖς
828 2579 1016 2659 magistratum
1033 2591 1123 2636 autem
1140 2596 1246 2654 gerere,
1257 2588 1284 2634 et
1304 2573 1421 2633 liberum
1439 2595 1545 2635 esseae

143 2666 352 2747 ;κστεχο’μενον,
368 2667 426 2726 οὔτε
445 2668 540 2746 άλογον
551 2668 607 2735 δέος
627 2668 717 2736 πενίας
730 2669 775 2728 καί
828 2671 938 2749 regibus
956 2669 1022 2750 ipsis
1034 2667 1234 2746 augustiorem,
1251 2664 1376 2743 quamvis
1389 2667 1486 2746 pannis
1500 2665 1545 2724 in-

144 2760 234 2817 αδτῶν
249 2761 305 2817 τῶν
321 2759 464 2818 δοκούντων
477 2751 543 2818 εἶναι
562 2762 689 2838 λυπηρῶν
700 2763 727 2819 ἐν
736 2765 775 2839 τῷ
828 2761 911 2822 dutus
922 2762 973 2836 sit,
986 2759 1112 2838 quamvis
1124 2759 1153 2817 in
1169 2778 1274 2817 carcerc
1285 2756 1405 2831 habitet,
1419 2757 1544 2836 quamvis

144 2846 189 2931 bs,
200 2850 342 2910 δεδοικότα
352 2849 396 2910 καί
406 2849 548 2930 τρέμοντα.
827 2868 919 2913 catena
928 2852 964 2912 sit
973 2848 1166 2923 circumdatus,
1171 2869 1233 2908 eum
1242 2846 1291 2926 qui
1300 2848 1382 2927 hujus
1389 2847 1545 2928 tyrannidis

824 2947 923 3026 jugum
934 2942 1092 3015 excusserit,
1106 2954 1133 3000 et
1144 2961 1230 3019 neque
1243 2939 1336 3020 pravis
1349 2936 1544 3018 cupiditatibus

828 3048 957 3111 teneatur,
967 3053 1016 3092 nec
1030 3030 1149 3091 absurdo
1162 3028 1328 3110 paupertatis
1341 3041 1368 3087 et
1377 3027 1543 3108 ignominiae,

827 3147 912 3206 neque
925 3145 1019 3186 eorum
1033 3145 1094 3203 que
1107 3122 1137 3181 in
1154 3120 1206 3181 bac
1219 3120 1275 3180 vita
1284 3120 1396 3180 molesta
1405 3118 1544 3194 videntur,

827 3218 922 3278 timore
932 3230 1071 3297 correptus
1083 3211 1278 3274 contremiscat.

145 3316 170 3377 Ιί
187 3313 277 3394 ἆρχαί
290 3315 339 3373 cdx
356 3314 407 3374 elei
422 3316 568 3396 χρημάτων
581 3315 697 3388 ὠνηταὶ,
713 3314 771 3375 edil
864 3314 894 3372 δ.
905 3308 1049 3391 Ejusmodi
1059 3308 1232 3387 magistratus
1242 3325 1296 3365 non
1311 3303 1425 3387 pecnnia
1435 3303 1543 3365 venales

145 3404 346 3486 δεταςίχυυσι·
369 3406 469 3480 ταύτην
490 3410 538 3466 οὐκ
551 3399 604 3468 οἶδε
625 3405 772 3486 κατηγόρου
788 3423 807 3471 Ε
825 3417 963 3485 prostant,
978 3422 1066 3480 neque
1085 3398 1239 3459 invidorum
1258 3408 1350 3477 patent
1370 3394 1541 3454 incursibus:
1629 3474 1633 3485 Ι

145 3498 199 3561 tta
218 3498 361 3577 βασκάνων
373 3499 522 3578 δρδαλμδς,
544 3498 603 3559 οὐδὲ
625 3499 771 3558 ἐπιὸοόλων
826 3498 899 3557 bunc
918 3493 1080 3555 accusatoris
1098 3491 1191 3569 lingua
1210 3509 1263 3548 non
1278 3487 1371 3562 novit,
1384 3507 1433 3546 nec
1445 3486 1542 3546 oculus

145 3612 198 3663 τι,
216 3592 279 3649 ἀλλ’
299 3588 391 3669 ὥσπερ
409 3591 437 3648 ἐν
452 3589 541 3669 άσόλῳ
553 3589 645 3672 χωρίῳ
660 3589 712 3648 τινί
732 3593 771 3668 τῷ
826 3586 1001 3659 invidorum,
1017 3604 1102 3662 neque
1122 3579 1311 3640 insidiatorum
1332 3578 1479 3649 machinae,
1493 3576 1542 3637 sed

146 3682 212 3763 ρίας
230 3682 438 3758 δνδιιιιτωμένη,
459 3682 531 3759 μένει
545 3684 669 3755 διηνεκῶς
695 3682 771 3762 ἀχεί-
825 3695 964 3758 tamquam
985 3678 1014 3735 in
1043 3672 1196 3734 inviolabili
1222 3670 1340 3750 quodam
1361 3667 1541 3752 philosophiae

158 3776 242 3853 μόνον
257 3782 317 3841 ταῖς
335 3775 429 3840 ἄλλοις
447 3777 500 3831 τῶν
516 3774 681 3852 πραγμάτων
696 3797 771 3854 περι·
824 3770 964 3831 domicilio
987 3766 1107 3827 residens
1126 3776 1265 3845 permanet
1285 3783 1391 3842 semper
1411 3761 1539 3833 invictus,

151 3868 216 3927 m·
240 3865 300 3926 οὐδὲ
316 3868 383 3945 αὐτῇ
404 3865 510 3925 εἷκουσα
528 3871 561 3944 τῇ
580 3869 700 3944 τελευτῇ.
716 3868 771 3927 Καί
824 3885 911 3942 neque
918 3875 1023 3922 tantum
1033 3857 1134 3919 caeteris
1143 3878 1231 3916 rerum
1241 3853 1417 3914 adversarum
1424 3853 1541 3931 casibus,
1797 3908 1804 3941 ,

156 3962 246 4017 ταῦτα
267 3958 292 4014 ol
315 3955 461 4036 μάρτυρες,
477 3947 513 4014 ὧν
538 3956 700 4034 τὰσώματα
720 3959 768 4036 μὲν
823 3955 926 4015 seduec
935 3953 987 4036 ipsi
998 3949 1164 4011 morticedit.
1173 3947 1325 4007 Ostendunt
1334 3945 1386 4005 boc
1397 3958 1539 4026 martyres,
1569 3975 1693 4035 martyra-

146 4047 245 4116 ίκόνις
255 4047 347 4126 γε’γονε
360 4048 407 4106 καί
425 4046 525 4127 rippa,
543 4053 561 4120 ἡ
583 4048 611 4109 δὲ
626 4050 695 4129 ἀργὴ
708 4055 812 4139 καθ’339
823 4067 938 4126 quorum
954 4065 1066 4124 corpora
1087 4040 1198 4120 quidem
1219 4039 1350 4099 dissoluta
1364 4051 1446 4115 sunt,
1464 4051 1489 4096 et
1510 4037 1538 4098 in
1548 4046 1585 4096 r0¹
1588 4052 1643 4081 ¹¹¹¹¹

146 4144 154 4213 ᾗ
173 4136 227 4211 τὴν
249 4138 353 4219 ἡμέραν
367 4137 413 4196 καί
437 4141 550 4217 ἐνεργεῖ,
566 4118 691 4217 δαίμονάς
705 4143 769 4201 ἀπε·
785 4158 805 4201 a
822 4139 960 4221 pulverem
967 4135 1136 4212 cineremque
1144 4130 1443 4209 redactaamagistratus
1450 4142 1539 4188 autem
1548 4108 1637 4158 *⁰⁸⁰¹*

167 4231 217 4291 ni
242 4231 383 4308 νοσήματα
408 4230 575 4310 δραπετεύειν
599 4235 769 4312 παρασκευαί·
822 4254 853 4292 ac
867 4229 1035 4311 principatus
1048 4225 1169 4306 quotidie
1184 4223 1265 4297 vivit,
1279 4235 1305 4281 et
1321 4234 1457 4302 operatur,
1473 4220 1540 4279 dum

147 4323 255 4391 ,πόλεις
268 4322 426 4403 ὁλοκλήρως
440 4326 640 4402 ἀνσπτεροῢσα,
660 4325 706 4385 καί
728 4327 775 4402 δή·
822 4323 956 4382 daemones
969 4319 1065 4398 abigit,
1080 4330 1106 4376 et
1119 4315 1228 4375 morbos
1244 4315 1271 4373 in
1287 4314 1381 4392 fugam
1394 4311 1540 4386 convertit,

147 4418 183 4477 δι
197 4414 310 4493 άγοινσα.
325 4413 450 4485 Τοσαύτη
465 4419 513 4486 τῆς
533 4417 617 4495 ἀρχῆς
640 4416 738 4488 ταύτης
751 4423 768 4490 ή
818 4413 885 4472 dum
899 4413 1017 4491 integras
1030 4409 1110 4468 urbes
1124 4407 1240 4479 excitat,
1251 4420 1276 4466 et
1291 4404 1408 4484 populos
1422 4404 1450 4463 in
1464 4403 1539 4463 bunc

147 4504 190 4589 ’νχδ
202 4505 310 4575 ζώντων
323 4510 375 4565 τῶν
392 4506 527 4586 ἀρχόντων
539 4506 769 4584 μόνον,σἰλλδικαὶ
817 4506 909 4565 locum
930 4501 1048 4562 deducit.
1071 4500 1160 4558 Tanta
1186 4497 1358 4576 magistratus
1381 4509 1407 4555 ct
1428 4495 1538 4575 imperii

147 4620 216 4673 ms,
229 4601 268 4665 ὡς
282 4597 385 4676 ἀνάγκῃ
411 4596 459 4676 μὲν
483 4598 601 4676 μηδένα,
621 4599 715 4680 γνώμῃ
739 4601 767 4662 δὲ
817 4598 897 4657 istius
916 4608 957 4654 est
968 4593 1067 4666 virtus,
1085 4610 1139 4649 non
1157 4589 1284 4649 vivorum
1305 4599 1412 4646 tanturn
1436 4585 1541 4666 princi-

148 4688 241 4757 ,ἕως
253 4690 366 4748 imao«
382 4690 475 4763 ἐλθεῖν,
490 4690 535 4748 καὶ
555 4690 649 4768 μηδενὶ
669 4693 766 4772 papst.
818 4710 895 4771 pum,
918 4686 967 4748 sed
979 4682 1061 4744 etiarn
1079 4681 1136 4742 vita
1155 4680 1319 4751 tunctorum,
1333 4691 1365 4736 ut
1385 4677 1542 4737 necessitate

148 4804 196 4863 ιερ.
206 4780 308 4862 Ὁρᾶτε
327 4782 364 4847 ὡς
377 4783 407 4839 οδ
427 4779 514 4857 μάτην
527 4779 599 4840 τουτί
612 4782 643 4841 τδ
657 4782 765 4864 θέατρον
817 4780 972 4863 compulsus
982 4797 1079 4851 nemo,
1101 4773 1147 4834 sed
1160 4784 1255 4853 sponte
1265 4791 1297 4830 ac
1310 4770 1422 4852 proprio
1436 4769 1542 4829 inducti

165 4872 236 4956 Ῐρην
258 4864 327 4931 εἶναι
354 4876 406 4930 τῶν
432 4875 576 4950 βασιλικῶν
600 4877 703 4950 σύλδινς
720 4877 765 4936 Τδ
818 4875 915 4935 ellectu
936 4871 991 4929 buc
1003 4889 1095 4928 omncs
1109 4876 1265 4938 accurrant,
1280 4884 1328 4922 nec
1344 4863 1400 4921 ulla
1412 4861 1541 4942 temporis

148 4966 291 5049 ιῐράλλοις
303 4964 373 5024 ἔοικε
384 4965 599 5045 μαραινομένοις,
617 4967 663 5026 καί
677 4978 764 5036 σκιαῖς
818 4960 1016 5042 longinquitate
1029 4957 1175 5016 minuatur.
1187 4951 1295 5014 Videtis
1310 4971 1393 5031 quam
1410 4971 1462 5009 non
1483 4949 1542 5008 sine

148 5058 235 5127 ίειιις·
255 5056 291 5116 τά
305 5056 334 5116 ii
355 5058 468 5116 ἐνταῦθα
487 5058 610 5135 διδόμενα
633 5060 677 5120 τὸν
699 5060 764 5121 ἀδά-
818 5076 897 5116 causa
905 5053 1041 5113 theatrum
1060 5046 1132 5108 istud
1147 5065 1240 5124 regum
1259 5042 1330 5103 aulis
1339 5040 1545 5122 augustiusesse

149 5272 153 5285 .
175 5246 222 5287 ris
232 5239 313 5287 satas
324 5238 363 5284 κκδ
375 5245 419 5286 τῶν
430 5242 499 5285 νάσων
509 5238 576 5298 αίχμ.
