3810 6000
477 473 546 570 870
821 490 850 537 s.
878 485 1018 536 toauurs
1045 482 1226 532 euersosr.
1257 484 1413 532 uocetur.
1441 470 1719 539 cousraurrrtor.

476 623 628 701 frequentes
650 617 740 677 literas
762 611 934 697 acceperitis,
954 628 1117 669 accusarem.
1140 606 1194 669 Sed
1212 614 1231 663 Ε
1251 612 1348 690 συνεχῆ
1359 613 1424 691 παρ’
1435 614 1512 689 ἡμῖν
1524 612 1670 694 δεχόμεναι
1683 614 1845 695 γράμματα.
1859 615 1897 679 ’λθ

475 709 604 791 quoniam
614 707 670 768 scio
681 727 731 770 vos
741 705 800 767 sive
809 702 920 779 sileatis,
930 701 987 763 sive
999 700 1136 777 scribatis,
1147 720 1196 780 pa·
1250 691 1309 760 σῖδα
1320 701 1361 762 ὅτι
1383 701 1429 761 καὶ
1442 707 1600 779 σιωπῶσαι,
1613 706 1660 766 καλ
1672 706 1828 790 γράφονται
1835 753 1844 781 ,
1854 713 1897 789 epi

475 802 542 862 riter
554 821 618 882 erga
629 820 677 860 uos
689 797 800 859 affectas
810 815 877 871 esse,
890 804 1030 876 propterea
1041 810 1094 851 non
1105 788 1194 850 ausim
1249 794 1321 871 ἡμᾶς
1339 793 1487 869 διάκεισθε,
1505 795 1599 857 scires
1612 798 1697 879 χάριν
1716 799 1842 880 ἐγκαλεῖν
1854 802 1897 863 σοι

475 915 525 953 vos
539 893 621 974 hujus
641 888 744 951 silentii
765 907 845 948 causa
865 882 1072 966 reprehendere,
1087 880 1193 986 tametsi
1248 881 1366 971 αχσάμην
1385 888 1434 958 τῆς
1454 889 1531 961 σιγῆς
1553 886 1653 963 ἕνεκεν,
1670 891 1696 950 εἰ
1719 889 1768 949 καλ
1791 892 1893 975 σφόδρα

475 984 591 1046 mirifice
603 981 685 1065 cupio
691 981 784 1043 literas
798 999 867 1061 saepe
879 990 981 1041 vestras
990 973 1121 1057 accipere,
1133 992 1196 1057 qut·
1249 972 1338 1036 πυκνά
1351 979 1415 1059 παρ’
1425 979 1499 1056 ὑμῶν
1509 978 1635 1060 δέχεσθαι
1648 981 1897 1067 γράμμαεῳερλς

475 1079 528 1138 bus
535 1075 571 1138 de
581 1089 669 1138 restra
680 1072 835 1135 valetudine
843 1069 941 1131 certior
949 1065 1110 1130 liamNibil
1121 1065 1194 1127 enim
1250 1069 1324 1147 ὑμῶν
1340 1068 1477 1141 δηλοῦντα.
1491 1069 1562 1131 Οάδλ
1581 1070 1637 1153 γάρ
1650 1071 1740 1154 ἔχοιτ’
1762 1075 1797 1134 ἃν
1817 1098 1897 1165 unq

474 1184 515 1229 est
526 1189 612 1229 causa
622 1187 671 1227 cor
683 1165 719 1228 ad
731 1166 802 1226 banc
810 1161 1010 1227 exeusationem
1023 1157 1193 1241 confugiatis,
1249 1156 1281 1218 rt
1293 1157 1332 1238 μὴ
1347 1162 1462 1240 συνεχῶς
1472 1162 1661 1244 ἐπιτυγχάνειν
1670 1162 1686 1196 “
1694 1167 1897 1250 γραμμσεηγάρ

473 1259 548 1342 quod
563 1279 616 1320 non
637 1259 675 1319 ita
696 1257 790 1318 erebro
809 1254 964 1317 tabellarioe
983 1250 1193 1315 nandsmminiz
1250 1250 1432 1320 ποθεινότατος
1444 1252 1490 1312 καλ
1502 1255 1668 1334 γλυκύτατος
1680 1258 1826 1336 ἀγαπητὸς
1838 1262 1897 1339 ἦρί

474 1351 610 1432 siquidem
622 1347 865 1411 desideratissimus
879 1360 908 1406 et
922 1343 1099 1406 suavissimus
1112 1341 1192 1404 salu-
1203 1385 1239 1424 m
1250 1366 1337 1418 στιος,
1363 1334 1392 1404 ed
1414 1335 1462 1403 οἶδ’
1484 1344 1526 1406 άτι
1546 1347 1614 1427 πρὸς
1632 1355 1717 1410 τοῦτο
1739 1354 1805 1429 ὑμῖν
1829 1353 1898 1414 δια

475 1445 555 1520 stius,
567 1441 645 1502 nobis
656 1440 782 1516 dilectus,
793 1438 828 1499 ad
844 1438 907 1515 boc,
921 1449 963 1496 sat
976 1434 1040 1514 scio,
1056 1433 1135 1497 robis
1144 1455 1193 1519 po·
1210 1439 1231 1488 A
1250 1434 1374 1506 ἠδύνατο.
1388 1433 1459 1495 Ἀλλ’
1472 1438 1545 1515 ὅμως
1555 1437 1615 1500 coel
1634 1438 1725 1510 οὕτως
1737 1446 1804 1520 ὑμῖν
1817 1444 1897 1523 εγω

474 1534 528 1594 tuit
550 1532 689 1595 inservire.
703 1535 899 1594 Verumtamen
919 1549 953 1588 ne
965 1526 1005 1587 sic
1019 1524 1132 1606 quidem
1145 1547 1195 1588 vos
1249 1525 1351 1609 σφόδρα
1366 1530 1470 1608 θαρρεῖν
1485 1532 1559 1606 ὑμῶν
1582 1529 1712 1610 περὶτῆς
1736 1533 1897 1612 epesi-‚154

473 1647 580 1703 accuso,
594 1624 667 1705 quod
686 1623 835 1684 admodum
857 1623 892 1683 de
910 1634 999 1683 vestra
1009 1618 1120 1679 caritate
1131 1639 1194 1680 con·
1249 1641 1300 1692 τοι,
1307 1616 1386 1690 ἡνίκα
1399 1617 1430 1676 ἂν
1446 1618 1505 1698 ἐξῇ,
1521 1625 1639 1701 συνεχῶς
1655 1624 1832 1684 ἐπιστέλλειν
1845 1628 1898 1686 σθσ

475 1717 567 1778 lidam.
590 1718 646 1776 Nos
662 1717 761 1795 itaque,
775 1714 878 1794 quoties
897 1712 1001 1787 licebit,
1013 1711 1048 1771 ad
1072 1731 1122 1772 vos
1138 1732 1195 1770 cre·
1249 1699 1307 1769 οἶδα
1321 1708 1373 1791 γάρ
1385 1713 1460 1790 ὑμῶν
1471 1711 1502 1771 τὸ
1512 1712 1621 1791 γνήσιον
1635 1713 1686 1774 καλ
1708 1717 1810 1796 θερμὸν
1824 1721 1873 1792 τῆς
1887 1719 1898 1778 l

473 1806 538 1866 bras
550 1807 641 1868 literas
656 1808 762 1867 mittere
774 1827 826 1866 uon
836 1804 1002 1881 desinemus,
1015 1801 1117 1885 quippe
1130 1802 1194 1882 qui-

473 1899 526 1958 bus
539 1899 678 1959 sinceritas
691 1913 718 1959 et
734 1896 816 1958 ardor
833 1895 1025 1959 benevolentia
1038 1907 1133 1956 restrae
1147 1914 1195 1955 co-

474 1991 566 2070 gnitus
576 1990 611 2050 sit
624 2004 650 2051 ct
665 1990 832 2072 exploratus.

697 2199 818 2261 CCXX.
835 2199 969 2260 Poeattt'e.
1533 2212 1586 2276 σοι’.
1604 2216 1747 2299 Παιανάφ.

506 2380 720 2463 Respiravimus,
740 2380 951 2454 exsultavimus,
965 2401 1019 2441 non
1038 2381 1097 2462 jam
1118 2394 1194 2441 exte·
1289 2391 1506 2473 eumque,
1530 2398 1746 2480 ὶσσσρσήσσμσν,
1773 2404 1899 2465 σζσσίῃσ

340 2462 352 2490 ⁰
415 2480 420 2491 '
473 2495 531 2535 ram
551 2487 599 2534 aut
618 2474 786 2554 peregrinam
800 2472 918 2554 amplius
928 2472 1065 2552 regionem
1077 2472 1193 2535 innolere
1247 2483 1307 2545 σθδλ
1322 2483 1398 2556 ξάνην
1417 2489 1497 2547 οἰκεῖν
1511 2490 1663 2568 ἡγούμεθα,
1677 2497 1729 2565 τῆς
1751 2501 1805 2570 σῆς
1829 2503 1898 2579 enan

472 2586 521 2627 uos
533 2565 709 2643 arbitramur,
721 2587 784 2629 cum
798 2563 835 2625 ad
854 2585 914 2624 eam
932 2564 1039 2648 urbem,
1055 2585 1116 2645 (νινε
1136 2578 1192 2626 tam
1247 2576 1313 2658 πρὸς
1336 2575 1385 2649 τὴν
1411 2584 1520 2639 τοιαῦτα
1541 2581 1705 2662 πάσχουσαν
1728 2590 1899 2653 maeste

472 2657 558 2719 multa
580 2678 706 2739 perpessa
719 2670 770 2735 est,
784 2668 831 2716 tua
848 2653 1004 2715 sublimitas
1017 2655 1053 2716 sit
1073 2676 1191 2719 merea.
1248 2669 1325 2728 Πσιεῑ
1339 2667 1443 2746 δὲὴμῑν
1457 2669 1650 2747 τλντσσαάπην
1664 2677 1782 2759 ἡδονὴν,
1793 2685 1825 2741 σά
1836 2682 1868 2744 τά
1878 2706 1899 2745 α

472 2747 531 2807 llac
545 2761 636 2809 autem
656 2745 758 2807 idcirco
770 2766 819 2806 nos
834 2745 976 2827 voluptate
988 2745 1189 2828 perfundimur,
1210 2765 1228 2812 B
1247 2758 1458 2821 ἀπολελαυκέναι
1470 2765 1567 2840 τιμῆς·
1581 2769 1598 2836 ἡ
1611 2765 1667 2847 γὰρ
1679 2767 1715 2840 σὴ
1737 2771 1810 2850 τιμὴ
1830 2776 1899 2855 τῆσγ

470 2859 524 2899 uon
535 2838 608 2918 qnod
618 2838 737 2918 dignitas
750 2837 800 2903 [ἢεί
816 2839 903 2919 major
916 2837 1043 2918 obtigerit
1054 2861 1061 2896 ι
1072 2837 1192 2920 dignitas
1246 2849 1319 2909 άστιν
1329 2853 1347 2921 ἡ
1359 2850 1456 2931 άριπλ,
1469 2852 1516 2913 καλ
1528 2853 1589 2914 else
1598 2855 1760 2939 άμπρσαθάν
1774 2864 1809 2923 σά
1818 2866 1899 2932 cred

470 2929 543 2991 enim
557 2941 604 2988 tua
618 2928 707 2991 virtut
720 2942 760 2991 est
772 2928 868 2990 anima
879 2941 944 3006 tuae,
956 2949 1006 2990 nec
1019 2928 1093 2990 ullos
1103 2933 1192 3011 ipsam
1246 2939 1464 3022 λάσθαιῐσχυσεν,
1475 2944 1535 3007 σάτα
1544 2952 1589 3006 νῦν
1596 2949 1790 3014 ἀποδέδωκεν·
1803 2953 1899 3037 (πῦςγά

470 3021 522 3080 tibi
535 3035 612 3082 antea
625 3020 715 3101 potuit
732 3021 846 3095 auferre,
859 3040 946 3098 neque
963 3041 1037 3081 nunc
1050 3019 1191 3083 reddidit:
1247 3036 1624 3118 σσσσρσνσῑσσνγ)σσσρσῶμσσ
1638 3041 1669 3102 δὲ
1681 3044 1724 3103 ὅσ,
1740 3047 1858 3126 3„th
1867 3069 1899 3107 ῃ

470 3120 548 3189 (quo
561 3109 634 3170 enim
651 3123 739 3191 pacto,
750 3131 814 3170 cum
833 3111 923 3171 ablata
937 3111 1049 3172 minime
1062 3112 1165 3174 luerit?
1182 3114 1192 3192 )
1246 3132 1300 3192 ςσῑσ
1314 3126 1512 3204 sumptim,
1521 3136 1578 3196 τοῖς
1587 3135 1810 3213 σφατάσμάνσις,
1822 3138 1899 3209 mig!

470 3201 516 3261 sed
530 3199 631 3263 idcirco
646 3202 825 3275 exsultamus,
839 3199 914 3281 quod
931 3222 1056 3281 magnam
1070 3206 1190 3266 consola·
1246 3220 1283 3285 εἰς
1296 3215 1344 3290 τὴν
1358 3217 1436 3279 πάλιν
1447 3220 1549 3292 ἐκείνην
1564 3225 1762 3303 εἰσελήλυθας,
1776 3230 1899 3311 norwich

471 3292 552 3353 tionis
568 3292 735 3352 occasionem
752 3291 874 3355 attulerit
884 3306 948 3352 tuus
961 3293 989 3353 in
1004 3293 1099 3356 urbem
1113 3296 1191 3361 illam
1246 3308 1326 3387 λιμὴν
1343 3309 1481 3389 εὐρύτατος
1492 3312 1591 3373 τούτων
1606 3317 1740 3379 ἁπάντων
1753 3324 1896 3402 γενόμενος

469 3385 572 3444 reditus
585 3385 675 3464 iisqui
687 3386 870 3462 velabantur,
882 3385 1080 3463 mactabantur,
1091 3385 1119 3448 ln
1131 3390 1190 3449 Vin·
1246 3391 1321 3460 οἶσθα
1338 3401 1484 3480 κερδαίνειν
1499 3404 1515 3462 ἃ
1529 3406 1682 3484 κερδαίνειν
1703 3413 1774 3492 χρή,
1789 3414 1899 3496 Γρᾶρεά

469 3478 530 3539 cula
539 3477 761 3559 conjiciebamus,
770 3498 833 3538 eum
845 3477 996 3541 communis
1005 3478 1116 3541 illorum
1126 3503 1189 3563 pro·
1244 3497 1297 3552 τῶν
1312 3494 1526 3574 κατορθωμάτων
1543 3519 1590 3557 σου
1608 3500 1642 3559 τὸ
1657 3502 1789 3582 μέγεθος,
1801 3507 1846 3566 καὶ
1862 3504 1899 3586 λά]

469 3584 553 3629 tector
569 3570 614 3647 sis,
627 3584 653 3630 et
672 3569 707 3629 ad
728 3583 754 3629 tc
772 3591 864 3629 omnes
885 3570 927 3629 itti
950 3584 1088 3649 tamquam
1100 3573 1136 3632 ad
1149 3574 1188 3633 la·
1244 3583 1341 3651 πόσους
1355 3585 1491 3662 κειμένους
1513 3587 1678 3666 ἀνέστησας,
1698 3594 1802 3665 πόσους
1822 3619 1900 3656 arm

468 3663 603 3722 tissimum
625 3676 735 3742 portum
755 3662 921 3741 confugiant.
940 3662 998 3721 Scis
1010 3663 1111 3745 quippe
1126 3665 1189 3725 inde
1244 3698 1291 3742 τας
1311 3675 1471 3756 decipiare<
1478 3722 1487 3752 ,
1507 3679 1580 3748 τίνας
1598 3687 1800 3765 σαλευομένους
1814 3688 1900 3769 deripi

466 3753 573 3812 lucrum
595 3753 748 3834 decerpere,
767 3751 839 3813 unde
860 3752 966 3813 lucrum
989 3753 1186 3835 decerpendum
1242 3769 1420 3837 πεπονηκάσιν
1443 3773 1470 3830 ἰν
1489 3775 1528 3852 τῷ
1551 3780 1650 3857 μακρῷ
1664 3778 1756 3860 eoiret
1779 3781 1900 3862 χράνιρκι

467 3858 516 3902 est.
531 3845 576 3901 Tu
587 3864 651 3903 vero
663 3843 789 3924 deinceps
803 3843 838 3904 de
852 3858 960 3903 tuorum
975 3859 1046 3903 recte
1055 3847 1187 3908 [aetorum
1204 3863 1223 3912 C
1242 3857 1315 3927 τίνας
1332 3864 1513 3940 ῥαθυμῶντας
1526 3867 1686 3936 σπουδαίους
1697 3872 1843 3947 ἐποίησας,
1853 3871 1900 3932 sin

466 3933 655 4012 magnitudine
665 3935 763 4011 scribe,
778 3955 810 3995 ac
823 3936 963 3996 manifeste
974 3936 1109 4016 significa,
1120 3953 1186 4018 quot
1243 3950 1331 4018 δσίσσς
1358 3952 1435 4020 ὄντας
1456 3956 1679 4040 mentorem
1708 3966 1843 4044 εἰργάσω,
1862 3963 1900 4025 ul

463 4025 582 4105 jacentes
597 4024 769 4104 excitaveris,
785 4041 852 4105 quot
868 4026 958 4108 lapsos
976 4028 1104 4109 erexeris,
1119 4052 1187 4111 quos
1243 4044 1334 4112 ἁπλῶς
1347 4047 1405 4103 καθ’
1423 4043 1534 4107 ἕκαστον
1548 4048 1583 4109 τά
1596 4050 1644 4111 lael
1655 4057 1705 4124 τῆς
1717 4055 1900 4137 πσρατάξιάςι

465 4117 626 4177 fluctuantes
644 4116 805 4192 firmaveris,
819 4120 920 4199 qttibus
937 4120 1042 4182 tamdiu
1056 4122 1187 4185 laboran-
1242 4159 1292 4207 ιης
1315 4137 1550 4216 άνδραγαθήματα.
1565 4132 1638 4203 Οἶδα
1661 4144 1712 4223 plo
1733 4149 1788 4228 γάρ
1799 4155 1877 4209 ταῦτα
1892 4170 1900 4207 t

466 4209 540 4269 tibus
554 4208 677 4269 subsidio
694 4208 787 4288 lucris,
804 4225 870 4289 quot
885 4213 1020 4292 segniores
1034 4215 1130 4294 factos,
1144 4216 1186 4278 di·
1242 4230 1294 4286 τῶν
1306 4229 1470 4308 γραμμάτων
1488 4234 1540 4290 τῶν
1555 4238 1622 4308 σῶν,
1637 4239 1732 4312 ἐπειδὴ
1744 4241 1792 4300 καὶ
1802 4240 1847 4313 τὴν
1857 4244 1900 4321 θη

464 4300 577 4380 ligeules
602 4300 761 4378 reddideris
783 4325 850 4382 quos
870 4303 1014 4382 diligentes
1034 4322 1122 4385 antea,
1142 4308 1185 4368 di·
1242 4317 1290 4391 τὴν
1312 4317 1380 4392 elo,
1399 4319 1443 4379 τὸν
1469 4332 1587 4400 γενναῖον
1613 4330 1756 4406 ἀθλητὴν,
1781 4333 1825 4393 καλ
1846 4332 1885 4392 obt

464 4390 620 4470 ligentiores
633 4391 752 4451 effeceris
767 4415 773 4447 ι
787 4391 876 4451 omnia
892 4391 1008 4472 denique
1023 4409 1070 4456 tua
1090 4395 1118 4457 in
1135 4397 1185 4456 bac
1242 4410 1303 4470 σσὸσ
1327 4411 1452 4491 ἀριστέα·
1465 4415 1523 4473 ἀλλ’
1540 4408 1585 4477 οὖν
1607 4422 1742 4503 βσύλσμσσ
1759 4425 1803 4485 „t
1813 4423 1901 4505 πρὶν

464 4480 522 4539 acie
540 4481 668 4562 praeclara
688 4481 805 4541 facinora
828 4482 967 4565 sigillatim
983 4507 1098 4568 expone.
1114 4490 1184 4549 Nam
1241 4501 1392 4575 θεινστάτης
1412 4527 1458 4580 μοι
1480 4505 1603 4584 γλώττης
1618 4518 1706 4573 ταῦτα
1730 4518 1900 4594 perlinam&

464 4569 523 4629 baec
535 4585 632 4630 cuncta
647 4571 701 4631 scio
715 4573 794 4654 prius
808 4573 901 4652 etiam,
919 4596 1001 4654 quam
1016 4577 1107 4640 literas
1123 4595 1185 4640 tuas
1240 4600 1306 4672 ἡμῖν
1319 4593 1419 4667 ταύτην
1440 4597 1489 4668 τὴν
1513 4600 1635 4676 αἴτησιν·
1651 4598 1729 4669 οἶσθα
1748 4609 1798 4691 γάρ
1817 4608 1898 4682 ἡλίκην

463 4660 605 4741 accipiam,
619 4674 712 4741 utpote
734 4662 784 4741 qui
802 4665 925 4725 animum
949 4681 1027 4731 tuum
1048 4672 1182 4750 noverim,
1241 4686 1330 4768 χάριν,
1346 4693 1424 4750 σσῦσσ
1436 4696 1530 4751 mres,

463 4772 620 4830 generosum
643 4753 773 4814 athletam
788 4778 820 4816 ac
834 4758 986 4819 mirabilem
1000 4762 1160 4824 bellatorem
1176 4790 1182 4822 ι

463 4843 511 4903 sed
527 4865 541 4902 a
557 4843 695 4905 carissima
720 4858 809 4906 tamen
830 4851 907 4911 nobis
921 4851 1014 4932 lingua
1029 4867 1074 4913 tua
1089 4871 1185 4916 cuncta

462 4936 545 4996 velim
560 4936 686 5020 ediscere.
702 4937 772 4999 Huic
787 4938 870 5021 igitur
886 4958 983 5005 nostrae
999 4945 1123 5028 petitioni
1137 4969 1185 5008 au-

462 5048 524 5105 uue,
537 5050 599 5089 cum
618 5030 762 5113 intelligas,
776 5047 876 5113 quanto
898 5057 945 5098 nos
965 5038 1029 5119 tibi,
1043 5037 1111 5102 dum
1129 5040 1181 5101 boc

424 5122 427 5129 “
461 5138 532 5197 ages,
546 5119 583 5179 sis
592 5121 722 5182 beneficio
733 5123 922 5190 devincturus.

495 5252 507 5289 l·
525 5251 625 5307 Fabrtc.
637 5267 849 5328 γραμματηφόρων.
