3810 6000
522 728 574 836 Hi
588 773 887 835 ASCENSIONEM
1082 773 1101 822 G
1309 770 1372 830 ΕΙΣ
1393 770 1472 829 ΤΗΝ
1494 767 1709 830 Auamma

391 964 514 1022 Domini
529 963 622 1020 nostri
637 960 708 1019 lesu
723 959 841 1019 Christi.
855 958 954 1018 Sermo
974 959 1026 1016 IV.
1186 959 1242 1018 Τοῦ
1256 959 1355 1041 Κυρίου
1364 965 1441 1040 ἡμῶν
1453 961 1544 1036 Ἰησοῦ
1555 962 1689 1042 Χριστοῦ.
1701 962 1786 1042 Λόγος
1794 961 1823 1023 δ’.

391 1156 465 1214 Lata
479 1151 584 1232 φυεενίε
594 1149 745 1211 oecunomiae
760 1149 862 1228 Christi
870 1148 1014 1227 festivitas,
1025 1161 1066 1209 ut·
1160 1142 1268 1223 Φαιδρδ
1282 1142 1331 1222 μὲν
1346 1152 1420 1204 πᾶσα
1437 1144 1516 1227 ἑορτδ
1537 1149 1588 1218 τῆς
1602 1151 1653 1206 τοῦ
1672 1145 1789 1225 Χριστοῦ
1800 1148 1885 1205 σίτοιο

350 1246 412 1372 pote
423 1254 482 1312 qua
493 1231 617 1291 fidelium
629 1229 711 1290 corda
727 1228 948 1289 exhilaretzlaeta
961 1248 1067 1307 quoque
1121 1219 1200 1299 μίας,
1220 1224 1267 1282 καί
1288 1222 1465 1304 φαιδρύνουσα
1492 1229 1548 1284 τῶν
1575 1229 1685 1284 πιστῶν
1708 1224 1757 1291 τὰς
1778 1227 1884 1302 καρδίαι·

371 1313 481 1372 odierna
490 1311 702 1387 celebritas30ur
714 1329 777 1369 vero
787 1310 850 1368 lata
859 1309 904 1385 sit,
916 1309 944 1367 in
951 1329 1066 1387 sequen·
1120 1302 1218 1439 percipi
1233 1302 1260 1362 δὲ
1274 1304 1381 1375 καὶτῆς
1403 1303 1583 1383 προκειμένης
1607 1308 1708 1383 ἑορτῆς
1731 1309 1750 1376 ἡ
1768 1304 1884 1370 tatae·

203 1407 339 1451 Gratata.
350 1390 426 1452 tibus
453 1390 630 1450 ostendemus.
653 1390 685 1447 ln
707 1410 754 1448 sex
775 1389 865 1467 itaque
885 1387 983 1447 diebus
1004 1387 1067 1446 secit
1138 1378 1165 1439 tlt
1178 1380 1205 1439 τί
1221 1381 1249 1440 δὲ
1283 1383 1326 1441 ανδ
1344 1381 1418 1454 Mt
1435 1382 1621 1456 witmll‘lis
1674 1381 1886 1461 ⁰0⁰⁰&th

351 1474 426 1532 Deus
440 1484 534 1530 cuncta
555 1490 635 1550 opera
655 1489 715 1540 sua,
734 1467 945 1548 sieutscriptum
956 1481 1006 1544 est,
1022 1466 1068 1526 die
1121 1405 1563 1542 &siloam-’iltiiwlvvtistt'poets
1639 1461 1888 1536 ησενθθιδςπίνῐε

350 1565 441 1611 autem
454 1570 482 1609 se
501 1548 567 1608 timo
597 1547 691 1607 uievitss
709 1546 1068 1607 ldcircoetiamnovissimis
1121 1535 1155 1597 td
1169 1539 1234 1619 ἔργα
1248 1541 1341 1616 αὐτοῦ,
1354 1539 1442 1609 καθὼς
1460 1541 1631 1643 γέγραπται,
1648 1547 1686 1622 τῇ
1708 1541 1888 1619 illidimu-

350 1628 449 1689 diebus
461 1571 565 1710 plicuit
577 1571 671 1688 divino
680 1625 732 1686 Dei
745 1626 838 1688 Verbo
850 1647 968 1704 σιιατετε
974 1639 1000 1685 et
1014 1626 1068 1684 sal·
1121 1616 1246 1679 τίπαυσε.
1260 1619 1309 1679 Διὸ
1322 1620 1368 1679 καί
1380 1621 1422 1678 ἔπ’
1437 1623 1554 1700 ἔσχατον
1566 1626 1621 1681 τῶν
1642 1624 1756 1702 ἡμερῶν
1767 1621 1890 1690 εὗδοτόοεε

350 1730 416 1768 νοτε
428 1707 503 1787 quod
519 1707 644 1787 perierat,
658 1726 790 1782 carneque
803 1706 922 1777 humana
936 1717 1066 1778 assumta,
1122 1703 1137 1758 ὁ
1150 1706 1200 1759 τοῦ
1215 1700 1285 1759 Θεοῦ
1297 1698 1382 1778 Λόγος
1401 1702 1514 1771 ζητῆσαί
1529 1699 1578 1759 καί
1599 1704 1694 1760 σῶσαι
1712 1701 1744 1760 τὸ
1759 1699 1890 1772 incivili,

350 1786 477 1847 eumdem
500 1786 577 1844 nobis
602 1783 724 1857 modum,
751 1783 898 1842 seeundum
925 1805 1068 1843 numerum
1123 1778 1167 1837 καλ
1182 1778 1455 1858 ἑνανθρωτιιίσας,τ“ον
1470 1779 1551 1839 αὐτδν
1572 1779 1680 1861 τρόπον
1702 1779 1773 1840 κατὰ
1790 1779 1830 1838 τὸν
1846 1783 1891 1859 tp·

350 1864 457 1926 dierum
472 1863 612 1924 creationis
622 1862 728 1941 mundi,
739 1862 767 1921 in
777 1863 929 1922 celebritate
939 1864 1068 1922 festorum
1123 1855 1188 1934 θρδν
1210 1861 1263 1916 τῶν
1285 1862 1391 1993 ἡμερῶν
1406 1862 1453 1929 τῆς
1473 1859 1677 1935 mmmdcc,
1692 1859 1748 1926 alt<
1761 1858 1845 1938 ἔορτθε
1855 1861 1891 1928 τῆς

352 1965 406 2004 sua
420 1944 573 2004 oeconomia
584 1941 719 2002 exhihuit.
737 1941 828 2002 Prima
842 1943 926 2021 igitur
938 1942 1019 2002 radix
1030 1944 1068 2001 fe·
1123 1939 1217 1996 ἑαυτοῦ
1231 1939 1338 2014 οἰκονομ
1350 1960 1380 2002 αι
1392 1941 1456 2014 ἡμῖν
1471 1935 1630 2017 παρέδωκε.
1650 1939 1756 2018 Πρώτη
1769 1938 1847 1997 τοίνυν
1857 1936 1892 1995 ul

351 2038 454 2084 storum
465 2022 567 2082 Christi
589 2035 627 2081 est
646 2022 703 2101 ejus
719 2021 836 2081 incarne
849 2035 910 2103 post
919 2022 1068 2101 conceptio-
1124 2023 1183 2104 ρίζα
1194 2029 1246 2083 τῶν
1261 2028 1358 2104 ἑορτῶν
1370 2025 1500 2122 Χριστοῦ,
1513 2029 1533 2096 ἡ
1546 2024 1621 2085 κατδι
1631 2026 1670 2086 σοί
1688 2051 1725 2086 κα
1737 2030 1768 2086 ἑκ
1778 2030 1823 2096 τῆς
1832 2024 1893 2104 ἁγίας

352 2125 414 2176 nem
428 2101 586 2162 admiranda
595 2113 727 2160 essancta
739 2101 845 2180 virgine
854 2102 971 2183 Deipara
979 2102 1068 2162 Maria
1122 2103 1250 2183 παρθένου
1266 2105 1311 2163 καί
1334 2109 1455 2164 θεοτοκου
1478 2103 1591 2184 Μαρίας
1611 2049 1689 2182 psci
1708 2105 1760 2178 τὴν
1783 2104 1892 2184 cilinio

352 2181 497 2256 Nativitas,
525 2203 579 2260 qua
593 2179 717 2239 Christus
731 2183 806 2239 Deus
826 2180 958 2240 inclinans
978 2182 1066 2257 caelos,
1121 2205 1160 2242 πα
1179 2181 1268 2250 ἀδοξος
1280 2183 1414 2262 γέννησις,
1429 2184 1456 2240 ἑν
1470 2173 1672 2282 ᾖπαρεγὲνετο
1688 2185 1804 2266 Χριστὸς
1815 2189 1828 2242 δ
1839 2183 1892 2248 Θεὸς

351 2262 381 2320 in
395 2275 493 2321 terram
502 2261 539 2325 ad
553 2281 602 2320 nos
613 2260 698 2337 venit,
709 2273 740 2319 ut
753 2259 886 2320 mundum
918 2251 943 2320 e“
967 2260 1068 2320 iditum
1084 2288 1104 2335 γ)
1122 2205 1213 2329 κλίνας
1226 2261 1363 2344 οὐρανοδς,
1376 2261 1448 2326 ὅπως
1460 2259 1655 2342 σώσηκοσμον
1673 2263 1890 2341 ἀπολλύμενα

351 2340 492 2417 liberaret;
507 2340 554 2400 ubi
567 2339 655 2418 angeli
670 2339 823 2419 pastoribus
833 2339 896 2411 uisi,
909 2281 1070 2399 adriiirabile
1122 2331 1261 2420 ᾖάγγελαι
1274 2349 1328 2409 τοῖς
1342 2340 1464 2418 ποιμέσιν
1482 2340 1626 2421 ὀφθέντες,
1648 2343 1682 2402 τὸ
1703 2368 1744 2403 πα
1770 2341 1889 2411 'sauzet

324 2491 328 2497 1
354 2419 478 2481 miraculi
498 2420 657 2500 mysterium
717 2419 879 2493 resedentes,
899 2419 1067 2478 clamabant:
1124 2418 1257 2498 θαύματος
1271 2418 1439 2502 γνωρίζοντες
1451 2419 1546 2494 tideus,
1559 2420 1636 2490 Δόξα
1655 2427 1684 2483 ἐν
1698 2425 1815 2502 ῦίτστοις
1827 2423 1889 2500 θεῷ,

202 2512 258 2556 Luc.
270 2522 292 2556 α.
305 2510 341 2570 ιη.
356 2501 459 2560 Gloria
474 2503 506 2557 in
528 2500 650 2558 excelsis
663 2439 737 2574 liic,
751 2511 780 2557 et
794 2501 826 2556 iri
847 2512 926 2557 terro
939 2519 1021 2577 par:
1037 2502 1069 2556 in
1122 2499 1169 2558 καί
1182 2500 1225 2559 ἐπὶ
1242 2503 1292 2581 γῆς
1313 2500 1419 2579 εἰρήνη,
1439 2501 1466 2557 ἐν
1489 2498 1648 2579 ἀνθρώποις
1671 2501 1789 2561 εὐδοκία.
1802 2501 1845 2560 Διὸ
1854 2498 1888 2558 iul

354 2581 521 2639 hominibus
535 2578 755 2657 beneplacitum.
773 2576 853 2636 Unde
866 2590 892 2636 et
903 2577 998 2636 merito
1031 2577 1069 2637 ri·
1124 2577 1231 2646 δικαίως
1256 2577 1351 2659 πρώτη
1375 2578 1453 2657 ἑορτλ
1482 2580 1718 2660 προσηγόρευται.
1741 2576 1889 2659 Δευτίραδὲ

354 2679 397 2717 τινα
407 2657 537 2717 festivitas
549 2679 564 2715 a
585 2655 710 2736 pellatur.
727 2656 850 2716 Secunda
863 2600 1070 2717 autemeelelri-
1124 2657 1217 2738 ἑορτλ,
1231 2663 1249 2731 ἡ
1264 2659 1403 2738 ἐπιφάνεια
1416 2659 1534 2736 Χριστοῦ
1549 2667 1598 2722 τοῦ
1615 2662 1693 2720 Θεοῦ
1707 2665 1795 2737 ἡμῶν,
1804 2657 1888 2727 καθ’ἥν

354 2751 395 2797 tas
405 2752 445 2797 cst
458 2735 559 2795 Christi
566 2679 620 2794 liei
634 2735 717 2794 nostri
726 2735 881 2816 Epiphania
894 2736 952 2795 sive
962 2736 1070 2817 appari·
1124 2739 1151 2797 ἐν
1164 2742 1203 2820 τῷ
1214 2738 1334 2818 Ἰορδάνῃ
1351 2735 1561 2819 παραγινόμενος
1572 2737 1661 2807 ἔδειξε
1672 2749 1757 2798 πᾶσιν
1769 2736 1890 2819 ἀνθρώποις

354 2813 1071 2906 tio,quandoinlordanemveniens,cunctishomini·
1122 2820 1171 2888 τῆς
1188 2817 1290 2898 ἀρότου
1309 2821 1387 2876 αὐτοῦ
1401 2815 1601 2896 εὐσπλαγχνίας
1663 2846 1679 2876 ν
1700 2816 1890 2897 συγκατάθεσιν·

354 2895 406 2955 bus
420 2893 566 2954 ineffabilis
580 2892 1070 2974 misericordiaeindulgentiamosten·
1125 2898 1152 2955 ίν
1168 2888 1246 2967 ixei
1261 2895 1334 2976 φωνὴ
1347 2893 1501 2975 ’Πατρδςὲξ
1515 2897 1635 2977 οὐρανοῦ
1670 2900 1892 2977 λθε,μαρτνρα3ετ

356 2972 409 3050 dit,
425 2973 534 3053 quando
548 2986 577 3032 et·
590 2972 678 3032 Patris
691 2994 746 3033 vox
762 2973 852 3032 ecaelo
866 2973 959 3033 audita
973 2988 1022 3046 est,
1036 2973 1072 3034 de
1125 2960 1188 3054 περλ
1202 2977 1296 3047 αὐτοῦ,
1311 2965 1396 3042 Οὗτός
1413 2977 1484 3035 ἐστιν
1499 2976 1594 3042 δΥίός
1611 3002 1668 3055 μου
1685 2978 1834 3056 ἀγαπητὸς,
1845 2965 1892 3053 lli

206 3074 291 3120 traria.
305 3073 329 3122 3.
356 3054 416 3134 ipso
424 3052 582 3112 testificans:
592 3055 650 3110 Hic
659 3054 805 3110 cstFilius
813 3073 892 3111 meus
900 3054 1072 3127 dilectus,in
1126 3054 1272 3127 ηῦδόκησα.
1286 3054 1367 3120 Ἀλλὰ
1380 3054 1425 3113 καλ
1440 3053 1470 3113 τὸ
1483 3053 1602 3133 Πνεῦμα
1625 3061 1655 3117 ἔν
1674 3056 1743 3116 είδει
1760 3062 1892 3136 περιστερίε

207 3147 244 3198 ¹7·
358 3133 502 3213 quomilri
525 3133 596 3188 benc
615 3131 788 3209 complacui.
814 3131 888 3205 Quin
906 3145 932 3190 et
952 3132 1072 3212 Spiritus
1127 3133 1200 3195 ἑλθδν
1221 3134 1323 3213 ἔμεινεν
1344 3135 1387 3194 ἐπ’
1402 3133 1489 3204 αὑτὸν,
1509 3137 1559 3204 τῆς
1574 3136 1728 3212 δμοουσίου
1742 3135 1850 3215 Τριόδος
1859 3134 1892 3202 δη·

357 3224 465 3271 sanctus
484 3209 512 3268 iu
524 3208 612 3289 specie
625 3208 756 3267 columba
770 3231 900 3291 apparens
914 3212 1012 3270 mansit
1027 3234 1072 3271 su-
1126 3213 1195 3287 λαδὴ
1214 3213 1384 3293 ἐπιφανείσης
1398 3216 1425 3272 ἐν
1440 3221 1489 3291 μιᾷ
1512 3220 1612 3292 καιροῦ
1632 3219 1706 3294 ῥοπῇ
1717 3238 1725 3251 ·
1738 3207 1772 3285 ἧς
1785 3212 1892 3281 αὐτόπτας

357 3312 406 3371 ρει·
420 3311 492 3364 eum,
503 3302 558 3347 tota
570 3288 670 3347 scilicet
683 3287 763 3346 simul
782 3290 999 3356 consubstantiali
1009 3291 1073 3351 Tri·
1127 3291 1198 3361 ἀξιος
1211 3299 1224 3354 ὁ
1238 3299 1282 3353 τοῦ
1298 3293 1394 3374 Κυρίου
1408 3291 1557 3373 πρόδρομος
1568 3293 1682 3370 γέγονεν
1699 3295 1832 3365 Ἰωάννης.
1842 3290 1892 3370 Περὶ

358 3370 441 3429 nitate
455 3390 483 3428 se
498 3368 684 3428 manifestante
695 3368 809 3430 inunico
823 3383 957 3428 momento
971 3383 1073 3451 tempo·
1127 3364 1159 3443 ἧς
1171 3371 1323 3454 ἐπιφανείας
1341 3372 1386 3431 καί
1407 3377 1421 3431 δ
1443 3370 1573 3452 μακάριος
1598 3375 1716 3440 Παῦλος
1737 3378 1752 3432 θ
1775 3374 1892 3434 ἀπόστολος

358 3449 504 3530 riszcujus
519 3447 618 3528 dignus
646 3461 777 3528 spectator
802 3449 912 3507 Domini
927 3471 1075 3529 praecursor
1127 3452 1229 3532 ἔλεγεν·
1254 3451 1391 3531 Ἐπεφάνη
1415 3455 1432 3521 ἡ
1478 3448 1537 3557 οίρις
1562 3457 1613 3509 τοῦ
1643 3456 1719 3514 Θεοῦ
1748 3457 1767 3524 ἡ
1790 3453 1893 3529 maipa<

358 3532 473 3590 Juanncs
483 3529 567 3586 sactus
579 3541 627 3585 cst.
641 3528 681 3586 Dc
693 3549 745 3604 qua
756 3527 919 3618 Epiphania,
930 3551 975 3588 seu
991 3552 1074 3610 appa·
1128 3541 1210 3591 πᾶσιν
1224 3529 1379 3612 ἀνθρώποις.
1392 3475 1526 3589 'Emicuit
1539 3531 1657 3590 πάντων
1668 3532 1815 3612 ἀνθρώπιον
1828 3554 1891 3598 σοαπ·

210 3622 257 3665 Τα.
272 3632 295 3665 α.
312 3607 558 3680 rr.riti0ne‚etiam
574 3607 667 3665 heatus
679 3607 779 3666 Paulus
788 3607 1074 3689 dicebat:Apparuit
1131 3609 1173 3692 ρία
1193 3611 1318 3692 πέφυκεν,
1340 3608 1417 3677 ἀξίως
1437 3608 1482 3667 καὶ
1498 3609 1579 3688 ἑορτδΙ
1602 3612 1726 3692 μεγίστη
1745 3611 1893 3671 ῦπὸτῶνεῦ

358 3692 456 3767 gratia
471 3688 1075 3746 DeiSnlvatorisnostriomnibusleomini-
1128 3690 1213 3749 σεῦῶν
1235 3689 1399 3766 ὀνομάζεται.
1420 3688 1507 3769 Τρίτη
1533 3693 1589 3747 τῶν
1612 3694 1719 3771 ἑορτῶν
1742 3697 1761 3764 ἡ
1788 3692 1844 3771 ipis
1862 3686 1893 3745 ul

360 3770 421 3826 irus.
447 3765 675 3844 Quandoquidem
700 3787 765 3844 ergo
788 3768 909 3825 omnium
932 3767 1075 3826 hominum
1128 3769 1297 3850 προσκυνητλ
1308 3767 1354 3828 καλ
1367 3769 1516 3836 ποὶνσεπτος
1530 3775 1577 3828 τοῦ
1593 3771 1736 3851 σωτηρίου
1748 3770 1894 3844 πόθονςλρι

359 3845 423 3904 hinc
432 3859 490 3905 orta
506 3859 544 3903 est
556 3845 639 3918 salus,
659 3846 753 3903 merito
764 3847 882 3904 maxima
896 3868 911 3903 a
936 3847 987 3926 piis
1001 3847 1074 3907 sesti-
1129 3855 1191 3908 στοῦ
1204 3853 1250 3908 τοῦ
1264 3852 1387 3920 ἀληθινοῦ
1398 3851 1474 3924 ἡμῶν
1488 3852 1561 3907 Θεοῦ
1571 3849 1686 3930 ἡμέρα,
1698 3856 1727 3912 ἐν
1743 3843 1798 3922 {a
1812 3848 1894 3943 sempr}

358 3925 427 3985 vitas
447 3924 642 3982 denominatur.
673 3925 764 3983 Tertia
788 3925 931 3985 solennitas
947 3927 1074 3985 festorum
1084 3928 1208 4008 metipsi
1224 3927 1461 4009 προσηλωθεὶς,τὸ
1475 3930 1534 3986 καθ’
1546 3932 1630 4005 ἡμῶν
1643 3935 1695 4001 τῆς
1716 3918 1843 4010 ἁασρτίας
1854 3926 1893 3994 ia}-

359 4018 409 4079 est,
422 4003 559 4062 adoranda
572 4003 715 4080 modisque
727 4004 852 4064 omnibus
863 4005 1015 4065 ueneranda
1028 4028 1074 4065 sa-
1093 4021 1114 4066 Α
1129 4010 1203 4088 λειψε
1217 4016 1416 4105 γραμματεῖον·
1434 4010 1461 4066 ἑν
1474 3998 1492 4081 ἦ
1504 4005 1551 4066 καὶ
1570 4008 1621 4066 τὸν
1645 4010 1692 4070 διδ
1712 3991 1763 4082 τοῦς
1783 4010 1895 4088 παραινῶ

358 4083 454 4142 lutaris
476 4082 611 4141 Passionis
625 4083 727 4142 Christi
744 4087 800 4142 veri
823 4085 874 4143 Dei
888 4084 955 4159 dies,
971 4085 999 4144 in
1008 4104 1088 4164 (γοα,
1130 4087 1293 4160 ἑκῦληθεντα
1304 4095 1351 4146 τοῦ
1363 4084 1524 4166 παραδείσου
1534 4085 1627 4165 Ἀδὰμ
1639 4089 1686 4148 διὰ
1702 4100 1768 4168 μιᾶς
1787 4091 1864 4169 φωνῆς
1876 4085 1896 4141 ἓν

359 4163 432 4222 cruci
441 4184 520 4222 carne
531 4162 641 4235 affixus,
651 4161 862 4242 chirographum
880 4165 990 4244 peccati,
1003 4165 1076 4244 quod
1130 4168 1201 4247 αὐτῷ
1216 4166 1349 4246 εἰσήγαγε.
1366 4165 1488 4242 Φησίγδ
1526 4169 1565 4244 τῷ
1584 4168 1697 4241 ληστῆ,
1721 4168 1840 4249 Σήμερον
1851 4166 1894 4242 μετ’

360 4257 451 4302 contra
469 4263 517 4302 nus
531 4256 598 4317 erat,
613 4241 727 4318 delevit3
739 4242 766 4300 in
782 4264 833 4321 qua
845 4245 926 4302 etiarn
939 4243 1076 4303 Adamum
1130 4248 1194 4324 ipsi]
1212 4244 1260 4325 ἔσῃ
1281 4249 1308 4305 ἐν
1323 4249 1362 4325 τῷ
1382 4189 1547 4326 παραδείσῳ.
1560 4232 1651 4306 Ὅθεν
1667 4234 1725 4307 ’καὶ
1742 4228 1824 4318 τάιίτη
1837 4241 1896 4324 ἔαρι-ί,

359 4344 408 4402 per
434 4321 642 4381 inobedientiam
659 4343 673 4380 e
690 4321 814 4402 paradiso
837 4324 991 4404 expulsum,
1019 4324 1075 4382 sola
1131 4325 1243 4404 μεγίστη
1253 4324 1413 4398 καθέστηκε,
1424 4325 1468 4382 καί
1476 4325 1616 4402 μάλιστα·
1631 4329 1745 4393 Παῦλος
1757 4313 1896 4409 γδρέἶρταε,

361 4423 425 4461 νοτε
439 4403 466 4461 in
476 4401 556 4459 illurn
568 4402 730 4460 introduxit.
749 4401 793 4459 llit
803 4403 917 4462 enimad
925 4403 1071 4462 latronem:
1131 4406 1172 4465 Τδ
1187 4405 1280 4485 πάσχα
1293 4409 1369 4482 ἡμῶν
1384 4402 1450 4482 ὑπὲρ
1465 4408 1544 4480 ἡμῶν
1555 4403 1641 4478 ἐτύθη
1657 4407 1786 4488 Χριστός.
1796 4404 1895 4483 Τετάρτς

207 4479 644 4544 Πιε·23·43·ΙΙοιίιάιιιεοαηοετιέ
660 4485 691 4538 in
703 4482 856 4560 paradiso.
878 4483 958 4542 Unde
978 4497 1003 4541 ct
1019 4483 1077 4542 hnc
1131 4483 1225 4563 ἑορτλ,
1255 4489 1272 4554 ἡ
1301 4482 1467 4562 ὑπερένδοξος
1489 4481 1536 4540 καὶ
1564 4486 1740 4564 είρηνοποιδς
1762 4485 1844 4563 ἡμέρα
1863 4486 1897 4550 τῆς

359 4561 502 4620 solennitas
518 4560 635 4618 maxima
652 4574 732 4638 atque
745 4561 880 4641 praecipua
898 4562 1028 4638 habetur3
1040 4561 1078 4621 ait
1130 4564 1208 4643 ἁγίας
1224 4565 1339 4644 Χριστοῦ
1354 4569 1399 4622 τοῦ
1413 4566 1483 4622 Θεοῦ
1503 4566 1583 4639 ἡμῶν
1606 4567 1801 4637 ἀναστάσεως,
1814 4561 1896 4629 καθ’ἥν

213 4657 282 4704 nco,
299 4641 432 4714 57.enim
448 4639 700 4700 ΡουίοειΡαεεΙια
713 4654 843 4698 nostrum
859 4663 912 4721 pro
929 4645 1011 4701 nobis
1023 4646 1075 4699 im·
1130 4644 1176 4702 καί
1198 4645 1232 4701 ἐν’
1250 4652 1304 4709 τοῖς
1329 4642 1512 4721 καταχθονίοις
1538 4642 1701 4720 γενόμενος,
1727 4644 1787 4710 τοδς
1806 4641 1897 4722 poliri<

361 4722 488 4779 molatus
510 4731 553 4778 est
574 4720 719 4778 Christus.
745 4719 847 4790 Quarta
872 4721 937 4780 festa
958 4720 1016 4781 dies
1036 4734 1076 4779 cst
1130 4723 1189 4791 τοδς
1204 4721 1323 4789 αἰωνίους
1341 4721 1502 4800 συντρίψας,
1524 4721 1571 4778 καὶ
1592 4723 1630 4782 τδι
1653 4724 1744 4803 δεσμλ
1763 4711 1894 4803 essartis.

360 4799 552 4878 gloriosissima
586 4811 665 4873 atque
701 4799 814 4889 pacifica
843 4813 868 4858 et
901 4800 1075 4881 triumphalis
1130 4801 1228 4872 ἀνέστη
1239 4805 1269 4862 ἐκ
1282 4804 1335 4861 τῶν
1345 4805 1453 4882 νεκρῶν,
1465 4801 1541 4872 νίκην
1553 4801 1630 4860 κατὰ
1640 4810 1689 4862 τοῦ
1700 4804 1765 4883 ᾅδου
1778 4809 1894 4884 ἀραμεναι,

360 4878 417 4938 dics
428 4877 600 4937 sanctissimae
614 4878 717 4937 Christi
730 4877 782 4936 Dei
797 4880 879 4938 nostri
892 4881 1077 4940 Resurrectio·
1130 4882 1191 4948 τοὺς
1206 4885 1232 4941 ἐν
1247 4885 1318 4961 αὐτῷ
1333 4880 1540 4956 κατακειμένους
1559 4884 1772 4956 συναναστήσας
1791 4881 1894 4942 δικαίως,

360 4958 414 5034 nis,
429 4957 537 5037 quando
550 4956 624 5037 apud
633 4957 743 5033 inferos,
760 4972 848 5018 vectes
864 4973 1077 5040 perpetuoscon-
1131 4961 1256 5040 καὶπρὸς
1270 4965 1330 5025 τοὺς
1345 4960 1465 5038 μαθητὰς
1482 4960 1625 5034 εἰσελθὼν,
1640 4961 1691 5034 τὴν
1712 4964 1817 5061 εἰρήνην
1829 4964 1893 5020 aierit

359 5037 489 5116 fringens,
502 5052 529 5097 et
538 5037 855 5118 vinculadisrumpcns,a
869 5039 983 5098 mortuis
991 5061 1077 5098 resur·
1132 5040 1352 5120 κατεῦράόευσεν.
1362 5038 1446 5099 Ὅθεν
1457 5038 1548 5111 πάοης
1560 5041 1722 5121 ἀντιλογίας
1733 5042 1817 5109 εκτδς,
1826 5039 1892 5119 μήτηρ

362 5117 441 5190 rexit,
452 5138 484 5175 nc
496 5117 531 5176 dc
555 5117 659 5176 inferno
672 5115 779 5177 devicto
798 5118 979 5199 triumphans,
990 5120 1078 5196 justos
1132 5120 1200 5193 αῦτη
1209 5123 1305 5201 ἑορτῶν
1319 5118 1563 5199 ἡάοίδιμοςημὲρα
1573 5131 1635 5188 τοῖς
1646 5132 1753 5189 πιστοῖς
1760 5121 1890 5197 λελόγισται

361 5196 400 5257 ibi
426 5196 546 5258 detentos
573 5218 663 5258 secum
681 5197 851 5260 resuscitavit
870 5212 951 5279 atque
971 5198 1077 5279 eduxit,
1133 5201 1250 5280 Πίμπτη
1265 5204 1402 5280 τοιγαροῦν
1417 5198 1495 5279 ἑορτὴ
1511 5199 1609 5278 ηὰγία
1621 5207 1670 5262 τοῦ
1685 5202 1783 5283 Κυρίου
1793 5204 1825 5264 εἰς
1833 5200 1889 5277 αὖρα·
