3764 5992
131 408 202 505 ἐμιό
347 467 353 479 ,
448 425 478 474 s.
505 423 645 475 toruurs
670 420 852 469 euersosr.
881 418 1037 467 incatur.
1066 414 1336 466 cousrsurruor.

132 549 851 636 tiamejusetiosoleotiamrince‚utsummamtuam
903 542 1086 615 σθείςσουτὴν
1096 541 1321 622 ίιιιερόάλλοιισανι
1329 540 1488 614 ἐπιείκειαν,
1506 543 1558 620 ἀνα

0 673 72 718 ναι..
85 668 109 715 5.
134 647 267 708 reveritus
276 642 436 704 modestiam
445 640 560 700 recedat.
573 640 609 699 Et
619 657 714 697 rursus
721 635 770 712 ait,
779 637 853 694 Ora·
903 635 957 695 Καὶ
972 635 1052 694 πάλιν
1063 632 1156 715 φησίν·
1175 634 1297 714 Εὔχεσθε
1317 631 1385 711 θπέρ
1404 636 1459 691 τῶν
1479 634 1558 712 ἐτηρε

17 766 23 780 ·
135 752 165 798 te
176 759 231 820 pro
242 737 495 797 calumniantibus
507 742 679 792 vesseram
688 748 742 807 pro
755 730 855 784 inimi·
903 726 1108 808 θμᾶς·εόχεσθε
1119 725 1185 807 ὑπὲρ
1196 730 1249 786 τῶν
1262 729 1365 806 ἐχθρῶν
1376 726 1558 803 ipsissimis«

134 833 178 888 cis
191 831 297 886 uestris
316 847 324 881 .·
341 825 506 905 benefacite
518 824 565 896 iis,
579 823 631 900 qui
645 819 770 876 oderunt
786 833 852 874 uos.
904 828 958 887 οσῑς
972 827 1092 898 μισοῦσιν
1115 821 1194 897 ὑμᾶς.
1211 819 1269 890 Τὴν
1289 819 1351 897 περί
1370 823 1418 889 τῆς
1441 816 1558 897 παρθενίι

136 918 288 979 Consilium
301 915 338 975 de
349 913 508 993 virginitate
520 932 614 970 rursus
627 907 801 968 introducens
811 904 854 963 di·
906 912 1030 991 αῐαήγαγι
1056 912 1207 989 ανμὸανλὴν
1231 910 1333 991 λέγων·
1355 908 1391 970 Ὁ
1412 909 1555 986 δυνάμενος

0 1039 72 1086 ρων,
90 1011 198 1100 γ9,1ἐδὲ
214 1002 271 1089 Qiii
280 1019 488 1088 poieSiOiipei'e
497 1003 607 1080 capiat.
620 1001 692 1060 Nam
701 996 856 1077 quoniame
905 1003 1036 1083 χωρείτω,
1061 1001 1173 1076 Ἐπειδὴ
1197 1002 1250 1083 γὰρ
1273 1006 1305 1062 ἐχ
1327 1001 1494 1081 παραδείσου
1514 1001 1545 1060 τὸ

1 1117 24 1148 ²·
136 1100 262 1183 paradiso
279 1099 328 1158 illa
340 1094 472 1171 evolavit,
490 1105 517 1152 et
533 1103 596 1172 post
616 1087 855 1169 transgressionem
906 1095 1029 1169 ἀνία-ιγ,
1044 1093 1090 1154 ναὶ
1105 1094 1174 1173 μετὰ
1187 1093 1235 1167 ,ἢν
1254 1093 1396 1174 magog„
1410 1092 1558 1174 ἀναχώρηαν

135 1192 255 1270 recessit,
268 1182 304 1250 de
313 1188 379 1249 celo
392 1183 555 1261 descendens
567 1182 655 1262 ipsam
665 1199 762 1241 rursus
771 1177 854 1274 redu·
906 1188 937 1245 ἐν
956 1193 1005 1245 τοῦ
1024 1191 1149 1267 αὐανῶ,
1166 1185 1246 1246 πάλ,
1267 1184 1348 1258 αὐτὴν
1371 1183 1538 1262 emim„

134 1285 186 1361 xit,
199 1297 225 1344 et
244 1297 383 1361 tamquam
399 1275 520 1338 exsulem
534 1275 562 1334 iu
584 1272 726 1351 antiquam
739 1269 855 1351 patriam
861 1317 897 1360 ,Μ
906 1278 1010 1357 ρνγάδα
1021 1279 1089 1357 πρὸς
1102 1277 1150 1350 τὴν
1165 1276 1281 1360 ἀρχαίαν
1296 1275 1474 1355 ἐπαναγαγὼν
1489 1298 1558 1354 πατρ

135 1398 214 1439 suam
222 1374 349 1448 restituit,
355 1369 538 1431 etadiutuma
547 1365 710 1446 relegatione
716 1360 853 1423 liberavit:
872 1375 892 1419 Α
906 1374 953 1442 τῆς
968 1380 1071 1450 μακρᾶς
1083 1368 1183 1449 {koping
1197 1370 1394 1430 ἀπαλλάττων·
1414 1368 1462 1426 καὶ
1475 1367 1557 1428 ἐλθὼν

134 1469 256 1551 primum
263 1464 408 1548 adveniens
418 1461 549 1521 nimirum
557 1457 705 1537 exvirgine
722 1467 857 1530 natusest,
907 1466 939 1522 ἐχ
960 1463 1089 1542 παρθένον
1111 1461 1243 1537 teiam,
1262 1462 1308 1522 χαὶ
1329 1460 1389 1529 τοὺς
1410 1467 1460 1533 τῆς
1476 1461 1558 1540 φύσα,

134 1575 162 1621 et
173 1561 245 1640 lege's
258 1572 361 1617 naturae
381 1553 510 1631 mutavit,
529 1571 593 1610 eum
606 1549 643 1607 ab
663 1548 723 1629 ipso
742 1545 857 1607 exordio
907 1554 1017 1632 νόμους,
1032 1553 1227 1636 ἐκξπροοιμίων
1240 1557 1326 1631 τιμῶν
1343 1551 1438 1627 αὐτὴν,
1457 1553 1505 1613 καί
1518 1577 1558 1630 μγ

135 1652 199 1715 vitae
220 1671 275 1710 suae
298 1648 376 1708 illam
394 1645 497 1704 bonore
515 1641 648 1715 affecerit,
670 1653 697 1699 et
720 1637 858 1719 virginem
908 1645 1036 1726 παρθένον
1057 1644 1221 1724 ἀποραίνων.
1234 1645 1346 1716 Ἐπειδὴ
1361 1645 1448 1704 τοίνυν
1469 1668 1558 1727 παραγ

136 1757 251 1805 matrem
270 1737 439 1801 reddiderit..
453 1736 524 1795 Cum
551 1733 637 1813 igliur
657 1731 769 1793 veniens
793 1729 860 1789 [alia
909 1744 1017 1797 τοιαῦτα
1038 1737 1183 1809 ἐπίταττε,
1198 1737 1245 1796 καί
1257 1735 1363 1816 ὑψηλὴν
1379 1735 1429 1807 τὴν
1443 1736 1558 1795 πολιτεία

137 1833 316 1917 praeceplssut,
332 1844 360 1889 ei
371 1829 408 1888 ad
418 1840 522 1887 taniam
536 1824 733 1886 sublimitatem
746 1842 860 1882 conver·
910 1831 986 1900 ζετο,
999 1826 1060 1895 ἄξια
1073 1827 1119 1886 καί
1137 1827 1173 1887 sd
1191 1827 1294 1887 ἔπαθλα
1302 1831 1355 1886 τῶν
1366 1829 1454 1887 πόνων
1465 1828 1553 1887 ἐδίδου

139 1926 270 2003 sationem
290 1920 433 1981 bominum
452 1917 596 1991 erexisset,
616 1914 728 1996 praemia
752 1933 859 1993 quoque
910 1920 938 1978 δέ
951 1921 1042 1998 πολλῷ
1057 1919 1164 1997 μείζονα
1177 1919 1223 1979 καί
1234 1919 1392 2000 ὑψηλότερα.
1404 1918 1475 1979 Ἀλλ’
1490 1912 1525 1992 ἦν
1538 1943 1558 1978 ιι

140 2016 280 2078 laboribus
303 2013 388 2092 digua
412 2009 567 2092 proposuit,
588 2008 643 2067 imo
670 2027 735 2066 vero
757 2009 860 2087 majora
911 2009 1028 2088 ἀόρατα,
1043 2012 1088 2070 καί
1102 2013 1129 2069 ἐν
1146 2010 1235 2071 ἐλπίσι
1250 2010 1296 2070 καὶ
1309 2013 1337 2069 ἐν
1355 2011 1444 2071 πίστει
1462 2012 1511 2072 καί
1525 2013 1552 2070 ἐν

141 2109 227 2169 multo
248 2121 275 2165 et
296 2103 467 2164 sublimiora.
492 2104 688 2163 Verumtamen
709 2098 861 2157 invisibilia
911 2102 1000 2182 κίορτῇ
1014 2107 1067 2160 τῶν
1078 2103 1235 2181 μελλόντων.
1249 2103 1328 2162 Ἐπεί
1342 2094 1386 2162 οὖν
1402 2103 1558 2181 sipisim

141 2214 217 2261 eraut
227 2200 286 2258 haec
299 2216 407 2275 quoque
418 2209 498 2273 atque
508 2194 537 2252 in
552 2191 671 2273 spe,fide
682 2203 708 2250 et
721 2203 862 2270 exspecta·
912 2192 1025 2253 ἐπίπονα
1047 2194 1093 2252 καὶ
1112 2195 1219 2274 ὑψηλὰ,
1238 2193 1274 2253 sb
1291 2193 1318 2254 δέ
1336 2194 1440 2255 ἔπαθλα
1457 2196 1507 2255 καὶ
1520 2195 1555 2256 τὰ

142 2293 215 2352 tione
235 2289 321 2371 posita
340 2287 507 2347 futurorum.
530 2286 626 2363 ltaque
647 2303 710 2342 cum
725 2280 862 2340 laboriosa
912 2286 940 2342 ἐν
955 2283 1062 2358 πίστει,
1080 2285 1128 2365 όρα
1138 2285 1165 2343 τί
1177 2294 1264 2345 ποιεῖ·
1282 2288 1341 2353 πῶς
1356 2285 1464 2346 εὔκολον
1476 2288 1523 2347 τὸν
1538 2290 1558 2346 a

143 2383 274 2444 mandata
282 2392 369 2440 esseut
379 2399 411 2437 ac
419 2377 558 2452 sublimia,
566 2373 679 2457 praemia
690 2393 754 2434 vero
763 2386 790 2432 et
798 2373 863 2431 bra·
912 2376 1040 2454 γόζεται·
1059 2381 1116 2443 πῶς
1140 2377 1218 2459 ῥᾴδια
1241 2376 1276 2436 τὰ
1299 2378 1459 2457 σκόμματα.
1481 2383 1546 2447 Πῶς

143 2468 370 2546 viainfide‚vide
379 2469 447 2548 quid
455 2469 545 2544 iaciat,
554 2487 607 2545 quo
614 2478 694 2547 pacto
701 2463 790 2525 levem
798 2484 863 2544 ago·
879 2487 897 2533 13
913 2467 1024 2550 τρόπῳ;
1039 2468 1093 2528 Δόο
1112 2468 1144 2539 δὴ
1165 2470 1272 2538 ταύταις
1295 2471 1377 2538 ὁδοῖς·
1393 2482 1443 2552 μνᾷ
1471 2473 1532 2550 μὲν,
1553 2497 1558 2514 .

144 2587 217 2639 nem,
241 2584 296 2644 quo
316 2574 395 2642 pacto
407 2560 498 2620 facilia
513 2558 609 2618 reddat
629 2556 784 2617 certamina.
801 2556 863 2629 Quo
915 2561 981 2620 αὐτὰ
996 2562 1143 2638 μετελθεῖν·
1156 2562 1233 2645 ἑτέρα
1255 2563 1296 2638 δέ,
1310 2564 1349 2622 ,τὸ
1362 2565 1441 2625 αὐτὸν
1461 2566 1545 2635 δεῖξαι

145 2657 255 2718 tandem
269 2653 367 2736 pacto?
382 2651 496 2711 Duabus
507 2649 610 2709 scilicet
622 2649 694 2710 viis:
713 2669 777 2719 una,
790 2646 865 2725 quod
916 2653 975 2711 όιῖα
1002 2652 1047 2711 καὶ
1072 2655 1116 2712 ὑπ’
1137 2653 1196 2733 bitu
1224 2657 1341 2734 ἀγαγεῖν.
1368 2658 1432 2716 Τῶν
1459 2657 1514 2739 γδρ
1539 2661 1557 2716 ἀ

146 2747 240 2808 eadem
259 2749 317 2826 ipse
336 2756 516 2821 exsequatur,
534 2741 630 2818 altera,
655 2738 731 2818 quod
752 2739 866 2819 premia
915 2744 1064 2824 λεγομένων
1078 2745 1113 2805 sb
1132 2744 1181 2821 plu
1200 2746 1292 2819 ἐντολὴ
1310 2738 1353 2821 ἦν,
1372 2747 1408 2808 τὰ
1425 2749 1454 2807 δὲ
1468 2749 1558 2809 {mutu

145 2838 269 2899 ostendat
277 2834 361 2896 etsuh
368 2848 506 2915 aspectum
511 2833 637 2914 proferat.
647 2833 718 2891 Nam
724 2852 784 2910 qun
789 2832 825 2891 ab
832 2832 867 2891 il·
919 2835 978 2914 μίν,
993 2835 1112 2916 Εὔχεσθι
1123 2835 1190 2916 ὑπὲρ
1202 2841 1255 2897 τῶν
1267 2839 1468 2920 ἐπηρεαζόντων
1478 2845 1549 2919 ὑμᾶς

149 2930 257 2990 lodicta
268 2927 472 3005 sunt,quaedam
482 2923 639 2985 mandatum
649 2922 866 3002 erant,queedam
918 2929 1029 2987 κόντων·
1042 2929 1155 2988 ἔπαθλον
1166 2927 1206 3002 δέ,
1221 2928 1317 2996 Ὅπως
1333 2930 1445 3009 γένησθε
1459 2933 1512 2991 υἱοὶ
1526 2940 1558 2993 ια’

15 3061 86 3107 „ug
102 3059 126 3105 5.
150 3021 278 3103 premia:
293 3020 453 3080 mandatum
472 3014 595 3097 quidem,
612 3018 702 3076 Orate
713 3035 768 3095 pro
780 3016 868 3075 caiu-
918 3023 991 3097 ὑμῶν
1005 3026 1050 3080 τοῦ
1069 3022 1097 3078 ἐν
1116 3030 1170 3088 τοῖς
1189 3024 1316 3102 οὐρανοῖς.
1339 3023 1436 3096 Παλιν,
1462 3024 1558 3104 Μακάρ

4 3147 6 3158 ι
19 3145 38 3170 ·
151 3114 332 3170 metientibus
345 3129 401 3169 uos
413 3120 442 3167 et
452 3107 689 3188 persequentibus
701 3127 709 3159 .·
724 3104 868 3185 premium
917 3112 980 3171 όταν
996 3111 1158 3172 ὀνειδίσωσιν
1174 3116 1243 3191 ὑμᾶς
1258 3113 1303 3172 καὶ
1317 3113 1451 3190 διόιξωσι,
1470 3117 1518 3176 καὶ
1530 3116 1558 3176 εί.

12 3237 61 3282 ,γρ
71 3254 93 3280 ,,
103 3215 257 3297 ggautem,
272 3203 310 3260 Ut
321 3204 385 3260 sitis
387 3199 452 3281 filii
462 3200 563 3259 Patris
573 3199 677 3272 uestri,
687 3197 741 3276 qui
746 3199 778 3253 in
788 3198 869 3256 caelis
919 3204 1033 3282 πονινρὸν
1056 3208 1129 3284 ῥῆμα
1154 3207 1213 3263 καθ’
1227 3209 1301 3282 ὑμῶν
1323 3205 1492 3285 ψευδόμενον,
1512 3210 1558 3268 χ,

15 3324 37 3366 ι,
50 3338 73 3366 ,,
89 3332 128 3367 Η,
150 3305 203 3352 est.
213 3295 328 3364 Rursus,
340 3295 427 3350 Beati
438 3310 505 3349 cum
515 3288 724 3348 maledixerint
735 3290 831 3363 vobis,
841 3301 870 3348 et
920 3297 1095 3373 ἀγαλλιᾶσθε,
1116 3295 1157 3354 ότι
1170 3301 1184 3355 ὁ
1195 3298 1287 3374 μισθὸς
1300 3302 1374 3376 ὑμῶν
1389 3300 1474 3369 πολὺς
1490 3303 1517 3359 ἐν
1535 3324 1558 3360 τι

2 3396 39 3428 ¹²·
148 3386 315 3465 persequuti
327 3401 381 3441 uos
388 3382 513 3461 suerint,
525 3396 553 3442 et
565 3382 694 3439 dixerint
705 3399 791 3440 omne
801 3399 869 3440 mo·
921 3395 982 3453 νοῖς.
997 3377 1073 3453 Εἶδες
1086 3386 1116 3444 τὸ
1132 3384 1191 3464 pis,
1207 3387 1324 3461 ἐντολὴν,
1344 3389 1375 3448 τὸ
1394 3389 1434 3463 δὲ,
1449 3392 1558 3453 ἔπαθλον

151 3478 212 3536 mm
223 3479 345 3535 uerbum
358 3475 514 3533 adversum
525 3488 581 3530 vos
592 3475 772 3530 mentientes.
787 3469 870 3528 Gau-
922 3479 957 3537 Ei
971 3477 1055 3544 θέιεις
1066 3477 1165 3545 τέλειος
1179 3469 1260 3549 εἶναι,
1273 3478 1399 3552 πώλησόν
1413 3506 1461 3542 σον
1477 3483 1512 3543 τὰ
1526 3487 1558 3544 aa

154 3571 220 3628 dete
231 3580 261 3628 et
272 3567 429 3641 exsultate,
439 3566 579 3646 quoniam
590 3584 699 3624 merces
710 3575 813 3623 vestra
824 3583 871 3622 co·
886 3577 905 3626 c
921 3569 967 3628 καὶ
979 3570 1022 3637 δὸς
1036 3580 1167 3651 πτωχοῖς,
1181 3571 1227 3629 καί
1246 3573 1321 3649 δεῦρο
1335 3574 1475 3634 ἀκολούθει
1497 3600 1554 3654 μοι,

149 3665 234 3740 piosa
244 3673 287 3719 est
295 3664 327 3717 in
336 3659 425 3718 coeiis.
436 3657 521 3718 Vides
535 3677 621 3715 unum
634 3655 792 3716 mandatum
803 3676 870 3730 esse,
924 3660 1054 3741 incoepit
1070 3663 1097 3718 ἐν
1112 3665 1223 3744 οὐρανῷ.
1240 3653 1315 3730 uite<
1329 3664 1414 3737 ἄλλην
1431 3667 1549 3743 ἐντολὴν,

1 3775 88 3819 staret.
107 3753 267 3836 19‚alterom
281 3750 445 3831 praemium?
460 3751 580 3824 Rursus,
603 3750 633 3810 Si
653 3752 701 3808 vis
723 3751 871 3832 perfectus
922 3753 999 3825 θλον,
1015 3752 1055 3811 Τὸ
1073 3751 1121 3830 μὲν
1142 3753 1193 3834 γὰρ
1207 3753 1299 3822 αὐτοὺς
1315 3755 1438 3818 ἐκελευσε
1452 3769 1545 3832 ποιεῖν,

1 3848 41 3880 ²¹·
151 3862 224 3916 esse,
238 3843 334 3899 cende
346 3861 412 3921 que
425 3843 526 3913 bobes,
537 3853 565 3898 et
576 3841 617 3898 da
630 3844 828 3920 pauperibus:
843 3852 872 3899 et
922 3844 1135 3922 sicincipiens,
1154 3845 1220 3927 ὅπερ
1239 3839 1271 3919 ἦν
1294 3848 1386 3924 μισθὸς
1410 3851 1458 3909 καὶ
1484 3850 1558 3910 ἀντία

152 3935 235 4005 veni,
247 3952 367 4010 sequere
380 3951 435 4004 me,
455 3942 483 3988 et
504 3931 625 3989 babebis
647 3934 816 3991 thesaurum
839 3934 872 3989 in
923 3935 1232 4016 πάλιν,”οστιςοἰρῆαεν
1246 3937 1389 4006 sinitensi
1405 3942 1558 4021 ἀδελροδς,ι

152 4024 233 4082 coelo.
254 4021 343 4083 Vides
362 4020 440 4079 aliod
466 4020 636 4097 mandatum,
656 4037 682 4083 et
703 4025 871 4105 premium?
924 4028 989 4106 φοίς·
1005 4033 1083 4088 τοῦτο
1096 4029 1189 4102 ἐντολή
1196 4054 1203 4066 ·
1219 4028 1503 4091 Ἑκατονταπλασίονα
1521 4033 1558 4106 λεί

153 4112 279 4174 Alterum
291 4112 364 4172 euim
376 4111 444 4192 ipsis
456 4113 595 4192 pracepit,
611 4114 727 4174 alterum
740 4116 807 4196 ipsis
818 4139 871 4198 pa·
925 4118 995 4190 ζωὴν
1009 4118 1113 4179 αἰώνιον
1124 4120 1333 4200 κληρονομήσει·
1348 4128 1427 4182 τοῦτο
1442 4123 1558 4203 βραδεῖα

155 4205 238 4282 ravit,
250 4203 325 4283 quod
335 4222 436 4262 merces
447 4216 505 4261 erat
514 4223 546 4262 ac
558 4204 710 4264 retributio.
719 4205 755 4265 Et
763 4228 872 4284 rursus,
925 4232 1013 4288 φανος.

4 4319 127 4378 1s„„9,
156 4299 336 4376 Quicumque
354 4295 505 4373 reliquerit
528 4296 640 4369 domos,
663 4310 691 4355 et
711 4299 826 4379 fratres
844 4315 872 4360 et

152 4408 266 4448 sorores
278 4409 287 4444 :
303 4386 355 4444 hoc
365 4380 524 4445 mandatum
534 4400 592 4446 est:
608 4390 783 4470 Centuplum
795 4397 872 4452 acci-

150 4483 223 4559 piet,
240 4490 270 4537 et
282 4481 380 4536 uitam
393 4489 533 4537 eternam
541 4482 723 4559 possidebit:
738 4483 791 4545 hoc
803 4507 874 4566 pre

153 4571 241 4629 mium
253 4582 303 4648 est,
317 4583 344 4628 et
356 4590 464 4628 corona.

193 4664 222 4722 5.
236 4662 371 4764 Quomam
385 4661 471 4740 igitur
481 4683 580 4768 magna
593 4679 675 4771 eraut.
691 4685 837 4752 praeoepia,
850 4685 877 4731 et
968 4681 1046 4743 Ἐπεί
1059 4674 1103 4745 ciis
1118 4684 1164 4744 καλ
1174 4683 1209 4745 τέ
1225 4685 1394 4766 ἐπιτάγματα
1410 4689 1517 4769 μεγάλα
1534 4679 1558 4761 ἦ

154 4774 266 4855 ρατιονε
281 4774 334 4854 non
350 4754 530 4834 apparebant,
546 4756 612 4859 qrde
628 4760 697 4837 quid
719 4779 801 4842 agat:
817 4764 876 4845 ipse
927 4775 1030 4835 ἔπαθλα
1058 4780 1144 4836 αὐτῶν
1164 4779 1194 4837 οὐ
1210 4781 1373 4858 φαινόμενα,
1399 4784 1450 4862 δρα
1470 4783 1498 4842 τί
1516 4807 1558 4843 τοι

155 4845 282 4924 operibus
301 4844 349 4903 rlla
363 4858 489 4947 ostentat,
509 4860 536 4905 et
553 4869 582 4906 ro
603 4866 742 4931 aspectum
762 4876 875 4914 coronas
927 4865 994 4925 αὐτὰ
1006 4865 1050 4925 διὰ
1063 4872 1116 4927 τῶν
1127 4869 1210 4949 ἔργων
1224 4871 1418 4947 ἐπιδείκνυται,
1433 4873 1554 4942 καὶτοὺς

155 4937 266 5039 proicit.
280 4938 316 4995 Ut
331 4957 403 4995 emm
417 4938 465 5015 qui
478 4938 591 5001 minime
606 4943 697 5002 tritam
712 4945 784 5005 viam
793 4948 875 5027 jube·
927 4959 968 5015 ἐιι’
995 4958 1054 5038 όψιν
1081 4960 1152 5038 ἄγει.
1178 4958 1285 5043 Ὥσπερ
1312 4964 1364 5044 γδρ
1388 4968 1403 5023 ὁ
1418 4966 1558 5043 κελειιόμιν

155 5041 200 5086 tur
210 5028 344 5130 insistere,
352 5029 375 5131 si
385 5050 468 5107 quem
477 5030 634 5114 videritper
644 5055 702 5094 eam
715 5038 793 5119 prius
802 5040 875 5100 ince·
928 5049 1042 5126 βαδίζειν
1056 5051 1125 5127 δδδν,
1141 5051 1186 5112 ils
1205 5051 1247 5134 ίδῃ
1261 5053 1391 5134 πρότερόν
1403 5079 1465 5116 τινα
1481 5057 1558 5136 βαδίο

154 5119 272 5222 dentem,
294 5120 401 5223 iacrlrus
422 5142 482 5225 eam
505 5125 674 5204 aggreditur,
696 5142 724 5188 et
743 5133 874 5213 majorem
889 5166 910 5212 γ)
926 5140 1072 5222 κολώττρον
1090 5144 1219 5219 ἅπτεται,
1237 5146 1282 5205 καὶ
1296 5147 1406 5207 πλείονα
1420 5149 1557 5228 λαμόόνει

91 5293 97 5305 ⁸
154 5231 245 5272 ammo
263 5225 380 5290 concrprt
396 5213 564 5276 damiatem
578 5240 586 5276 ι
606 5217 644 5278 ite
658 5241 769 5301 quoque
793 5225 826 5286 lit
845 5228 874 5288 in
926 5233 1036 5311 θυμίαν·
1051 5235 1119 5297 οὕτω
1133 5237 1178 5296 καλ
1195 5240 1294 5307 ἐντοῖς
1307 5241 1442 5318 ἐντολαῖς,
1456 5241 1555 5310 οίτοθς
