3764 5992
1 1501 61 1562 tttpp.
79 1513 101 1549 t.

0 1629 100 1676 l.23.t.

0 1812 2 1825 ¹
15 1806 55 1843 tm.
76 1799 102 1846 6.

9 2755 97 2820 ani.

2 3513 78 3570 ,9.5.

441 457 470 506 S.
497 455 637 506 tosttttts
661 454 843 504 ctttttsosr.
872 457 1028 512 sttcttutr.
1055 465 1326 522 CONSTANTINOP.

118 634 1649 687 Q

265 792 359 853 CUM
374 790 434 849 DE
454 788 719 851 EXPULSIONE
738 790 872 853 trsws
888 793 1045 856 SANCTI
1060 801 1244 868 lOANNlS
1261 809 1510 876 AGERETUR.

150 1006 232 1069 Multi
246 1001 356 1085 quidem
370 1001 486 1076 fluctus,
498 1013 523 1060 et
540 999 619 1063 unda
640 1001 788 1078 immanes,
803 998 851 1060 sed

112 1101 249 1181 submergi
262 1119 315 1158 non
329 1118 438 1158 vereor:
451 1095 515 1175 quia
527 1114 611 1177 supra
624 1110 728 1176 petram
741 1110 792 1155 sto.
805 1097 852 1154 ln·

111 1199 199 1259 saniat
211 1197 274 1256 lioet
283 1215 370 1269 mare,
383 1206 487 1273 petram
500 1213 553 1251 non
564 1205 651 1272 potest
661 1212 831 1252 commovere
843 1215 851 1250 ε

110 1293 252 1374 insurgant
264 1289 465 1371 quantumlibet
479 1288 588 1364 fluctus,
600 1288 678 1348 navis
690 1291 755 1350 lesa
771 1288 851 1348 obrui

109 1412 162 1453 non
176 1402 273 1473 potest.
286 1385 341 1446 Sed
352 1383 420 1464 quid
435 1384 551 1466 putant?
568 1404 603 1444 ne
620 1396 735 1443 mortem
746 1404 850 1455 verear,

111 1487 155 1550 cui
169 1487 261 1546 vivere
280 1479 405 1540 Christus
425 1492 479 1555 est,
490 1491 517 1539 et
529 1479 598 1538 mori
613 1479 742 1537 lucrum?
755 1499 788 1538 ne
804 1499 852 1538 ex-

111 1583 203 1643 silium
222 1579 426 1661 pertimescam,
448 1574 496 1654 qui
517 1574 641 1634 noverim
663 1574 774 1633 Domini
796 1595 853 1634 esse

111 1692 210 1738 terram
218 1720 229 1753 ,
240 1688 266 1733 et
275 1670 475 1754 plenitudinem
486 1670 565 1750 ejus?
576 1669 630 1729 Sed
645 1669 780 1728 bonorum
788 1691 851 1751 pru·

110 1771 284 1853 scriptionem
298 1782 432 1838 metuam,
448 1765 494 1843 qui
509 1764 592 1823 seiam
607 1763 680 1843 quod
697 1765 765 1823 nihil
778 1766 852 1824 intu-

108 1867 188 1929 lerim
207 1866 235 1926 in
252 1865 326 1924 hunc
343 1861 488 1937 mundum,
499 1859 547 1918 sed
562 1880 648 1939 neque
667 1860 771 1919 auferre
784 1860 851 1939 quid

108 1961 230 2045 possim?
244 1957 387 2037 Quidquid
405 1954 516 2015 terroris
537 1954 618 2014 habet
641 1955 775 2031 mundus,
787 1976 851 2016 cun·

108 2072 218 2118 temno:
233 2052 369 2135 quidquid
382 2049 541 2111 delectabile
557 2049 655 2129 habet,
670 2050 756 2111 rideo.
769 2051 851 2111 Diri·

108 2154 160 2213 tias
177 2174 229 2213 noa
246 2150 343 2233 cupio,
355 2161 541 2230 paupertatem
555 2168 608 2206 non
621 2147 763 2221 horresco,
777 2170 851 2209 mor-

107 2263 161 2309 tem
176 2270 230 2309 non
242 2248 333 2307 timeo.
344 2245 410 2305 Vita
423 2244 495 2305 enim
509 2243 577 2302 mihi
595 2243 632 2304 ad
650 2258 773 2305 vestrum
784 2267 850 2327 pro-

108 2344 208 2404 iectum
228 2340 416 2401 tantummodo
436 2339 558 2413 ducitur;
579 2339 627 2398 sed
649 2338 789 2399 caritatem
803 2362 850 2400 re-

107 2454 192 2501 stram
205 2461 315 2521 precor,
333 2451 363 2496 ut
385 2457 461 2516 aeqno
483 2434 573 2494 animo
588 2434 657 2494 sitis.
672 2437 759 2496 Nemo
776 2436 849 2496 enim

106 2557 184 2596 nosa
201 2536 281 2595 vobis
300 2532 399 2615 poterit
419 2531 559 2592 divellere.
575 2532 651 2603 Quos
673 2531 745 2591 enim
768 2532 849 2591 Cbri-

106 2644 164 2692 stus
183 2632 340 2713 conjunxit,
351 2630 434 2689 bomo
447 2649 499 2686 non
511 2628 657 2708 separabit.
670 2625 751 2700 Quod
770 2627 794 2687 si
815 2628 850 2689 de

107 2727 222 2787 muliere
234 2741 260 2786 et
277 2727 337 2786 viro
363 2724 464 2785 dieitur
474 2747 481 2781 ι
493 2727 618 2802 Propter
631 2724 687 2782 luoc
701 2724 850 2804 relinquet

107 2824 194 2883 bomo
207 2835 321 2902 patrem
337 2841 421 2880 suum
441 2832 469 2878 et
489 2831 613 2877 matrem
635 2831 663 2877 et
686 2819 849 2879 adherebit

106 2926 192 2979 uxori
207 2939 288 2994 sure,
303 2930 332 2976 et
346 2928 432 2975 eruut
450 2915 508 2972 duo
530 2916 563 2971 in
580 2934 670 2973 carae
691 2933 751 2972 una
764 2936 774 2970 .·
787 2914 848 2973 etsi

104 3012 263 3096 hujusmodi
276 3011 435 3093 nuptiarum
454 3008 608 3089 conjunctio
620 3007 655 3066 ab
669 3007 779 3066 bomine
794 3030 847 3068 non

105 3120 193 3188 potest
202 3104 336 3185 separari,
348 3102 435 3162 multo
449 3101 536 3180 magis
554 3099 677 3160 Ecclesia
693 3121 745 3159 non
759 3115 847 3182 potest

105 3225 121 3262 a
140 3216 249 3284 pastore
267 3200 374 3260 divelli.
390 3197 446 3259 Sed
466 3197 609 3276 impugnas
623 3218 676 3256 me.
689 3196 765 3269 Quid
778 3197 846 3256 mihi

104 3299 211 3359 nocebit
236 3295 406 3377 impugnatio
429 3306 494 3370 tua,
512 3292 562 3351 nisi
583 3291 647 3371 quia
669 3313 712 3352 me
736 3292 846 3371 quidem

105 3394 246 3455 clariorem
260 3389 511 3474 impugnationibus
523 3387 579 3447 tuis
592 3386 706 3460 reddes,
723 3401 783 3447 tuas
800 3410 847 3447 ve·

105 3514 136 3554 ro
149 3505 268 3552 conteras
278 3488 368 3549 vires?
377 3489 485 3546 Durum
497 3486 567 3544 enim
581 3485 631 3544 tibi
643 3483 847 3544 eritadvcrsum

106 3587 249 3649 stimulum
269 3586 430 3646 calcitrare:
450 3582 514 3661 quia
531 3601 584 3639 non
598 3580 740 3639 stimulum
753 3594 845 3640 retun-

105 3683 162 3760 des,
175 3684 223 3743 sed
232 3683 315 3764 pedes
339 3680 481 3739 calcitrans
497 3675 674 3738 vulnerabis:
687 3697 773 3754 neque
789 3676 847 3735 ilu-

106 3792 174 3851 ctus,
186 3779 233 3856 qui
254 3797 320 3836 saxo
337 3775 500 3847 alliduntur,
511 3772 629 3852 amplius
643 3771 749 3850 aliquid
763 3772 846 3851 proli-

20 3936 23 3940 ,
51 3872 56 3879 '
104 3874 190 3949 cient,
207 3893 288 3950 quam
303 3884 331 3927 ut
344 3870 500 3949 semetipsos
512 3867 590 3926 iraeti
603 3867 768 3940 dissolvant,
782 3880 807 3924 et
817 3866 845 3925 in

11 4598 47 4628 θ’.
59 4594 97 4630 200

16 4872 28 4911 “.
48 4862 101 4913 tusl-

105 3990 215 4051 spumas
229 3966 366 4024 extenuati
380 3964 533 4044 depereant.
550 3961 651 4021 Christi
665 3961 787 4021 Ecclesia
804 3963 846 4020 ni-

104 4064 146 4125 bil
160 4063 258 4123 lortius
269 4086 276 4119 ε
287 4060 308 4120 si
321 4058 383 4137 quis
401 4080 460 4118 eam
479 4059 640 4138 impugnare
654 4058 797 4137 proponit,
806 4059 847 4117 vi·

105 4182 148 4221 res
161 4172 256 4219 atterat
266 4177 370 4216 necesse
380 4168 419 4213 est
431 4178 437 4210 ε
450 4153 503 4212 tale
514 4166 553 4211 cst
564 4152 653 4228 enim,
666 4151 741 4211 velut
754 4153 777 4212 si
789 4175 845 4212 cae-

104 4259 133 4318 lo
142 4256 246 4318 bellum
257 4250 402 4312 meditetur
412 4250 517 4308 inferre.
527 4247 637 4306 llomini
650 4246 674 4305 si
687 4247 790 4306 bellum
804 4248 846 4307 in·

104 4354 185 4428 ieras,
195 4353 307 4410 sortasse
317 4347 417 4420 vinces,
424 4358 472 4404 aut
480 4345 548 4403 sorte
557 4343 583 4403 ri
588 4342 672 4402 aceris
682 4367 688 4400 :
698 4342 846 4403 Ecclesiam

106 4449 214 4511 vincere
226 4446 301 4506 nulla
316 4443 359 4504 vis
372 4441 482 4523 poterit.
496 4439 545 4498 Dei
557 4452 596 4498 est
607 4438 739 4512 Ecclesia,
749 4440 796 4518 qui
808 4454 847 4499 est

107 4544 233 4608 omnibus
257 4541 362 4600 fortior.
382 4539 448 4598 Aut
470 4537 644 4596 emulemur
664 4538 847 4595 Dominum?

108 4640 258 4719 Numquid
263 4639 407 4718 fortiores
427 4634 480 4691 illo
498 4631 705 4691 samastheos
723 4630 848 4693 fundavit

107 4733 245 4818 boc,quotl
257 4733 418 4793 labefactare
432 4727 603 4787 conarislut
616 4726 733 4808 capreriri
743 4727 785 4785 ris
798 4749 846 4807 po·

109 4834 220 4899 tentiam
231 4827 366 4891 Domini?
380 4827 441 4906 lpse
451 4837 490 4882 est
502 4825 558 4901 Qui
571 4827 687 4902 respicit
695 4843 782 4901 super
792 4835 846 4881 ter·

109 4956 185 4997 mm.
195 4930 312 5012 etfacit
325 4945 390 4984 eam
402 4934 540 4980 tremere:
552 4933 577 4977 et
592 4919 689 4977 iterum
699 4919 745 4998 qui
755 4919 844 4998 jubet,

107 5046 135 5095 et
146 5046 243 5092 tremor
256 5024 313 5104 rjus
327 5018 470 5080 solidatur.
484 5019 538 5074 Ant
548 5036 601 5073 non
612 5014 721 5089 vidisti,
731 5030 845 5077 tremcn-

108 5122 304 5191 ucisitatcm
316 5131 390 5179 tuam
401 5111 506 5194 quoties
517 5125 588 5170 stare
597 5110 681 5169 lecit?
690 5113 779 5172 Multo
788 5135 846 5172 ma-

110 5228 155 5307 33⁸
170 5218 318 5285 helesium
340 5234 415 5275 suam
438 5221 595 5271 trementem
619 5207 717 5287 poterit
741 5208 845 5269 constr·

904 1024 979 1065 mare
990 1031 998 1064 ε
1010 1009 1107 1070 fortior
1119 1014 1192 1075 enim
1213 1016 1335 1082 Ecclesia
1359 1027 1447 1087 multo
1465 1050 1551 1109 quam
1565 1047 1644 1115 terra,
1654 1061 1706 1104 uara

904 1098 959 1161 imo
971 1117 998 1162 et
1009 1104 1107 1167 sortior
1119 1109 1193 1172 caelo.
1207 1115 1321 1175 Ccelum
1334 1132 1363 1180 et
1377 1133 1459 1183 term
1469 1133 1642 1206 transibunt,
1651 1123 1674 1169 ³⁵
1706 1098 1709 1105 Ι

904 1195 999 1253 verba
1013 1210 1112 1256 autem
1125 1221 1192 1261 ntea
1203 1225 1262 1264 aon
1274 1215 1453 1275 transibunt.
1462 1219 1533 1292 Quae
1544 1223 1642 1284 rerba?
1652 1188 1709 1294 iliu¹¹

907 1286 951 1345 Tu
965 1309 996 1348 es
1010 1293 1117 1353 Petrus
1130 1309 1159 1355 et
1170 1318 1256 1379 super
1274 1303 1353 1364 lanc
1366 1322 1484 1386 petram
1496 1317 1644 1399 aedificato

904 1381 1073 1445 Ecclesiam
1084 1410 1180 1449 meam
1190 1406 1220 1452 et
1229 1409 1322 1474 portoe
1333 1403 1426 1482 inseri
1436 1427 1500 1466 noa
1505 1418 1647 1490 prevale-

906 1479 979 1584 burrt
994 1483 1027 1538 ia
1045 1503 1122 1545 eam.
1141 1486 1224 1557 Quod
1237 1490 1262 1549 si
1282 1513 1335 1552 non
1354 1496 1442 1559 credis
1461 1505 1559 1585 verbo,
1571 1511 1647 1574 rebus

904 1590 972 1651 ipsis
991 1586 1017 1633 et
1031 1578 1160 1656 operibus
1173 1581 1260 1643 crede.
1274 1586 1376 1659 Quanti
1398 1599 1511 1674 tyranni
1531 1609 1646 1684 aggressi

904 1681 967 1727 sunt
978 1669 1139 1752 impugnare
1150 1675 1298 1741 Ecclesiam
1310 1686 1381 1746 Dei?
1390 1706 1495 1767 quanta
1508 1709 1646 1780 tormenta,

905 1778 1018 1871 quaptm
1026 1770 1318 1856 crucesadhibuerunt,
1329 1781 1415 1862 ignes,
1423 1787 1560 1871 fornaces,
1571 1797 1646 1876 ieras,

903 1855 1017 1937 bestias,
1028 1862 1135 1941 gladios
1148 1866 1333 1948 intendentes,
1346 1890 1372 1935 et
1381 1878 1452 1939 nibil
1464 1904 1547 1964 agere
1557 1906 1647 1972 potue

904 1956 990 2014 runt?
1007 1959 1062 2017 Ubi
1082 1981 1155 2021 nunc
1173 1979 1236 2025 sunt
1259 1967 1302 2028 illi
1324 1973 1372 2049 qui
1394 1975 1452 2036 hac
1469 1981 1593 2046 lecerunt
1623 2004 1647 2048 et

903 2047 951 2106 ubi
974 2050 1015 2110 illi
1041 2054 1088 2131 qui
1116 2056 1174 2118 baec
1196 2060 1302 2123 sortiter
1321 2071 1514 2147 pertulerunt?
1527 2033 1646 2144 Nundii

903 2147 1009 2252 {eternis
1023 2150 1111 2229 poenis
1125 2172 1295 2235 premuntur,
1309 2175 1335 2220 et
1354 2163 1400 2224 isti
1417 2172 1528 2232 aeternis
1542 2176 1647 2255 gaudiis

902 2256 1059 2319 eriguntur:
1070 2245 1156 2326 fulget
1171 2251 1243 2310 enim
1252 2254 1372 2318 Ecclesia
1382 2282 1466 2343 super
1473 2267 1644 2347 splendorem
1653 2307 1685 2347 a.

900 2335 1009 2410 solis‚et
1021 2358 1223 2421 persequutores
1231 2349 1289 2429 ejus
1299 2357 1438 2435 perpetuis
1449 2363 1571 2426 tenebris
1584 2389 1644 2430 con·
1665 2334 1674 2345 ⁸

902 2443 1038 2509 teguntur.
1059 2437 1119 2496 Non
1133 2439 1201 2520 legis
1219 2446 1362 2527 scriptum,
1376 2452 1438 2530 quia
1453 2456 1584 2522 undecim
1596 2466 1645 2525 soli

900 2541 977 2586 erant
987 2573 996 2606 ,
1013 2544 1039 2589 et
1057 2531 1130 2592 vinci
1155 2557 1208 2595 non
1230 2546 1396 2618 potuerunt?
1410 2550 1500 2628 Nunc,
1509 2556 1562 2616 ubi
1573 2561 1645 2621 orbis

900 2634 1034 2683 terrarum
1044 2627 1162 2707 repletus
1170 2645 1209 2690 est
1218 2634 1326 2713 piorum
1338 2642 1526 2725 multitudine,
1535 2673 1643 2730 quomo

901 2713 937 2775 do
945 2731 1072 2799 poterunt
1085 2723 1179 2784 vinci?
1194 2730 1306 2790 Caelum
1319 2747 1348 2793 et
1361 2749 1440 2798 terra
1451 2750 1625 2810 transibunt
1631 2796 1642 2824 ,

900 2817 995 2874 uerba
1013 2831 1112 2876 aretem
1131 2843 1197 2882 mea
1211 2846 1271 2884 non
1285 2835 1463 2896 transibunt.
1479 2838 1516 2899 Et
1531 2846 1640 2906 merito:

900 2907 988 2966 carior
1001 2909 1074 2968 enim
1087 2910 1208 2974 Ecclesia
1220 2918 1281 2995 Dei,
1293 2942 1375 2999 quam
1386 2926 1493 2990 catum.
1503 2934 1565 2993 Non
1575 2939 1644 2997 enim

900 3000 1020 3061 Ecclesia
1042 3020 1150 3088 propter
1170 3012 1264 3072 calum
1275 3059 1286 3092 ,
1299 3017 1345 3077 sed
1367 3035 1477 3100 propter
1495 3027 1644 3092 Ecclesiam

899 3097 1005 3157 eaelum.
1024 3100 1101 3160 Nihil
1116 3103 1197 3180 enim,
1209 3129 1316 3188 quaeso,
1331 3117 1472 3193 perturbet
1487 3144 1538 3184 ros
1551 3147 1643 3188 eorum

899 3214 958 3271 quae
971 3195 1016 3274 agi
1030 3194 1140 3258 videtis.
1154 3201 1289 3264 Ponamus
1298 3222 1360 3267 ante
1370 3213 1463 3273 occulos
1473 3233 1581 3280 nostros
1591 3224 1641 3283 Pe-

901 3302 972 3349 trum
993 3312 1074 3373 super
1096 3316 1181 3373 aquas
1203 3298 1390 3380 incedentem,
1404 3323 1430 3368 ct
1454 3333 1555 3391 parum
1576 3318 1641 3396 quid

899 3383 1085 3463 haesitantem,
1098 3403 1179 3468 atquc
1196 3392 1232 3450 ob
1255 3394 1306 3455 boc
1321 3401 1465 3477 paululum
1486 3409 1641 3486 periclitan-

900 3492 969 3556 tem,
984 3502 1037 3540 non
1053 3499 1164 3565 propter
1178 3491 1325 3566 potentiam
1345 3495 1496 3576 fluctuum,
1515 3505 1565 3565 sed
1584 3529 1642 3586 pru

899 3587 959 3655 pter
970 3576 1155 3638 infirmitatem
1169 3581 1241 3646 fidei.
1255 3587 1397 3667 Ntrtnquid
1409 3591 1531 3657 bumana
1544 3601 1640 3663 volun·

899 3682 953 3729 tate
962 3671 1017 3731 buc
1027 3675 1160 3748 venimus,
1171 3693 1218 3737 aut
1229 3695 1340 3761 propter
1353 3684 1492 3750 bominem
1506 3694 1563 3755 buc
1574 3718 1641 3778 pro-

898 3765 975 3825 ducti
989 3770 1105 3828 surmus?
1115 3771 1150 3830 Et
1161 3771 1220 3833 baec
1239 3796 1291 3835 non
1308 3797 1466 3860 arroganter
1478 3786 1586 3867 loquor,
1597 3814 1642 3852 ne·

899 3884 952 3941 que
971 3864 1100 3943 jactantia
1119 3866 1254 3947 agitatus,
1270 3872 1318 3931 sed
1338 3875 1444 3938 animos
1462 3898 1584 3964 vestros,
1596 3889 1641 3967 qui

898 3958 966 4016 iortc
976 3959 1128 4038 turbantur,
1142 3965 1222 4044 cupio
1236 3968 1405 4033 confirmare.
1420 3975 1568 4041 Intuemini
1579 4005 1641 4063 ergo

898 4054 1035 4131 quomodo
1051 4058 1203 4118 Commota
1219 4075 1303 4123 estet
1320 4077 1495 4132 contremuit
1510 4089 1599 4151 terra,
1615 4094 1639 4139 et
1650 4115 1703 4157 M,

897 4161 987 4208 tamen
1001 4171 1054 4210 non
1073 4154 1176 4213 corruit
1197 4155 1302 4217 civitas.
1315 4162 1476 4242 Quomodo,
1490 4168 1640 4252 impurissi-

899 4264 943 4303 me
959 4244 1086 4320 diabole,
1101 4249 1251 4311 Ecclesiam
1271 4268 1297 4313 te
1310 4270 1389 4336 putas
1408 4281 1486 4341 posse
1507 4265 1638 4349 dejicere,

899 4340 947 4418 qui
967 4354 1108 4403 trementes
1121 4347 1236 4425 parietes
1249 4349 1369 4430 dejicere
1385 4355 1499 4418 minime
1513 4365 1640 4427 valuisti?

899 4437 959 4496 Non
971 4451 1010 4496 est
1024 4438 1051 4497 in
1062 4440 1211 4519 parietibus
1224 4444 1356 4523 Ecclesia,
1365 4449 1412 4510 sed
1426 4451 1454 4510 in
1467 4457 1641 4523 multitudine

899 4533 1017 4614 piorum.
1029 4534 1099 4595 Ecce
1108 4559 1189 4614 quam
1201 4541 1291 4616 fortes,
1300 4565 1381 4622 quam
1393 4545 1547 4612 immobiles
1557 4560 1640 4637 statis,

900 4651 952 4691 non
965 4631 1046 4706 ferro,
1060 4633 1106 4690 scd
1116 4633 1172 4692 side
1183 4635 1277 4694 vincti.
1289 4638 1325 4698 Et
1337 4640 1403 4718 quid
1418 4642 1453 4702 de
1465 4658 1539 4708 tanta
1549 4655 1640 4713 multi·

901 4727 995 4786 tudine
1009 4728 1126 4805 loquor?
1137 4731 1228 4789 Unum
1244 4731 1351 4792 fidelem
1363 4736 1471 4798 vincere
1484 4765 1537 4804 non
1552 4763 1637 4828 potes.

900 4822 1048 4899 Odiabolc,
1057 4824 1142 4882 nescis
1153 4846 1211 4902 quae
1223 4827 1273 4885 tibi
1286 4830 1394 4889 iecerint
1403 4843 1558 4917 martyres?
1568 4845 1639 4916 Quo

899 4921 980 4980 alodo
996 4921 1148 4998 frequenter
1162 4920 1278 4999 ingressa
1293 4938 1331 4983 est
1343 4928 1432 5006 puella
1448 4947 1525 4994 aetate
1540 4951 1638 5018 tenera,

899 5016 978 5075 annis
992 5015 1149 5089 immatura,
1162 5030 1189 5075 et
1202 5018 1309 5079 inventa
1325 5035 1364 5079 est
1376 5023 1447 5084 ferro
1462 5028 1567 5106 sortior,
1578 5057 1640 5095 eum

899 5111 982 5171 latera
992 5112 1051 5190 ejus
1060 5110 1203 5187 scinderes,
1211 5114 1294 5173 sulem
1304 5129 1390 5177 tamen
1402 5121 1460 5200 ejus
1470 5145 1580 5189 movere
1589 5153 1639 5192 non

899 5207 1012 5288 posses?
1029 5207 1132 5266 Deiecit
1155 5208 1306 5288 frequenter
1329 5234 1389 5274 caro
1403 5216 1431 5276 ia
1453 5225 1601 5303 tormentis,
1614 5244 1640 5288 et
