3810 6000
710 531 755 578 nn
782 528 909 578 snrnnu
936 525 1077 576 sturno.
1591 510 1662 606 973

112 675 161 710 ται
175 649 326 723 ήαθθεντία
336 652 471 731 δειχθῆναι
480 654 525 710 τοῦ
538 653 708 732 Πνεῦματος;
722 657 781 715 Οὐκ
793 653 889 723 ἔδειξε,
945 666 1014 710 tura
1023 664 1092 711 suut
1105 657 1296 713 annuntiabit
1306 658 1392 715 vobis
1402 679 1417 735 :-
1426 654 1480 715 itte
1490 675 1535 728 nse
1550 656 1662 736 glorifi-

136 731 209 805 ησλν,
232 730 361 811 ήΓραφὴ
381 730 552 809 ὑποκείμενον
571 733 634 792 atro
660 739 693 814 τῇ
715 733 818 815 ἐξουσίᾳ
843 739 888 792 τοῦ
944 735 1040 805 cabit3
1054 734 1125 804 quin
1142 734 1179 790 de
1202 741 1265 792 meo
1279 740 1414 815 accipiet,
1428 749 1456 795 et
1471 726 1661 794 annuntiabit

113 755 200 882 ilci,
215 811 260 869 καὶ
275 809 453 887 δανειζόμενον
475 815 538 890 παρ’
562 815 657 887 αὐτοῦ,
672 815 716 873 καὶ
730 815 820 882 ἄλλοις
842 837 890 894 χο-
943 815 1036 870 vobis.
1071 810 1172 870 Vidisti
1210 814 1339 890 uomodo,
1365 815 1487 905 inquito
1519 815 1660 895 semetipso

114 895 231 968 ρηγοῦν;
252 889 374 970 Πρόσεχε
400 892 407 912 ’
446 889 516 957 ιόῶς.
530 889 619 952 Ὅταν
633 915 660 952 τι
673 898 725 953 τῶν
741 893 889 974 λεγομένοιν
944 912 996 950 non
1010 891 1141 968 loquitur,
1163 835 1210 951 sed
1234 914 1269 952 ex
1292 894 1340 953 illo
1353 894 1476 976 accipit?
1489 895 1550 953 Non
1573 909 1661 975 potest

114 971 216 1050 ἄπορόν
235 992 275 1028 σοι
299 913 442 1048 φανῇ,γιίή
459 970 551 1038 εὐθέως
574 973 742 1045 ἑπιπηδήσης
753 979 787 1046 τῆ
808 972 889 1045 λέξει,
943 970 1121 1029 demonstrari
1132 972 1251 1051 Spiritus
1262 972 1414 1032 auctoritas.
1432 977 1473 1032 bn
1486 994 1538 1032 non
1549 973 1660 1034 demon-

114 1051 176 1108 ἀλλ’
188 1048 327 1126 ἀνάμεινον
346 1049 376 1109 τὸ
396 1048 469 1117 τελος
488 1055 534 1110 τοῦ
552 1051 690 1130 νοήματος.
706 1038 848 1120 ίλθκέίδες
862 1057 888 1114 ἐν
943 1050 1050 1125 stravit,
1071 1050 1170 1128 inquit,
1189 1073 1252 1110 eum
1274 1054 1412 1133 subjacere
1431 1053 1555 1133 potestati
1576 1054 1659 1121 Filii,

113 1137 175 1195 ταῖς
187 1138 367 1208 παρασκευαῖς
389 1133 442 1187 τῶν
456 1131 612 1208 οἰκοδομῶν,
627 1135 684 1200 πῶς
697 1133 785 1192 πάντα
796 1156 889 1212 συγκε-
943 1145 971 1189 et
992 1131 1109 1188 mutuari
1125 1130 1160 1188 ab
1172 1151 1212 1205 eo,
1233 1145 1314 1209 atque
1328 1132 1390 1191 aliis
1403 1132 1597 1213 suppeditare?
1609 1136 1658 1190 At·

113 1207 388 1289 χυμίνα,άσάεστος,
402 1207 485 1283 λίθοι,
500 1207 579 1282 ξύλα,
594 1211 691 1292 καίτῇ
715 1215 762 1290 μὲν
779 1217 812 1292 σῇ
831 1213 888 1293 dbis
944 1208 1023 1269 tende
1042 1209 1198 1288 diligenter.
1213 1211 1327 1282 Quoties
1344 1211 1395 1271 tibi
1417 1211 1525 1270 dictum
1549 1212 1659 1289 aliquod

112 1288 205 1348 πάντα
218 1287 396 1367 συγκέχυται,
410 1291 448 1367 τῷ
468 1290 496 1349 δὲ
509 1289 615 1370 τεχνίτη
631 1290 718 1350 πάντα
739 1292 889 1371 ἥρμοσται;
943 1303 1054 1370 apparot
1068 1291 1225 1367 obscurum,
1238 1311 1272 1349 ne
1288 1290 1379 1351 statim
1391 1290 1501 1351 advoles
1519 1290 1551 1349 ad
1563 1291 1660 1350 dictio·

115 1367 171 1426 Ιίαλ
188 1357 241 1426 οἶδε
256 1367 300 1426 τὸν
317 1367 416 1447 καιρὸν,
430 1371 490 1428 καθ’
507 1369 534 1428 δν
552 1375 630 1429 τοῦτο
647 1371 677 1429 τὸ
693 1371 887 1451 συγκερυμίνον
943 1391 1015 1441 nem,
1029 1369 1076 1427 sed
1089 1383 1213 1448 exspecta
1227 1371 1310 1429 finem
1324 1371 1472 1430 sententia.
1489 1371 1549 1429 Non
1568 1371 1659 1444 vides,

111 1446 227 1525 ἁρμόσει
240 1444 345 1527 ἐκείνῳ,
361 1450 467 1506 κάκεῖνο
482 1448 582 1528 τούτῳ·
596 1450 643 1508 καλ
656 1449 690 1509 τὰ
711 1455 756 1509 νῦν
767 1452 888 1530 διεσκορ-
941 1448 1050 1527 quando
1070 1462 1246 1508 exstruuntur
1273 1450 1389 1523 domus,
1411 1449 1547 1528 quomodo
1570 1452 1659 1508 omnia

112 1527 232 1603 πισμίνα
250 1525 298 1598 τήν
314 1524 464 1606 πρέπουσαν
486 1529 613 1610 ἁρμονίαν
635 1529 806 1607 λαμὸοίνοντα
822 1536 888 1591 ἀπο·
941 1530 1050 1587 confusa
1066 1528 1128 1603 sint,
1142 1530 1216 1604 mlx,
1236 1529 1349 1611 lapides,
1373 1529 1457 1608 ligna,
1481 1543 1509 1588 et
1528 1531 1556 1588 in
1573 1531 1660 1588 oculis

113 1608 185 1664 τελεῖ
195 1607 226 1666 rb
236 1610 285 1677 τῆς
298 1607 437 1682 οἰκοδομῆς
457 1606 562 1673 κάλλος.
575 1606 662 1668 Ὅταν
674 1610 760 1669 τοίνυν
771 1609 827 1690 ἴδῃς
843 1612 887 1671 τὸν
903 1621 924 1668 c
943 1608 997 1666 tuis
1021 1608 1110 1668 omnia
1124 1609 1257 1689 permixta
1272 1609 1426 1685 videantur,
1459 1608 1555 1668 artifici
1569 1623 1660 1667 autern

112 1684 227 1762 λέγοντα
251 1685 304 1743 άπὸ
323 1685 414 1744 τούτου
436 1687 472 1753 είς
490 1693 580 1763 τοῦτο,
590 1689 636 1747 καί
660 1691 705 1748 ἀπ’
724 1687 823 1749 ἐκείνου
851 1693 888 1757 είς
941 1688 1031 1746 omnia
1048 1687 1115 1747 bene
1130 1687 1290 1767 quadrent?
1309 1689 1368 1750 Scit
1379 1689 1452 1747 enim
1470 1710 1525 1768 quo
1542 1703 1661 1768 tempore

107 1764 182 1823 ἄλλο
194 1763 402 1842 μεταδαίνοντα,
414 1763 467 1825 νάει
481 1766 530 1834 τδις
543 1765 607 1834 ίίλας
628 1767 706 1828 αὐτὸν
716 1770 888 1848 παρασκευά-
942 1766 994 1826 boc
1005 1767 1144 1826 corilusum
1154 1767 1181 1826 in
1194 1767 1399 1844 hocloco,illud
1413 1771 1440 1826 in
1452 1769 1507 1827 alio
1518 1767 1658 1847 congruat:

113 1846 182 1912 ζειν·
207 1843 270 1904 ὅταν
282 1845 364 1924 γ’γδιρ
382 1849 493 1942 παραθῶ
507 1845 554 1914 τίις
578 1846 657 1922 ὕλας,
683 1848 741 1908 ιθτε
768 1849 887 1927 δείκνυμι
940 1860 968 1904 et
983 1868 1044 1925 qnae
1061 1867 1134 1906 nunc
1144 1846 1266 1936 dispersa
1287 1848 1315 1906 in
1329 1847 1498 1907 harmoniam
1513 1847 1660 1925 quamdam

113 1922 163 1994 τήν
175 1923 312 2003 ἁρμονίαν.
327 1923 384 1983 Μία
399 1948 476 2004 φυσις
490 1926 555 1985 lton
580 1927 625 1984 καί
653 1926 823 2005 Πνεῦματος,
838 1930 888 2007 μία
942 1925 1124 1986 convenientia
1145 1925 1255 1987 aedilicii
1268 1926 1499 2008 pulchritudinem
1510 1927 1659 2007 perficiant.

114 2001 241 2080 διίναμις,
261 2003 311 2080 μία
325 2004 450 2077 ἀλήθεια,
465 2004 514 2082 μία
527 2003 597 2080 ζωή,
617 2006 668 2085 μία
680 2006 840 2090 σοφία.,ἰλφ’
857 2000 887 2070 οὗ
942 2006 954 2063 l
976 2006 1030 2064 itur
1043 2027 1106 2065 rum
1120 2005 1219 2065 videris
1231 2006 1366 2065 dicentem
1380 2006 1476 2065 abhoc
1499 2005 1526 2064 in
1538 2005 1619 2080 illud,
1634 2021 1660 2065 et

111 2081 143 2141 δὲ
154 2086 172 2140 θ
182 2082 279 2158 Σεντλρ
293 2081 440 2155 κατηξίωσε
454 2085 485 2144 τὸ
501 2085 613 2162 πλάσμα
635 2086 724 2146 λαθεῖν
736 2087 766 2146 rb
787 2094 804 2160 ἡ
834 2087 888 2148 ’τε-
940 2026 977 2143 ab
994 2085 1041 2144 illo
1056 2085 1083 2144 in
1093 2085 1146 2143 hoc
1158 2087 1302 2158 transilire,
1315 2099 1380 2166 puta
1388 2107 1454 2144 erim
1467 2085 1522 2144 sibi
1536 2086 1661 2145 materias

114 2185 171 2242 ρον,
184 2163 332 2242 πληροῦται
345 2162 500 2240 Πνειίματος
513 2164 602 2242 ἁγίου,
621 2169 672 2245 οὐχ
689 2171 724 2233 ὡς
740 2190 889 2250 κατωτερσς
942 2186 1107 2245 praeparare:
1136 2163 1244 2241 quando
1268 2165 1341 2224 enim
1358 2167 1492 2245 conjungo
1508 2165 1657 2237 materias,

112 2240 190 2320 ἁγίου
213 2241 382 2320 Πνείματος,
406 2243 464 2301 ἀλλ’
490 2247 526 2312 ὡς
546 2248 593 2315 τῆς
615 2244 712 2326 σαρκὸς
735 2247 888 2325 ὀφειλούσης
941 2242 1129 2302 tuncostendo
1145 2265 1228 2322 quam
1241 2245 1491 2305 beneconveniant.
1506 2247 1566 2303 Una
1581 2255 1801 2316 natu-neapolion.

113 2320 270 2402 ἀνθρωπίνῳ
291 2319 367 2403 τύπῳ
389 2322 479 2382 λαάεὶν·
493 2329 539 2382 τοῦ
554 2322 708 2402 Πνειίματος
722 2325 769 2398 τήν
786 2330 829 2387 ἐπι
850 2328 887 2387 ol·
941 2345 972 2381 ra
987 2323 1050 2382 Filii
1065 2337 1106 2383 est
1122 2337 1149 2382 et
1163 2323 1291 2404 Spiritus,
1303 2345 1356 2382 una
1373 2324 1469 2398 virtus,
1485 2344 1538 2381 una
1551 2324 1660 2400 veritas,

111 2424 206 2473 τησιν·
225 2403 276 2480 οθχ
297 2399 340 2460 ὅτι
358 2402 405 2460 οὐκ
428 2401 651 2473 ἠδθνατοθθεδς
677 2405 761 2484 Λόγος
775 2405 887 2485 δγεασαε
942 2423 994 2461 una
1010 2404 1077 2479 vita,
1098 2424 1152 2462 una
1165 2403 1305 2484 sapientia.
1320 2407 1354 2461 At
1367 2403 1402 2461 ab
1422 2424 1453 2461 eo
1474 2416 1660 2483 temporeque

110 2481 145 2538 τὸ
156 2479 268 2558 πλάσμα
279 2479 440 2540 δάνέλαάεν.
456 2480 522 2541 Ἐὰν
555 2481 589 2564 tp
602 2486 639 2550 είς
655 2490 747 2544 τοῦτον
761 2487 888 2567 μερίμνης
941 2482 1249 2561 Salvatordignatusest
1258 2502 1392 2542 assrnnere
1399 2496 1521 2541 naturam
1532 2496 1660 2556 nostram,

112 2559 158 2619 τὸν
169 2559 257 2639 λόγον,
274 2559 344 2619 καὶὸ
359 2560 421 2627 Υἱὸς
435 2509 571 2641 περιττάς·
585 2563 662 2642 ήρκει
680 2565 732 2641 γὰρ
754 2571 769 2626 ὁ
792 2553 888 2649 Πατήρ
942 2562 1070 2652 impletur
1089 2562 1193 2642 Spiritu
1217 2577 1309 2621 sancto
1320 2586 1326 2618 ε
1338 2581 1391 2621 non
1413 2561 1487 2641 quod
1500 2562 1537 2620 sit
1552 2562 1661 2621 inferior

111 2638 224 2718 ἁγιάσαι
232 2639 263 2697 τὸ
271 2639 394 2717 πλάσμα.
404 2638 451 2710 Μή
462 2641 497 2719 γά
522 2645 558 2708 ὡς
569 2645 667 2702 ἀτονῶν
678 2648 692 2702 b
703 2645 888 2726 Πατήρπρσσ-
941 2641 1046 2722 Spiritu
1065 2655 1167 2718 sancto,
1186 2640 1231 2700 sed
1244 2640 1318 2719 quod
1335 2662 1397 2700 raro
1417 2663 1485 2722 opus
1499 2640 1597 2700 babeat
1609 2642 1661 2700 hu-

110 2717 247 2795 λαμὸάνει
263 2718 306 2778 τὸν
320 2717 398 2793 Υἱόν,
420 2718 456 2798 μή
477 2665 529 2802 γάρ
546 2724 583 2789 ὡς
598 2722 696 2781 άτονιῦν
706 2728 722 2782 θ
734 2725 797 2793 Υἱὸς
807 2749 889 2806 προσ-
942 2742 1020 2780 mana
1032 2722 1133 2800 ligura,
1143 2735 1174 2780 ut
1184 2719 1455 2801 accipiatadventum
1466 2721 1660 2810 Spi1·itus;non

107 2797 245 2874 λαμὸάνει
268 2797 298 2857 τὸ
321 2799 448 2876 Πνεῦμα,
463 2799 532 2858 Ἀλλ’
555 2801 713 2880 ἐπιδημία
753 2804 809 2872 tor<
832 2804 888 2866 ἐστὶ
905 2820 924 2867 n
942 2800 1016 2877 quod
1033 2822 1086 2860 non
1097 2801 1183 2881 possit
1193 2803 1265 2860 Deus
1274 2801 1399 2861 Verbum
1411 2802 1579 2859 sanctificare
1587 2822 1660 2860 crea·

105 2877 147 2976 τδρ
161 2879 547 2989 πάνταὴίνπῦσινίνεργοῦσα,
561 2880 596 2980 fb
618 2879 700 2958 μίνδ
752 2883 821 2966 αι-λρ
842 2888 885 2965 ἐρ·
941 2893 1030 2939 turam
1056 2901 1140 2959 quam
1151 2879 1286 2953 assumsit.
1301 2879 1372 2938 Num
1385 2879 1409 2970 si
1429 2880 1503 2970 bunc
1525 2898 1660 2972 mncesse·

107 2955 835 3121 {tituil‘lttttt‘lttttbtltl‘ft
852 2964 888 3105 ‘l
940 2959 1663 3099 {littlllla{ttlttlttttlllttfllt

110 3115 144 3173 τὸ
155 3117 279 3194 Πνεῦμα,
292 3116 337 3175 καὶ
351 3119 387 3184 εἰς
407 3126 495 3176 πᾶσαν
508 3117 557 3189 τήν
572 3119 647 3199 φύσιν
661 3121 886 3200 ἀναλαμάείνεται.
941 3118 1026 3198 igitur
1046 3122 1125 3179 Pater
1145 3117 1226 3198 quasi
1247 3119 1372 3177 infirmus
1396 3119 1508 3177 assumit
1530 3117 1661 3178 Filium?

110 3193 181 3255 Ὅτε
196 3187 240 3254 οὖν
258 3198 329 3256 ἐστιν
343 3202 360 3268 ἡ
375 3195 450 3276 φάσις
463 3200 522 3256 καθ’
536 3197 633 3270 ἑαυτήν
645 3202 825 3279 θειυρσυμίνη,
841 3203 886 3277 ίση
941 3220 1007 3258 num
1016 3198 1095 3279 quasi
1109 3197 1234 3257 infirmus
1253 3199 1275 3258 F
1277 3198 1341 3259 ilius
1361 3196 1476 3256 assumit
1496 3197 1660 3278 Spiritum?

106 3273 159 3332 καὶ
170 3275 273 3352 ὁμαλή,
283 3276 438 3347 δεσποτικῆς
450 3277 584 3345 αθθεντίας
595 3277 715 3359 πλήρης,
728 3282 885 3357 θαυμαστή,
940 3278 995 3340 sed
1003 3279 1069 3359 quia
1079 3300 1132 3337 una
1146 3291 1242 3336 natura
1254 3292 1305 3354 est,
1319 3298 1378 3356 quae
1391 3278 1484 3336 ornnia
1494 3277 1522 3336 in
1534 3278 1660 3337 omnibus

111 3354 174 3413 οὔτε
187 3354 291 3428 ἐνδεὴς,
301 3354 360 3414 οὔτε
371 3356 481 3427 ἀτελής,
495 3359 525 3416 οὐ
536 3358 739 3434 προκόπτουσα,
754 3340 784 3420 ed
798 3386 886 3440 μειου·
941 3371 1075 3439 0peratur,
1086 3358 1140 3416 alia
1149 3357 1261 3436 quidem
1268 3359 1348 3416 Pater
1357 3371 1493 3493 operatur,
1507 3370 1535 3415 et
1547 3356 1573 3415 in
1585 3359 1659 3416 omni

109 3434 198 3534 μίνη,
214 3437 261 3494 οὐκ
278 3435 469 3513 ἐλαττουμένη,
489 3439 518 3496 οὐ
538 3438 691 3517 προσθήκας
704 3440 886 3518 λαμὸάνουσα,
941 3436 1370 3516 naturasuscipiturraliaautem
1398 3435 1505 3510 ilius,et
1513 3435 1541 3493 in
1553 3457 1661 3495 omnem

126 3515 200 3572 Οταν
215 3513 409 3593 δὲμίναλάθηδ
428 3515 496 3583 Θεὸς
516 3516 601 3592 Λόγος
620 3517 668 3588 τήν
685 3518 771 3599 σάρκα
792 3520 840 3593 τήν
859 3520 887 3589 ἐξ
942 3517 1036 3576 transit
1044 3529 1184 3575 naturam:
1195 3513 1488 3604 aliaveroSpiritus,et
1497 3514 1660 3574 inomnina-

111 3595 203 3670 ἡμῶν,
223 3602 293 3653 ποιεῖ
318 3578 397 3666 αὐτήν
413 3593 482 3653 κατὰ
498 3594 541 3653 τὸν
556 3595 718 3674 ἀνθρώπινον
737 3597 831 3672 τύπον,
851 3604 887 3669 ὡς
942 3610 1001 3655 tura
1010 3595 1167 3675 suscipitur.
1180 3593 1297 3665 Quando
1312 3594 1397 3672 igitur
1405 3606 1498 3652 natura
1511 3594 1659 3654 secundum

107 3670 161 3731 ἕνα
183 3675 235 3731 τῶν
256 3676 410 3754 προφητῶν,
427 3673 491 3744 ἢὼς
505 3672 552 3733 ἕνα
565 3679 617 3734 τῶν
630 3677 797 3753 άποστολων,
812 3680 888 3760 διχο-
942 3677 1056 3755 seipsam
1071 3673 1266 3752 consideratur,
1280 3694 1331 3754 par
1354 3687 1432 3732 estet
1443 3673 1564 3752 aetprlis,
1597 3674 1657 3734 lena

113 3750 196 3829 μάν-ην
212 3754 324 3830 Πνεῦμα
347 3753 431 3833 ἅγιον.
457 3743 541 3812 Εἶπον
555 3752 711 3834 προλαὸίον,
724 3761 774 3839 οὐχ
791 3761 827 3826 ὡς
847 3759 886 3837 μὴ
942 3755 1035 3814 herilis
1057 3752 1195 3836 potestatis
1215 3767 1241 3812 et
1261 3752 1436 3827 auctoritatis,
1467 3695 1657 3826 admirabilis,

113 3830 246 3911 ἀρκούσης
269 3834 318 3902 τῆς
344 3832 465 3905 θεότητος
482 3837 528 3892 τοῦ
546 3835 626 3907 Υίοῦ,
647 3838 705 3896 ἀλλ’
719 3835 762 3896 ίνα
782 3838 888 3911 ἐντελής
942 3856 1028 3913 neque
1042 3834 1144 3912 indiga,
1161 3854 1247 3911 neque
1268 3832 1431 3912 imperfecta,
1458 3851 1510 3890 non
1524 3833 1656 3913 proficit,

112 3913 162 3981 τῆς
175 3912 289 3992 Τριάδος
300 3915 318 4016 p
330 3916 427 3989 γνῶσις
438 3914 464 3970 ἐν
476 3915 514 3990 τῷ
529 3914 668 3991 πλάσματι
685 3915 771 3998 τούτῳ
786 3917 824 3976 δει
845 3923 887 3991 θῆ.
941 3935 994 3973 non
1009 3914 1151 3989 minuitur,
1161 3933 1216 3971 non
1229 3925 1372 3992 augmenta
1384 3910 1508 3992 suscipit,
1525 3933 1578 3970 non
1589 3926 1657 3971 atte-

109 3989 274 4062 Κατηξιώθη
288 4014 331 4050 ουν
342 3995 359 4062 ἡ
371 3990 465 4071 σὰρξή
480 3991 623 4064 δεσποτικὴ
633 3997 788 4074 Πνεῦματος
800 3941 887 4076 idei,
943 4007 1053 4053 nuatnr.
1069 3995 1139 4053 Cum
1153 4005 1243 4050 autem
1255 3991 1360 4072 accepit
1379 3994 1451 4051 Deus
1468 3991 1590 4054 Verbum
1602 4014 1658 4051 τοι·

113 4068 161 4127 καί
174 4068 265 4129 λοιπδν
279 4069 885 4154 ίάοιίλετοδΣυτήρτδπλάσκα,δάνίλα6εν,
904 4101 925 4148 g
943 4094 1004 4132 nem
1033 4086 1162 4150 nostram,
1179 4071 1245 4131 fecit
1260 4093 1319 4131 eam
1347 4072 1465 4130 hnmano
1489 4092 1573 4146 more,
1597 4093 1656 4150 qnae

112 4148 225 4209 οἰκειοῦν
236 4153 274 4227 τῷ
288 4149 356 4231 ἁγίῳ
366 4149 565 4228 Πνειίματι,ίν’
580 4153 646 4232 ὅπερ
659 4177 690 4213 αν
705 4160 768 4234 ποιῇ
785 4160 800 4215 ὁ
815 4159 888 4238 xpr—
943 4152 1020 4232 quasi
1055 4174 1141 4211 unum
1180 4152 1374 4233 >prophetarum
1401 4151 1446 4209 vel
1474 4151 1657 4231 apostolorum

114 4227 177 4296 στθς
195 4227 266 4287 κατὰ
288 4230 390 4310 σάρκα,
409 4229 587 4311 ἐπιγράφηται
606 4237 645 4292 τῶ
668 4233 736 4312 bulo>
753 4235 889 4297 Πνειίυατι
944 4232 1072 4312 suscipiat
1090 4231 1226 4313 Sp'nitnm
1251 4244 1383 4290 sanctum.
1415 4229 1480 4287 Dixi
1497 4231 1583 4309 prius,
1603 4252 1656 4290 non

114 4310 154 4408 πῦρ
166 4309 327 4368 ιίνοικοῦντι
341 4310 367 4369 ἐν
382 4314 470 4391 αὐτῷ,
483 4312 519 4379 ὡς
534 4314 561 4370 ἐν
581 4292 648 4392 ἁγίίμ
662 4293 768 4394 ναῶΙτῷ
784 4293 890 4394 άνθρω-
937 4312 1016 4391 quod
1026 4310 1345 4372 nonsulliciatdivinitas
1356 4308 1430 4382 Filii,
1442 4308 1490 4367 sed
1501 4311 1657 4389 otperlecta

113 4410 193 4468 πινῳ.
207 4385 357 4470 Ἄνθρωπος
377 4388 429 4470 γάρ
451 4391 484 4447 δι’
499 4394 587 4467 ἡμᾶς,
601 4394 669 4459 Θεὸς
683 4373 712 4452 bl
733 4396 767 4453 δι’
784 4396 888 4455 ἑαυτόν·
944 4392 1087 4452 Trinitatis
1105 4391 1222 4470 cognitio
1239 4390 1267 4448 in
1286 4388 1397 4470 opificio
1420 4388 1469 4447 illo
1488 4389 1653 4447 ostendatur.

112 4467 184 4534 Θεὸς
196 4467 229 4525 δι’
244 4466 345 4539 ἑαυτὸν,
358 4467 493 4552 ἄνθρωπος
506 4471 533 4529 δὲ
547 4469 590 4528 διὰ
604 4473 810 4553 φιλανθρωπίαν.
824 4474 888 4545 Ἐξ·
944 4476 1092 4551 rlsseqnuta
1105 4472 1238 4549 igiturest
1252 4490 1313 4527 oaro
1326 4467 1435 4541 Domini
1445 4467 1580 4548 Spiritum
1591 4489 1657 4527 san—
1728 4500 1732 4506 ·

114 4543 196 4605 ε’ὅαλε
214 4545 349 4623 δαιμόνια,
366 4549 411 4607 καλ
427 4550 540 4621 ήθελησε
553 4548 601 4622 τὴν
613 4551 742 4613 &neberti
759 4557 812 4612 τῶν
827 4556 888 4614 δαι-
939 4567 1028 4628 otum,
1044 4566 1071 4611 et
1081 4548 1178 4610 deinde
1190 4548 1279 4608 voluit
1297 4548 1423 4610 Salvator
1437 4568 1554 4619 carnmn,
1576 4570 1658 4626 quam

115 4624 213 4702 μονίων
228 4626 382 4706 ἐπιγράφειν
402 4634 440 4708 τῷ
465 4629 531 4709 ἁγίῳ
557 4629 707 4707 Πνειίματι,
725 4633 776 4692 καλ
797 4634 887 4714 λέγει·
942 4633 1055 4770 οοοορὶι,
1082 4628 1197 4711 Spiritui
1211 4641 1302 4688 sancto
1322 4627 1461 4708 propriam
1483 4627 1613 4687 reddere:
1628 4643 1659 4686 ut

113 4705 150 4763 Εἰ
170 4703 197 4763 δὲ
209 4704 261 4783 ἐγὼ
279 4709 305 4764 ἐν
325 4707 463 4785 Πνειίματι
480 4708 548 4791 ἁγίῳ
566 4709 688 4770 tubello
705 4711 740 4770 rb
753 4713 887 4786 δαιμόνια.
942 4733 995 4791 quo
1016 4731 1130 4789 cumque
1150 4709 1265 4767 faciebat
1279 4707 1402 4766 Christus
1422 4707 1571 4766 secundum
1597 4728 1657 4766 car-

114 4783 171 4842 Καὶ
186 4775 369 4860 allucinantur
384 4791 422 4867 τῷ
436 4790 498 4848 Orsi
513 4788 604 4870 Λάγῳ,
622 4792 681 4849 ἀλλ’
699 4794 838 4874 ἐπιγράφει
851 4797 889 4874 τῷ
942 4814 1015 4862 nem,
1033 4789 1230 4850 adscriberetur
1250 4786 1368 4867 Spiritui
1381 4800 1481 4859 senem,
1493 4786 1540 4864 qui
1553 4786 1660 4846 babita-

113 4862 184 4941 ἁγίῳ
209 4864 358 4943 Πνῑύματῑε
380 4870 416 4934 ὡς
445 4869 463 4925 ἆ
499 4892 513 4948 ρ
540 4870 614 4946 ἅγιος
637 4870 791 4948 Πνείματος
814 4873 888 4954 ἁγίου
942 4872 984 4932 uit
1002 4871 1029 4929 in
1041 4890 1081 4942 co,
1092 4869 1162 4928 sicut
1173 4868 1302 4927 insancto
1313 4867 1433 4925 hnmano
1448 4860 1557 4947 temple.
1572 4866 1660 4927 Homo

113 4943 319 5021 κατηξιωμένος.
326 4944 431 5023 Ἀμελει
442 4945 487 5005 ὅτε
498 4949 617 5020 εἰσῆλθεν
637 4952 673 5016 εἰς
689 4950 720 5009 τὸ
733 4953 811 5032 ίερδν,
822 4959 889 5033 λαμ-
898 4979 935 5018 ni
943 4951 1014 5011 enim
1025 4963 1134 5031 propter
1143 4969 1202 5026 nos,
1217 4950 1292 5006 Deus
1303 4960 1392 5006 alitem
1405 4959 1515 5027 propter
1526 4946 1657 5026 seipsum:

114 5021 192 5082 ὅᾶνῑῑ
205 5024 249 5082 τὸ*
266 5023 405 5104 'mutivit
419 5024 599 5098 Ἱίσαίαννκᾱί
619 5030 805 5107 ἀναγινώσκει·
821 5036 889 5094 θνα·
907 5035 926 5079 Α
944 5035 1017 5090 Deus
1044 5042 1154 5111 propter
1175 5027 1303 5118 seipsum,
1331 5027 1411 5085 homo
1435 5039 1524 5084 antem
1551 5040 1661 5107 propter

109 5099 241 5181 γινώσκει
262 5102 289 5162 δὲ
311 5103 345 5164 τὰ
363 5104 424 5184 περί
442 5108 536 5168 ἑαυτοῦ
546 5109 735 5189 γεγραμμένα·
747 5112 801 5171 Καὶ
821 5117 889 5173 ἀνα·
944 5130 1061 5170 amorem
1074 5127 1136 5187 erga
1150 5107 1281 5167 homines.
1296 5105 1384 5186 Ejecit
1396 5105 1531 5164 damonrs
1547 5119 1593 5183 3et
1612 5127 1660 5165 νυ-

152 5290 164 5313 ·
180 5275 221 5324 stc
233 5276 290 5325 blss.
303 5277 462 5332 διετείνετο
474 5290 528 5336 ὅταν
539 5288 573 5337 u.
938 5298 947 5318 ⁶
965 5287 1006 5336 Sic
1019 5287 1080 5353 llrg.
1092 5296 1118 5335 et
1129 5283 1202 5336 Colb.
1217 5273 1286 5334 Edit.
1300 5298 1359 5333 νοτο
1370 5278 1457 5331 blorel.
1468 5287 1571 5334 οἰκοῦντι.

146 5354 166 5392 ¹⁴¹
184 5352 256 5404 coll).
272 5364 309 5409 καί
321 5370 405 5414 πᾶσαν.
