3764 5992
266 469 303 519 lll
330 470 444 537 tutto,
472 469 648 519 stnurtrn
672 468 874 518 Ptttscutnttt
898 470 943 521 ΕΤ
968 471 1136 535 tuntnttt.
1165 476 1203 525 ll·
1434 482 1505 557 229

144 614 170 659 ιε
185 594 466 676 δοιπχιιροτὸνρῦντες,
483 596 530 657 καὶ
541 597 573 655 lx
585 601 633 656 τοῦ
647 593 735 674 βήμα·
789 593 911 675 privatos
925 595 1060 678 principes
1072 596 1108 658 de
1120 597 1254 678 dignitate
1264 598 1406 663 deturbari
1427 603 1505 665 vide-

144 683 259 756 ίζπντες.
280 687 334 749 Διδι
346 695 423 749 τοῦτο
435 689 486 749 καί,
502 690 610 756 Παῦλος
620 688 665 748 τὸν
687 689 737 767 ἀρ·
789 685 888 746 bimus.
898 687 1049 770 Eapropter
1062 690 1164 752 Paulus
1175 712 1239 752 cum
1250 692 1402 775 principem
1413 714 1508 757 meer-

144 777 267 839 ίωδσίων
282 779 403 860 ὑδρίσοις,
415 781 461 840 καί
473 778 565 854 εἰπὼν,
578 779 696 840 Τύπτειν
706 802 737 838 σε
790 775 886 838 dotum
906 778 1064 841 Judaeorum
1085 782 1246 842 contumelia
1258 783 1402 859 affecisset,
1418 780 1507 846 aedi·

144 894 179 942 ς,
196 879 273 952 τοῖχε
286 871 476 951 κεκονισμίνε·
491 872 537 931 καί
550 870 583 931 ah
594 872 662 952 κάθῃ
677 871 737 950 κρί-
790 869 1041 933 nissetzPereutiet
1056 887 1085 933 te
1101 876 1193 953 Deus,
1206 880 1304 956 paries
1313 878 1467 938 dealbate:
1479 891 1508 939 et
1518 886 1571 933 Ao.
1585 888 1624 938 ει.
1633 888 1659 938 ι.

144 960 176 1035 δή
189 985 271 1023 τινων
282 964 393 1034 ἤκουσεν
405 963 628 1043 ἐπιστομιζόντων
643 963 736 1035 αῦτδν,
791 973 821 1019 tu
830 964 971 1043 judicans
984 986 1030 1023 me
1043 967 1147 1026 sedes?
1162 980 1307 1047 postquam
1322 982 1413 1029 autem
1425 990 1509 1048 quos-

144 1076 174 1124 ι,
197 1052 256 1114 Τδν
281 1055 408 1137 ἀρχιερέα
432 1064 479 1117 τοῦ
500 1059 571 1117 Θεοῦ
597 1056 743 1135 λοιδορεῖς,
790 1051 854 1112 dam
865 1052 971 1115 audivit
983 1076 1012 1115 se
1025 1056 1200 1137 increpantes,
1214 1072 1241 1118 ct
1253 1057 1371 1119 dicentes
1381 1083 1389 1119 ε
1398 1063 1507 1120 Ponti·
1519 1072 1555 1117 ιι.
1567 1087 1590 1117 ι.
1602 1073 1627 1133 ι.

144 1168 228 1219 ιενος,
247 1147 314 1216 ὅσην
329 1146 469 1225 ἀπονέμειν
493 1149 532 1207 δεῖ
551 1156 605 1214 τοῖς
624 1146 736 1226 ἄρχωσι
782 1144 875 1223 ficem
885 1148 1509 1229 Detconvictistncesststmonstrarevotens,

144 1236 156 1295 l
176 1236 227 1311 τὴν
239 1236 379 1317 τιμὴν,τί
400 1262 495 1318 postu
517 1241 577 1299 Oios
600 1239 673 1318 ᾔδειν
695 1237 737 1297 δτι
790 1250 921 1314 quantum
934 1251 1038 1318 oportet
1050 1238 1233 1300 sacerdotibus
1249 1241 1439 1302 Deiexhibere
1460 1242 1511 1304 bo-

144 1334 158 1387 ῦ
175 1331 247 1391 Θεοῦ
268 1320 311 1401 ἦν.
324 1332 377 1390 Διὰ
390 1338 467 1390 τοῦτο
484 1329 531 1389 καί
552 1330 637 1389 Δαυίδ
649 1352 736 1410 παρα·
754 1331 774 1377 Ι)
791 1347 884 1385 norem
903 1341 929 1387 et
943 1328 1131 1403 reverentiam,
1146 1331 1214 1409 quid
1235 1331 1323 1392 dicit?
1336 1335 1511 1394 Nesciebam
1521 1351 1557 1395 tt.
1571 1367 1593 1397 ι.
1605 1350 1629 1398 5.

144 1417 201 1479 ὢν
220 1420 266 1480 τὸν
279 1418 386 1493 matt,
399 1419 446 1480 καὶ
458 1420 536 1501 ριίνου
549 1419 678 1490 πνέοντα,
691 1418 737 1479 καὶ
792 1420 872 1497 quod
881 1421 1018 1501 pontifex
1032 1422 1090 1480 Dei
1109 1434 1194 1483 esset.
1210 1424 1354 1505 Propterea
1367 1437 1394 1483 et
1405 1423 1509 1503 David,

144 1509 279 1578 κολάσεως
290 1509 374 1584 ἄξιον,
385 1514 415 1571 οὐ
426 1511 505 1590 μόνον
517 1514 597 1572 αὑτοῦ
607 1515 656 1585 τῆς
668 1513 737 1583 ζωῆς
791 1530 854 1570 cum
871 1511 986 1571 Saiilum
1000 1512 1218 1592 apprehendisset
1231 1514 1475 1595 prevaricatorem,
1485 1529 1512 1575 et

144 1602 234 1665 toln
249 1608 323 1684 ῥῆμα
334 1605 456 1687 φορτικδν
471 1608 508 1673 είς
522 1604 735 1665 εὑτδνῖκὸαλεῖν
790 1602 937 1683 spirantem
963 1602 1160 1680 homicidium,
1185 1605 1332 1684 multisque
1355 1606 1441 1687 poenis
1465 1606 1512 1667 di-

144 1694 164 1755 tl
175 1694 226 1769 τὴν
237 1694 325 1755 αἰτίαν
341 1695 430 1769 τίθησι
442 1696 543 1776 λέγων,
558 1695 599 1756 δτι
616 1696 734 1779 Χριστὸς
791 1712 890 1772 gnum:
901 1714 954 1754 non
965 1693 1053 1753 solum
1068 1695 1127 1774 ejus
1139 1694 1203 1755 vilae
1220 1696 1352 1777 pepercit,
1365 1696 1414 1757 sed
1424 1717 1511 1777 neque

144 1810 157 1847 ι.
170 1789 231 1848 ota
245 1789 364 1847 ἐντεῦθεν
375 1788 403 1847 δὲ
414 1788 508 1867 μόνον,
522 1788 592 1849 ἀλλδ
616 1788 662 1848 καί
681 1788 737 1849 tri·
790 1797 821 1844 ut
832 1786 947 1845 verbum
958 1806 1084 1867 asperum
1095 1787 1123 1846 in
1138 1807 1200 1847 eum
1210 1788 1355 1868 jaceretur,
1369 1788 1522 1869 sustinuit„

144 1881 216 1953 ωιῆι
237 1883 287 1951 τῆς
309 1879 461 1962 περιουσίας
482 1882 554 1942 ἐστίν
577 1883 657 1957 ίδεῑν,
679 1885 736 1949 πῶς
790 1898 952 1956 causamque
968 1898 1070 1958 ponens
1082 1877 1163 1956 dicit,
1174 1880 1309 1939 Christus
1319 1881 1444 1940 Domini
1454 1894 1508 1941 est.
1523 1897 1610 1958 ntteg.
1620 1895 1660 1961 αι.

144 1974 174 2031 οῦ
186 1970 287 2031 etesi
301 1971 392 2052 ίερίων
406 1973 523 2053 διορθοῦν
533 1972 577 2032 τδν
588 1972 736 2054 ἀρχόμενον
790 1970 883 2048 Neque
899 1967 965 2028 hinc
983 1969 1083 2042 solnm,
1097 1968 1144 2029 sed
1163 1983 1190 2030 et
1207 1969 1318 2031 aliunde
1340 1970 1435 2032 ridere
1447 1971 1544 2033 licest-

144 2060 176 2135 τί.
199 2065 261 2134 Τῆς
273 2064 326 2145 γὰρ
340 2063 454 2124 κιὸωτοῦ
466 2088 533 2124 ποτε
555 2062 736 2143 ἀνοιγομένης,
790 2059 907 2140 copiose,
913 2058 1049 2139 quomodo
1062 2059 1203 2120 subditum
1214 2061 1511 2142 proculasaeerdotum

144 2158 196 2215 tiis
211 2152 368 2235 ἀρχομένων
380 2154 608 2236 περιτρεπομένην
625 2155 671 2215 καί
684 2179 736 2215 κα·
790 2151 957 2232 correpdone
967 2150 1059 2211 abesse
1071 2165 1184 2233 oportet.
1197 2154 1267 2212 Nam
1279 2173 1342 2212 cum
1363 2152 1510 2234 aliquando
1521 2161 1658 2224 ¹·fltt·⁶·7·

144 2247 271 2307 ίλλουοαν
294 2245 393 2314 ἰδόντες
413 2247 588 2328 ἀνώρθωσαν,
611 2250 639 2308 ἐν
663 2251 736 2328 αὐτῷ
789 2262 851 2302 arca
875 2241 1057 2320 reduceretur,
1075 2255 1102 2303 et
1124 2242 1299 2304 subditorum
1319 2244 1407 2324 aliqui
1420 2244 1456 2305 ad
1467 2245 1510 2305 la·

144 2336 201 2412 ίκην
215 2338 327 2413 ίδοσσν,
343 2339 396 2399 ὑπδ
417 2344 464 2399 τοῦ
478 2338 577 2421 Κυρίου
590 2339 736 2418 πληγέντες
788 2355 869 2415 psum
883 2336 1062 2399 declinantem
1074 2338 1196 2399 ridentes
1208 2339 1351 2419 erigerent,
1364 2360 1396 2399 eo
1409 2338 1509 2420 ipsein

144 2428 262 2497 ίκαντις.
275 2429 372 2491 Καίτοι
380 2455 411 2511 γε
420 2429 524 2491 evah
505 2454 603 2491 ατοπον
613 2430 733 2491 ἐποίουν
751 2447 771 2495 Ε
788 2426 848 2487 loeo
862 2449 970 2509 poenam
988 2428 1131 2508 dederunt,
1149 2444 1176 2490 et
1197 2451 1214 2490 tt
1235 2431 1352 2490 Domino
1374 2429 1506 2513 percussi,

144 2543 239 2603 τρεκον
256 2522 444 2597 τδνκιδωτδν,
457 2524 517 2582 ἀλλ’
540 2522 734 2601 ἀνατρέπεσθαι
788 2520 889 2579 mortui
903 2535 1067 2610 manserunt,
1080 2521 1269 2583 tametsinihil
1282 2537 1391 2602 agerent
1406 2521 1509 2583 absur-

144 2614 172 2675 nl
192 2614 372 2675 καταπίπτειν
393 2613 535 2695 ἇνῶρδσυν.
547 2613 617 2675 Ἀλλ’
637 2613 681 2674 ίνοι
703 2618 768 2676 ἐκ
763 2608 864 2671 ·.dum
879 2613 939 2672 Non
953 2612 1507 2695 enimsubvertebanmedlapsurameri·

144 2704 225 2775 μαίας
239 2707 374 2788 μείδης’
337 2731 392 2767 σοιν
405 2707 497 2789 ἱερέων
510 2708 541 2767 τὸ
555 2706 675 2787 ἀξίωμα,
688 2710 734 2769 καὶ
788 2702 895 2782 gebant.
901 2705 937 2765 Et
948 2718 980 2765 ιιι
992 2725 1027 2765 ea
1040 2704 1190 2765 abundanti
1204 2704 1374 2766 sacerdotum
1387 2706 1507 2787 dignita-

144 2798 209 2866 ιτδν
218 2797 430 2879 ὑποτεταγμένον
443 2798 490 2859 καί
505 2802 532 2859 δν
551 2799 624 2869 ταξει
634 2803 733 2865 λαικῶν
786 2808 842 2854 tem
854 2795 954 2870 discas,
968 2810 995 2857 et
1007 2797 1145 2876 quomodo
1155 2818 1208 2858 non
1221 2797 1257 2857 sit
1270 2798 1310 2858 las
1320 2797 1507 2876 subditum,et

152 2890 332 2969 ίπενορθοῦν,
347 2890 498 2952 ἀπέκτεινεν
512 2890 606 2960 αὐτοὺς
617 2896 644 2952 ιν
660 2892 734 2973 μέσῳ
786 2885 815 2946 in
827 2885 922 2948 ordine
931 2888 1066 2951 laieorum
1079 2889 1251 2951 exsistentem
1264 2889 1328 2949 talia
1348 2891 1503 2971 corrigeres

144 2980 417 3052 αιςᾶλλωςπάοςος
430 2986 461 3044 ις
474 2984 734 3064 πολλῆςφοὸῶοςῆς
785 2976 848 3038 illos
877 2979 905 3039 in
933 2978 1022 3040 media
1052 2980 1228 3042 multitudine
1255 2981 1368 3060 occidit,
1394 2996 1504 3045 ceteros

144 3072 181 3133 ιαλ
194 3071 294 3133 πείθων
308 3075 441 3153 μηδέποτε
452 3083 508 3143 τοῖς
524 3077 573 3147 τῆς
591 3075 734 3158 ἱερωσύνης
786 3091 877 3131 omnes
885 3071 937 3132 hoc
945 3073 1071 3155 prodigio
1081 3072 1231 3134 admodum
1240 3087 1351 3150 terrens,
1358 3088 1385 3134 ct
1394 3095 1505 3156 persua-

144 3161 230 3233 λίποις.
247 3165 282 3225 Et
303 3163 402 3246 γδρδὴ
424 3165 545 3245 μίλλοιεν
565 3166 675 3227 ἕκαστοι
689 3166 734 3227 ἐπὶ
786 3163 887 3225 dens
864 3186 911 3241 ets
917 3166 994 3226 nead
1003 3166 1086 3247 adyta
1096 3165 1239 3228 sacerdotri
1248 3164 1384 3229 ascedant
1391 3168 1422 3229 St
1431 3189 1504 3230 enim

144 3258 157 3315 δ
180 3254 217 3317 st
237 3260 327 3325 κακῶς
351 3256 477 3338 γινόμενα
504 3260 621 3338 διορθοῦν
641 3261 679 3327 εἰς
702 3260 734 3319 τδ
741 3257 885 3355 singuh
895 3259 1007 3320 obtentu
1018 3258 1089 3320 male
1100 3274 1160 3321 aeta
1173 3259 1347 3340 corrigendi
1338 3280 1367 3320 m
1380 3261 1505 3322 sacerde-

144 3370 168 3421 ςς
189 3346 304 3427 είσίγειν
324 3348 432 3418 ίαυτοδς
446 3348 569 3428 ἀξίωμα,
589 3349 649 3410 οὔτε
663 3314 776 3430 πρδ-ω
749 3371 771 3418 Α
786 3349 818 3409 tii
830 3349 1161 3430 dignitatemseinlerant,
1174 3373 1323 3431 numquam
1329 3351 1415 3412 deerrt
1421 3373 1506 3413 corn

144 3440 192 3521 ψει
218 3439 382 3520 διορδῶοεώς
406 3464 488 3516 ποτε,
516 3439 577 3501 οὔτε
600 3441 733 3524 ἄρχοντα,
786 3439 872 3547 gendi·
880 3442 994 3519 occasio,
1004 3442 1443 3519 etconlusisinterseomnibus,
1434 3457 1505 3504 tnter

144 3552 177 3591 ον
192 3531 407 3613 διπγνωσόμεθα,
427 3533 703 3614 ἀνσμεμιγμίνων’
664 3559 733 3596 ποιν-
785 3532 934 3615 principem
951 3548 978 3595 et
989 3534 1129 3595 subditum
1142 3556 1195 3596 non
1210 3534 1402 3596 discernemus.
1418 3537 1505 3596 Nemo

144 3645 168 3691 ς.
194 3623 250 3683 Καί
268 3624 306 3702 μή
329 3623 363 3702 με’
382 3648 422 3691 τις
444 3625 540 3705 νομίσῃ
565 3629 619 3684 τῶν
642 3625 732 3707 ίερίων
786 3623 844 3684 haec
858 3646 902 3684 me
915 3626 1005 3686 diocte
1015 3627 1150 3708 opinetur,
1165 3626 1243 3705 quasi
1256 3624 1292 3685 ad
1301 3630 1450 3688 sacerdotes
1458 3648 1506 3688 ao·

181 3720 266 3775 ταῦτα
300 3714 386 3795 λίγειν
424 3715 490 3790 (διδ
520 3715 573 3798 γδρ
606 3717 655 3790 τὴν
688 3725 734 3779 τοῦ
787 3716 994 3798 cusandos(per
1006 3718 1059 3777 Dei
1074 3738 1189 3796 namque
1202 3717 1319 3797 gratiam
1328 3717 1354 3777 in
1365 3719 1503 3794 omnibus,

144 3846 154 3877 ,
182 3805 301 3881 πολλὴν,
323 3810 359 3876 ὡς
390 3807 436 3867 καί
469 3813 545 3887 ὑμεῖς
576 3808 650 3881 ίστε,
684 3808 732 3882 τὴν
786 3820 817 3865 ut
828 3820 854 3866 et
866 3829 915 3867 vos
926 3807 1012 3883 scitis,
1023 3829 1149 3888 magnam
1158 3808 1288 3868 exhibent
1300 3810 1470 3891 probitatem,
1479 3824 1506 3872 et

144 3919 155 3957 t
180 3896 514 3973 heistettensem,
546 3900 592 3959 καί
608 3902 732 3979 οὐδεμίαν
787 3898 1291 3978 ncminiumquamcriminandiansam
1300 3900 1506 3979 dederunt)‚sed

151 3986 342 4070 περεσχήκαοι
362 3989 484 4066 λαὺήν),
506 3992 566 4051 ἀλλ’
591 3991 635 4052 ίνα
658 3995 733 4071 ὑμεῖς
786 4001 817 4048 ιιι
831 3989 952 4069 discatis,
961 3991 1066 4051 etiamsi
1076 3992 1214 4073 improbos
1223 3991 1360 4053 haberetis
1372 4007 1506 4075 patres,et

159 4080 184 4139 εί
205 4079 252 4140 καί
273 4080 422 4163 μοχθηροὺς
443 4083 529 4163 είχετε
550 4083 667 4164 πατέρας
687 4085 733 4144 καλ
786 4082 912 4142 molestos
936 4084 1090 4165 magistros,
1114 4105 1201 4164 neque
1224 4085 1323 4145 siccis
1345 4085 1506 4146 maledicere

144 4170 290 4243 Ιεισιισλους,
302 4171 361 4233 οὑδὲ
374 4172 455 4242 οὑτως
465 4175 599 4237 ἀκίνδυνον
612 4181 674 4255 ὑμῖν
690 4168 732 4251 ἦν,
786 4173 864 4234 vobis
872 4195 996 4235 securum
1005 4189 1031 4235 et
1040 4176 1140 4256 absque
1146 4176 1226 4256 gravi
1233 4177 1353 4258 periculo
1362 4178 1426 4236 lere.
1435 4179 1505 4237 Nam

144 4286 153 4331 ς
176 4264 344 4343 βλασφημεῖν
363 4264 457 4334 αὐτοὺς
479 4266 525 4326 καί
545 4267 731 4349 λοιδορεῖσθαι.
785 4264 808 4322 si
829 4264 864 4324 de
888 4267 1074 4348 corporalibus
1097 4268 1256 4348 parentibus
1270 4269 1376 4349 sapiens
1390 4267 1505 4346 quidam

144 4356 194 4415 τῶν
213 4358 373 4431 σωματικῶν
388 4356 485 4436 γονέων
506 4357 585 4439 σορός
598 4358 638 4427 τίς
651 4382 733 4440 φησι,
785 4355 906 4417 dicit:Si
918 4379 1005 4418 sensu
1015 4358 1146 4440 deficiat,
1156 4362 1277 4419 veniam
1286 4361 1326 4420 do
1336 4384 1345 4417 :
1357 4358 1505 4439 quidenim
1514 4385 1656 4435 παμμμ,

144 4442 277 4517 γυίοισιν,
292 4445 451 4524 συγγνώμην
463 4447 508 4527 ἔχε
521 4472 528 4486 ·
541 4448 569 4507 τί
580 4450 632 4531 γδρ
646 4452 733 4517 αὐτοῖς
749 4463 767 4510 Β
786 4445 841 4507 illis
855 4447 945 4522 dabis,
961 4448 1040 4529 quale
1054 4449 1106 4531 ipsi
1121 4450 1290 4511 tibitmulto
1306 4451 1392 4532 magis
1403 4451 1432 4512 in
1449 4450 1505 4533 spl-

144 4534 223 4603 ιιδδυς
239 4535 315 4596 αι’κτοί
325 4562 381 4613 οοι;
391 4542 482 4622 πολλῷ
496 4543 597 4620 μᾶλλον
616 4541 662 4602 ἐπὶ
679 4545 731 4602 τῶν
785 4539 931 4600 ritualibus
945 4541 1003 4600 haec
1024 4540 1069 4600 lex
1085 4541 1252 4601 observanda
1265 4567 1272 4601 ι
1284 4564 1316 4602 ae
1330 4542 1504 4623 uniuscnjus-

156 4632 250 4688 τοῦτον
261 4629 439 4709 ρυλιίττεσθαι
450 4631 503 4712 χρὴ
517 4633 561 4694 τδν
575 4633 672 4712 νόμον,
685 4635 732 4694 και
786 4653 838 4710 que
850 4633 973 4692 officium
985 4646 1074 4708 est,ut
1086 4654 1163 4693 suam
1171 4632 1257 4714 ipsius
1267 4634 1352 4695 vitam
1361 4634 1505 4715 diligenter

144 4718 199 4800 βίον
214 4719 307 4779 ἐσυτδν
321 4720 432 4782 ίκαστον
445 4724 662 4804 περιεργάζεσθαι
685 4725 730 4785 καί
785 4723 945 4799 consideret,
956 4738 982 4785 et
994 4724 1126 4802 excutiat,
1137 4745 1171 4784 ne
1184 4723 1310 4788 videlicet
1323 4726 1504 4789 audiamusin

144 4816 200 4884 εῖν,
209 4809 254 4870 ίνοι
269 4809 309 4890 μὴ
323 4812 477 4891 ἀκούσωμεν
489 4819 548 4874 κατ’
568 4815 671 4890 ἐκείνην
682 4817 729 4891 clv
785 4815 831 4876 die
845 4816 907 4875 illo·
918 4819 1097 4897 Hypoerita,
1113 4820 1186 4899 quid
1207 4820 1293 4879 vides
1298 4821 1451 4900 festucam
1471 4823 1555 4880 irttta
1557 4830 1590 4877 ιιι
1576 4845 1625 4892 ap
1629 4831 1653 4878 ι.

144 4900 253 4982 οκριτδ,
263 4902 291 4961 τί
306 4901 456 4983 βλέπεις
431 4930 462 4965 τυ
478 4906 610 5017 κάρροςτ
594 4909 728 4969 τδέν
691 4934 730 4990 τῳ
785 4909 870 4968 oculo
875 4911 987 4989 fratres
1001 4913 1055 4982 tui,
1071 4931 1103 4968 tn
1115 4923 1164 4970 tuo
1177 4925 1276 4970 autem
1293 4912 1377 4971 oculo
1391 4914 1504 4973 trabem

150 4994 270 5075 ddalpou
281 4995 406 5070 σαυτὴν
418 4995 486 5059 δδεν
497 5022 536 5080 τοι
551 5003 730 5084 σῷδρθαλμῷ
785 5022 845 5060 non
865 5003 1054 5063 consideras?
1078 5001 1187 5063 Etenim
1205 5002 1412 5085 hypocritarum
1435 5024 1505 5086 opus

157 5085 253 5161 δοκίνς
273 5085 328 5147 Καί
349 5078 402 5169 γδρ
424 5093 572 5170 ὑποκριτῶν
595 5090 684 5172 ἔργον,
698 5093 730 5153 τδ
782 5106 822 5151 est
822 5092 951 5173 publtce
960 5093 1071 5174 quidem
1080 5107 1108 5153 et
1116 5094 1244 5155 omnibus
1259 5094 1504 5157 videntibusoscu·

145 5176 197 5239 καί
216 5178 326 5238 πάντων
346 5178 468 5262 δρώντων
478 5180 526 5250 τὰς
540 5193 631 5265 χεῖρας
645 5188 728 5266 ριλεῐν
782 5184 833 5243 lari
843 5206 939 5245 manus
947 5185 1115 5247 sacerdotum
1116 5208 1217 5268 genua
1224 5200 1343 5270 tangere,
1350 5188 1504 5271 supphcere

144 5268 191 5331 καί
208 5269 328 5349 γονάτων
339 5271 484 5348 ἅπτεσθαι,
498 5274 545 5333 καί
565 5277 727 5356 παρακαλεῖν
782 5290 812 5336 ιιι
820 5291 1001 5358 presentent,
1009 5293 1036 5340 et
1043 5277 1179 5361 bapttsttto
1189 5278 1503 5363 indigcntoettlillttrttm
