3810 6000
468 480 501 529 1u
528 481 643 546 renuo,
670 481 819 531 rnorrmn
846 483 1113 533 rouurcnmoues
1139 485 1293 534 uxorsu.
1580 465 1649 554 243

107 604 213 676 διώκει,
227 593 303 670 οὗτος
316 601 433 682 μάλιστα
448 605 566 685 φευγέτω
576 603 625 678 τὴν
637 605 703 685 πρδς
721 604 768 673 τάς
781 605 880 687 πόρνας
937 627 999 667 cum
1007 608 1137 668 oblectari
1146 608 1243 689 possis,
1264 621 1290 668 et
1302 608 1409 670 nullum
1430 609 1532 671 malum
1554 611 1649 670 incur-

106 694 224 775 ἐμιλίαν.
234 693 322 755 Οδδέν
333 694 386 777 γάρ
396 695 497 769 ἐκείνης
509 701 557 769 τῆς
571 697 707 769 συνηθείας
715 697 881 778 πικρότερον,
936 699 1013 757 rere?
1037 699 1106 758 Cum
1130 699 1216 759 libera
1243 713 1270 760 et
1292 701 1404 761 honesta
1429 700 1542 761 muliere
1568 702 1651 762 simul

108 787 181 850 αἰδίν
193 791 242 860 τῆς
263 787 399 855 συνουσίας
421 789 593 870 ἀηδέστερον,
606 790 678 850 οὐδὲν
702 795 754 850 τῶν
776 789 881 871 τρόπων
936 790 1060 872 voluptas
1073 806 1111 850 est
1125 805 1151 850 et
1170 792 1341 870 securitas‚et
1357 793 1498 853 delectatio
1511 807 1537 852 et
1550 793 1648 872 honor,

110 877 282 962 μιαρώτεροι.
293 877 413 961 Ἔλαφος
425 878 523 961 φιλίας,
536 880 582 940 καλ
594 883 683 949 πῶλος
694 886 747 942 σῶν
763 880 879 962 χαρίτων
935 896 961 942 et
976 897 1085 942 ornatus
1095 897 1121 941 et
1134 883 1204 942 bona
1218 884 1376 943 conscientia
1391 884 1465 948 :iilic
1478 899 1569 945 autem
1577 906 1650 944 aoer·

109 970 232 1050 ἐριιλείτω
243 995 286 1039 σοι
298 995 306 1009 ·
318 977 335 1044 ἡ
349 971 424 1053 πηγὴ
435 979 481 1032 τοῦ
494 971 587 1040 ὕδατός
601 996 648 1033 σου
659 973 700 1034 σοὶ
714 974 782 1033 ἔστω
796 972 879 1053 πηγή.
935 967 1006 1034 bitas
1015 974 1109 1049 multa,
1123 975 1251 1034 damnum
1262 976 1391 1053 multum,
1404 978 1538 1037 accusatio
1548 999 1649 1059 perpe-

60 1099 64 1108 »
110 1063 202 1142 ἐέηγὴν
216 1062 313 1132 ὓδατος
331 1063 402 1145 ἐχινν
416 1063 548 1147 καθαράν,
557 1065 585 1124 τί
597 1063 701 1146 τρίχεις
718 1064 762 1125 ἐπί
780 1065 879 1124 λάκκον
903 1072 905 1076 ‘
934 1080 990 1126 tua.
1013 1066 1148 1138 Quamris
1163 1066 1234 1125 enim
1254 1067 1346 1127 nullus
1364 1069 1506 1129 homiuum
1523 1068 1623 1129 viderit
1641 1115 1650 1148 ,

111 1154 235 1235 Μόρον
258 1154 391 1237 pium,
425 1154 531 1235 γείννςς
552 1156 661 1232 ὄζοντα,
682 1155 728 1217 καί
746 1155 880 1225 κολάσεως
934 1178 1084 1237 numquam
1095 1172 1184 1217 tamen
1191 1173 1347 1219 accusarete
1356 1158 1460 1220 desinet
1470 1161 1648 1220 conscientia:

110 1247 222 1327 δράκον,
236 1246 317 1308 ποίαν
329 1245 396 1317 ἄεις
414 1245 571 1327 ἐκολογίανς
585 1247 644 1308 τίνα
662 1247 833 1328 συγγνώμην,
845 1250 880 1308 Εἰ
933 1249 979 1310 sed
993 1271 1163 1329 quocumque
1172 1251 1368 1330 perrexeris,te
1381 1266 1505 1331 sequetur
1520 1273 1650 1312 accusans

111 1337 192 1419 χέροί
202 1340 258 1421 πρδ
275 1344 323 1400 τοῦ
336 1339 423 1419 priuos
442 1339 550 1420 πορνείᾳ
562 1339 735 1421 προσέχοντες
751 1339 879 1410 κολάζον-
933 1357 959 1402 et
981 1363 1077 1422 magna
1101 1363 1168 1403 roco
1190 1356 1215 1401 te
1239 1363 1400 1423 persequens
1419 1357 1559 1404 aecusator
1583 1345 1644 1404 iste.

112 1454 152 1490 ται
163 1431 209 1491 καί
219 1429 298 1504 δίκην
310 1431 425 1506 διδόασι,
436 1431 555 1514 καθάπερ
569 1435 666 1499 ἐκεῖνος
685 1436 700 1492 ὁ
717 1430 752 1492 τά
774 1432 879 1514 ῥυπαρά
933 1438 1026 1514 itaque
1034 1435 1123 1514 siquis
1134 1434 1301 1515 voluptatem
1310 1449 1434 1515 sectetur,
1445 1436 1468 1496 is
1477 1458 1649 1516 congressum

111 1523 271 1601 ἐνδιῦφιίνοε
285 1522 401 1602 ἱμάτια,
420 1525 511 1606 πολλῶ
523 1525 622 1602 μάλλον
636 1525 662 1583 oi
676 1522 744 1602 perd
765 1523 809 1583 τδν
826 1524 878 1604 γά·
895 1543 914 1592 c
933 1548 997 1588 cum
1020 1526 1208 1587 meretricibus
1227 1527 1314 1606 fugiat
1337 1527 1463 1586 maxime.
1485 1527 1562 1587 Nihil
1577 1529 1650 1587 enim

112 1638 165 1694 ρει.
177 1617 300 1676 statues
312 1615 366 1697 γὰρ
381 1619 493 1676 ἐνταῦθα
508 1616 554 1678 καί
566 1618 692 1698 τριπλοῦν
706 1615 737 1675 τδ
756 1615 879 1696 ἔγκληρα
932 1618 980 1678 itta
1003 1619 1196 1679 consuetudine
1219 1616 1405 1698 injucundius,
1423 1619 1493 1678 nihil
1518 1619 1567 1679 illo
1580 1641 1647 1680 oon-

110 1706 214 1786 ρίνεοαι,
226 1707 271 1768 δτι
283 1733 314 1768 τε
324 1706 495 1790 παραμυθίας
514 1709 703 1783 ἀπολαύοντες,
715 1708 877 1790 ἀπισκίρτη-
932 1731 1025 1792 gressu
1038 1710 1188 1789 molestius,
1203 1709 1274 1769 nihil
1293 1711 1416 1771 moribus
1442 1711 1552 1771 ssiamm
1564 1712 1641 1772 scele

110 1803 203 1867 εινιίς
220 1798 271 1873 τὴν
294 1798 435 1879 άσίλγειαν
455 1799 572 1876 ἐκείνην,
586 1799 631 1861 κάλ
649 1800 691 1860 ὅτι
711 1800 741 1860 τὸ
765 1810 878 1881 πρᾶγμα
932 1805 1009 1864 stius.
1033 1806 1142 1864 Cervus
1156 1807 1303 1878 amicitie,
1326 1816 1355 1864 et
1367 1805 1467 1886 pullus
1480 1809 1646 1886 gratianum
1655 1811 1729 1935 χχιχ
1741 1809 1777 1919 Ι55
1826 1834 1829 1838 ·

108 1891 165 1971 sipi
181 1890 296 1974 πορνεία
308 1893 403 1970 μόνον,
422 1892 492 1953 ἀλλὰ
505 1893 551 1953 καί
573 1892 681 1974 μοιχεία
696 1893 844 1972 λογίζεται,
864 1893 878 1954 δ
932 1910 1051 1957 tuarum
1064 1896 1272 1976 confabuletur
1281 1909 1375 1956 tecum
1389 1919 1398 1953 .·
1408 1898 1479 1977 fons
1492 1917 1579 1979 aquoe
1588 1911 1647 1958 tuoe

108 1983 192 2055 πάσης
210 1983 347 2065 ἁμαρτίας
365 1983 422 2046 ἐστὶ
443 1983 638 2067 χαλεπώτερον.
658 1986 744 2045 Ταῦτ’
764 1976 810 2043 οὗν
831 1985 877 2046 καὶ
931 1993 970 2048 sit
982 1991 1037 2048 tibi
1042 1989 1129 2070 sons.
1141 1987 1211 2046 Cum
1226 1987 1263 2047 sit
1289 1987 1340 2046 tihi
1359 1987 1417 2046 ions
1433 2010 1528 2068 portu,
1549 2010 1598 2050 eur
1611 1989 1647 2050 ad

109 2077 204 2144 ίωσυίς
216 2075 265 2136 καί
278 2083 338 2145 ταῖς
346 2075 461 2157 γυναιξίν
472 2077 612 2159 ἐπᾴδοντες
622 2077 692 2137 οὕτω
703 2078 876 2154 διατελῶμεν·
930 2081 1021 2139 laeum
1031 2079 1089 2139 luto
1102 2080 1213 2160 plenum
1226 2078 1323 2153 eurris,
1331 2080 1480 2158 gehennam
1495 2080 1611 2141 olentem
1621 2096 1647 2142 et

108 2167 246 2242 ἐεδδήκσί
258 2170 385 2238 αδτδςείς
394 2174 478 2230 ταῦτα
487 2170 631 2231 καταλάσω
639 2169 673 2229 τὰ
683 2170 790 2250 ῥήματα
803 2194 810 2208 ·
825 2154 878 2230 ded
931 2172 1097 2255 supplicium
1121 2171 1278 2230 ineffabile?
1299 2192 1352 2249 qua
1383 2173 1567 2249 excusatione,
1593 2197 1648 2254 qua
1710 2210 1714 2219 ³

108 2261 187 2332 turta
194 2261 321 2342 πορνείας
332 2260 498 2336 ἐκαστοςτλν
507 2265 600 2323 ἐαυτοῦ
606 2272 718 2342 γυναῖκα
728 2261 822 2343 ἐχέτω,
832 2264 877 2324 καί
931 2268 1011 2327 venia
1032 2265 1131 2346 dignus
1144 2264 1245 2345 poteris
1267 2264 1374 2324 rideri?
1387 2265 1417 2325 si
1431 2265 1504 2324 enim
1518 2266 1565 2344 qui
1586 2279 1648 2327 ante

108 2354 202 2429 ίιάπιι
212 2355 260 2416 οδε
269 2355 338 2415 ἐδιον
352 2355 435 2436 ἄνδρα
448 2355 532 2436 ἐχέτω
542 2379 549 2394 ·
559 2359 593 2435 τῇ
604 2356 708 2436 γυναικί
720 2360 735 2416 ὁ
748 2356 816 2439 ἀνὴρ
828 2356 876 2429 τὴν
932 2371 1097 2418 contractum
1107 2355 1310 2415 matrimonium
1319 2371 1579 2439 scortantur‚poenas
1588 2380 1648 2418 sus·

109 2446 389 2529 ἐφαλομίηνεῦνοιαν
404 2448 564 2524 ἀποδιδότω,
572 2449 667 2528 ὁμοίως
678 2447 827 2528 καίὴχυνὴ
839 2454 877 2530 τῷ
931 2450 1028 2524 tinent,
1051 2463 1078 2507 et
1103 2447 1238 2529 supplicio
1251 2449 1415 2529 plectuntur,
1440 2447 1509 2508 sicut
1532 2449 1579 2508 ille
1599 2451 1648 2529 qui
1768 2486 1772 2503 .

109 2538 186 2620 ἐνδφί
198 2539 237 2601 ‘tl
249 2539 318 2620 wi
327 2546 374 2600 τοῦ
388 2540 454 2600 ἰδίου
464 2539 586 2620 σώματος
595 2545 642 2603 οὐκ
651 2541 801 2615 ἐξουσιάζει,
816 2543 875 2601 ἀλλ’
894 2551 913 2597 lt
931 2540 1049 2603 sordidis
1062 2554 1119 2601 erat
1136 2539 1302 2599 vestimentis
1316 2538 1439 2613 indutus,
1457 2540 1546 2599 multo
1559 2541 1647 2620 magis

110 2631 213 2714 ίένιὶρ·
223 2630 534 2714 δροίιιεκαὶδάνὴρτοῶ
544 2631 612 2694 ίδίου
621 2632 745 2710 σώματος
755 2637 800 2693 οὐκ
811 2633 877 2702 ἐξου-
931 2636 979 2715 qui
993 2633 1165 2693 matrimonio
1177 2644 1323 2691 contracto.
1334 2632 1444 2713 Duplex
1457 2632 1529 2691 enim
1538 2631 1603 2692 inde
1616 2653 1648 2692 ac

112 2722 202 2794 ειάζιι,
216 2724 277 2783 ἀλλ’
291 2728 310 2795 ὴ
323 2722 400 2803 pori.
414 2723 492 2784 Μετὰ
504 2725 642 2808 ἀκριὸείας
653 2731 738 2784 ταῦτα
750 2724 878 2806 φυλάξον·
930 2727 1032 2810 triplex
1055 2727 1157 2786 crimen
1183 2724 1281 2799 oritur,
1300 2739 1358 2784 tum
1372 2725 1436 2803 quia
1458 2723 1650 2784 cum'delieiis
1733 2754 1738 2761 ·

111 2836 150 2881 τις
163 2814 199 2874 τέ
214 2814 340 2896 ῥήματα,
353 2815 401 2875 καὶ
414 2819 442 2876 ἐν
456 2820 555 2898 ἀγορᾷ,
574 2817 620 2876 καί
642 2820 669 2877 ἐν
685 2816 774 2900 οίκίφ,
787 2817 833 2877 καί
850 2819 877 2877 ἐν
929 2822 1091 2897 fruerentur,
1103 2818 1138 2878 ad
1154 2818 1295 2878 lasciviam
1311 2817 1386 2876 iilam
1394 2816 1576 2898 prosilierunt,
1590 2831 1649 2877 tum

112 2905 209 2987 ίριίριρ,
225 2907 273 2966 καί
287 2908 315 2966 ἐν
329 2906 446 2989 deripe,
464 2909 511 2969 καί
532 2910 576 2970 ἐπὶ
594 2913 643 2982 τῆς
662 2910 810 2993 τραπίζης,
832 2909 877 2969 καί
930 2913 1056 2992 quianon
1069 2911 1149 2971 modo
1162 2909 1288 2970 scortatio
1300 2930 1342 2968 res
1354 2908 1463 2983 illa‚sed
1477 2909 1650 2970 etiamadul-

114 2998 152 3058 ίτὶ
161 3003 209 3071 τῆς
221 3001 315 3085 εένῆς,
335 2998 382 3058 καὶ
400 3007 538 3082 πανταχοῦ
553 3001 599 3060 καὶ
622 3002 695 3061 αὐεοί
711 3004 877 3079 μελετῶμεν,
930 3005 1028 3064 terium
1036 3001 1242 3080 censetur,quod
1252 3001 1464 3082 peccatoquovis
1473 3014 1514 3061 est
1522 3002 1646 3081 gravius.

115 3090 153 3149 Εἴ
161 3091 209 3159 *ἐς
219 3098 348 3172 mim<
362 3091 543 3172 παιδείωμεν,
558 3093 604 3152 καί
618 3094 684 3174 πρδς
696 3097 767 3171 ἡμᾶς
778 3091 877 3172 λέγειν,
932 3096 997 3155 Haee
1007 3096 1091 3177 igitur
1103 3108 1130 3154 et
1143 3093 1221 3153 nobis
1235 3107 1260 3151 et
1271 3092 1432 3151 mulieribus
1444 3092 1579 3152 inculcare
1592 3114 1648 3153 non

116 3180 321 3263 οτὶιιαρῖὴμῶν
336 3182 511 3259 άκοίειν,ίνα
530 3184 670 3265 σωφρόνως
692 3183 737 3242 τδν
757 3183 877 3263 παρόντα
931 3187 1194 3265 desinamustquam
1202 3184 1650 3246 etiamobcausamhisverbisora-

117 3271 313 3353 ἐίοτιτκιβίον,
326 3275 374 3334 καί
387 3279 435 3347 τῆς
456 3275 591 3356 βασιλείας
607 3280 662 3334 τῶν
682 3277 798 3358 οὐρανῶν
815 3278 876 3335 ἐπι·
931 3279 1031 3339 tionem
1058 3277 1217 3343 concludam
1244 3278 1392 3356 :Propter
1415 3279 1645 3358 fornicationem
1659 3295 1799 3361 r.cor.7.n.

117 3362 243 3444 νίχυμιν,
256 3366 353 3448 χάριτι
366 3369 413 3428 καὶ
425 3369 610 3451 φιλανθρωπία
627 3375 674 3429 τοῦ
685 3368 784 3450 Κυρίου
798 3372 875 3446 ἡμῶν
931 3377 1129 3455 unusquisque
1142 3391 1227 3431 suam
1251 3390 1371 3428 uxorem
1393 3372 1511 3446 habeat,
1526 3385 1554 3430 et
1574 3360 1712 3431 una-'⁴¹

118 3453 390 3549 ἨτῶΧρωτῶ,δι’
411 3451 442 3520 οὗ
461 3461 582 3538 κείμεθ’
601 3451 876 3543 οδτῷῐέατρὶ,άμα
930 3485 1056 3546 queque
1082 3485 1169 3523 suum
1198 3465 1299 3521 virum
1324 3462 1442 3521 habeat.
1479 3464 1571 3522 Uxori
1598 3466 1649 3522 uir

119 3550 381 3633 ἡέχῆιέἐνώριατι,
394 3559 413 3626 ἡ
428 3552 489 3624 δόξα
506 3555 542 3623 εἰς
553 3551 612 3621 τοὺς
630 3555 727 3622 αίῶνας
737 3556 790 3613 τῶν
811 3551 876 3613 αἰώ-
930 3557 1061 3615 debitam
1077 3554 1310 3613 benevolentiam
1334 3554 1441 3611 reddat
1446 3577 1458 3624 ,-
1472 3574 1549 3611 uxor
1560 3559 1647 3612 simi-

120 3641 267 3722 nu’dpuis.
930 3648 1000 3707 liter
1027 3650 1103 3705 viro.
1121 3646 1231 3704 Mulier
1252 3647 1299 3702 sui
1321 3647 1450 3723 eorporis
1472 3657 1648 3722 potestatem

930 3740 1103 3813 nonhabet,
1127 3737 1181 3796 sed
1191 3739 1249 3794 vir.
1275 3734 1418 3794 Similiter
1438 3736 1580 3794 autem‘et
1597 3741 1649 3796 οἰκ

928 3828 1645 3911 σαι·οοερονίςροιαεταιοπινεσιιΙιαδεε,ιεάννιιιίιέν.

926 3924 990 3983 Haee
1011 3922 1093 3982 verba
1122 3919 1242 3980 studiose
1264 3917 1393 3977 memoria
1418 3932 1545 3999 tenentes,
1564 3932 1591 3979 et
1618 3918 1645 3979 in

925 4018 994 4088 foro,
1010 4015 1073 4074 etin
1085 4011 1200 4089 aedffius,
1223 4024 1249 4070 et
1262 4009 1392 4087 interdiu,
1402 4023 1430 4069 et
1442 4011 1558 4093 vesperi,
1573 4011 1646 4072 etad

924 4127 1055 4184 mensam,
1075 4118 1101 4164 et
1116 4104 1145 4164 in
1163 4105 1242 4173 lecto,
1265 4115 1292 4161 ct
1304 4102 1405 4181 ubique
1423 4101 1555 4179 locorum,
1581 4124 1644 4164 eum

925 4199 977 4281 ipsi
999 4220 1030 4258 ea
1044 4196 1216 4269 meditemur,
1235 4208 1293 4254 tum
1318 4194 1444 4253 mulieres
1463 4194 1542 4253 nobis
1554 4192 1644 4254 dicere

924 4305 1005 4371 atque
1026 4312 1042 4349 a
1067 4289 1145 4349 uobis
1167 4287 1262 4347 audire
1275 4285 1429 4363 doceamus,
1444 4299 1474 4345 ut
1498 4285 1643 4344 cumhanc

924 4383 1011 4444 vitam
1034 4394 1106 4441 caste
1124 4376 1339 4448 traduxerimus,
1361 4377 1488 4436 emiorum
1501 4376 1585 4436 etiam
1599 4399 1643 4436 re-

924 4498 1008 4560 gnum
1018 4493 1222 4547 consequamur,
1227 4469 1313 4551 gratia
1324 4481 1350 4527 et
1357 4468 1522 4547 benignitate
1532 4469 1643 4529 Domini

925 4569 1009 4631 nostri
1022 4571 1087 4630 iesu
1095 4563 1208 4637 Christi,
1219 4583 1269 4644 per
1281 4582 1362 4640 quem
1378 4575 1403 4619 et
1417 4581 1478 4619 eum
1491 4580 1546 4639 quo
1555 4561 1640 4637 Patri,

925 4683 978 4722 nna
992 4681 1055 4720 enm
1069 4656 1173 4738 Spiritu
1181 4667 1273 4716 sancto
1283 4651 1404 4734 gloriain
1418 4652 1514 4713 saecuta
1526 4651 1640 4711 saeculo-

926 4774 999 4815 rnm.
1015 4754 1107 4810 Amen.

719 5044 1050 5092 ΛΜ...-
