3764 5992
288 450 334 499 nn
359 451 478 500 tunnis
505 451 680 516 aurierunt,
709 452 882 498 rrauiinrns
909 453 1052 501 nunrnru
1079 456 1250 505 snrurruu.
1279 446 1327 505 in.
1513 440 1577 530 541

144 574 196 636 ,τὶ
212 575 264 655 μὶν
283 576 358 637 δεινὰ
382 579 410 637 ἐν
430 576 527 658 πείρα,
546 577 580 637 τὰ
604 576 632 636 δὲ
653 575 757 657 χρηστὰ
782 577 808 634 ἐν

158 666 257 728 καὶτὸ
273 667 323 746 μὲν
343 673 443 749 παρῆν,
463 670 497 729 τὰ
519 668 546 727 δὲ
571 668 738 749 ἀφειστήκει·
763 666 810 726 καί

147 759 266 841 θγίνατο,
280 761 316 820 τὰ
338 759 366 821 δέ
383 761 519 834 ἠλπίζετο.
542 761 594 821 Kal
608 762 634 820 τί
648 760 809 838 θαυμαστὸν,

144 856 163 911 ἰν
177 854 252 933 ὀρχῇ
264 857 311 910 τοῦ
323 851 493 932 κηρύγματος
502 857 580 911 τοῦτο
598 850 714 931 ἔπασχόν
727 874 809 924 τινες,

145 943 195 1003 καί
214 949 261 1002 ν’ύν
270 941 341 1022 μετὰ
353 951 475 1003 τοσοῦτον
489 942 592 1024 χρόνον,
607 941 674 1018 μετὰ
696 941 727 1000 τὸ
741 964 808 1000 παν-

144 1038 177 1107 ῆς
194 1033 355 1112 οίκωμίνης
377 1037 523 1106 ἐκταθῆναι
536 1034 567 1094 τὸ
585 1034 724 1113 κήρυγμα,
740 1030 808 1111 μετὰ

144 1135 169 1186 ἰν
183 1124 331 1195 ἀποδείξεις
346 1125 477 1193 τοσαύτας
487 1131 540 1186 τῶν
552 1125 731 1205 ὑποσχέσεων,
744 1127 808 1185 πολ·

144 1222 211 1277 αι’το
236 1216 385 1297 depende
408 1220 488 1290 είαιν,
510 1219 552 1277 Οὐ
576 1223 654 1277 τοῦτο
675 1216 704 1274 δὲ
726 1216 806 1294 μόνον

148 1308 334 1387 dissipes-mu,
357 1307 427 1367 ἀλλὰ
448 1309 494 1367 καλ
514 1307 602 1388 ἕτερον
623 1310 671 1367 οὐκ
697 1306 806 1367 ἔλαττον

155 1398 241 1459 Ποῖον
265 1397 299 1470 δὴ
323 1405 414 1470 τοῦτο,
434 1398 569 1458 ’Erotem
595 1399 661 1476 πρὸς
684 1394 805 1469 ἑαυτοὺς,

144 1511 168 1565 ῃ
147 1489 296 1548 [lebete
308 1489 472 1568 Διαθηιιῃ’
445 1510 497 1568 συγ
518 1487 564 1548 ού
554 1514 587 1548 ,οι
606 1489 640 1548 τὰ
660 1487 805 1568 πράγματα

862 574 1023 656 discipulos,
1039 577 1112 656 quod
1133 577 1227 657 gravia
1246 579 1357 658 quidem
1374 580 1401 640 in
1417 585 1583 662 inpraesenti

862 667 1089 747 experiebantur,
1103 668 1173 729 buna
1187 692 1251 729 vero
1266 692 1314 751 spe
1335 672 1422 731 sulum
1446 675 1583 756 concipic-

862 756 940 831 baut,
959 772 985 817 et
1007 759 1056 817 illa
1073 759 1184 838 quidem
1203 761 1262 840 jam
1284 760 1410 840 aderant,
1428 763 1485 822 baec
1504 765 1583 845 longe

862 845 1000 907 distabant
1008 873 1018 923 3
1033 850 1081 908 illa
1100 850 1160 930 jam
1187 851 1392 930 contingebant,
1414 853 1473 913 haec
1492 854 1584 914 adbuc

861 938 1045 1017 sperabantur.
1067 940 1144 1012 Quid
1170 941 1268 1000 mirum
1296 943 1318 1000 si
1344 944 1422 1003 initio
1450 945 1583 1025 praedica-

861 1029 974 1089 catiouis
990 1031 1153 1109 quibusdam
1166 1031 1218 1090 hoc
1238 1053 1288 1090 usu
1302 1033 1439 1110 veniebat,
1455 1035 1582 1113 quaudo-

861 1120 970 1197 quidem
992 1143 1064 1181 nunc
1089 1137 1149 1202 post
1171 1136 1277 1182 tantum
1302 1126 1430 1205 temporis
1450 1126 1580 1206 spatium,

861 1225 921 1290 post
934 1212 1153 1292 predicationem
1166 1226 1222 1272 tuto
1237 1215 1302 1273 orbe
1316 1229 1508 1295 propagatam,
1522 1232 1582 1297 post

860 1316 899 1361 tot
911 1317 981 1362 certa
1001 1305 1211 1386 promissionum
1220 1321 1391 1384 argumenta,
1404 1306 1476 1365 idem
1488 1309 1582 1368 multis

858 1392 948 1453 adbuc
958 1416 1007 1453 usn
1021 1396 1112 1454 uenire
1126 1395 1213 1454 solet?
1223 1396 1337 1455 Neclioc
1348 1396 1435 1456 solum
1445 1399 1506 1458 illos
1518 1421 1582 1480 per-

858 1487 986 1561 terrebat,
997 1487 1044 1546 sed
1053 1501 1078 1546 et
1088 1487 1164 1546 aliud
1172 1487 1314 1566 quiddam
1320 1488 1403 1566 idque
1416 1510 1469 1549 non
1480 1492 1582 1552 minus.

144 1578 206 1652 ίθη,
222 1551 387 1650 ἂλλίτῆς’
372 1582 469 1661 αρετῆς
489 1578 549 1648 τοὺς
568 1580 662 1646 ἄθλους
681 1579 727 1637 καί
747 1577 806 1645 τοὺς
822 1578 841 1623 Ι)
859 1531 1004 1650 Quodnam
1023 1580 1097 1640 boc?
1114 1580 1275 1659 Cogitabam
1296 1581 1370 1662 apud
1387 1582 1469 1658 se,iu
1487 1584 1580 1643 Veteri
1612 1591 1638 1634 Ιιι
1653 1592 1730 1636 veter
1698 1610 1732 1638 ιιι

151 1669 249 1738 ιύθίοις
269 1669 459 1747 ἇπελύμύανον
479 1674 503 1730 ol
521 1694 571 1750 μετ
573 1670 738 1737 ’ἐπιεικείας
761 1671 807 1730 καί

144 1760 200 1835 ivn<
213 1760 440 1841 προῃρημένοιη
409 1764 465 1840 ζῇν.
479 1764 521 1821 Οὐ
538 1761 590 1842 γὰρ
606 1764 678 1840 μετὰ
690 1762 789 1834 'edu‘
753 1786 807 1821 των

144 1875 164 1911 ιι
177 1851 401 1924 ἐνύστασιν,ούδί
414 1856 441 1912 ἐν
461 1857 495 1932 τῇ
511 1853 642 1930 μελλούσῃ
664 1857 733 1932 ζωῇ,
746 1856 806 1912 ἀλλ’

149 1988 159 2017 ,
180 1943 229 2003 καί
252 1943 325 2003 κατὰ
337 1943 381 2002 τὸν
397 1944 517 2024 παρόντα
539 1944 595 2023 βίον
613 1955 699 2004 πᾶσαι
718 1948 807 2013 αὐτοῖς

144 2058 193 2095 ατο
201 2040 232 2095 αἱ
239 2034 405 2115 ὑποσχέσεις.
417 2035 483 2095 Ἐὰν
494 2036 546 2115 γὰρ
556 2036 715 2114 ἀγαπήσῃς,
725 2039 804 2115 φησί,

144 2124 186 2186 cbo
197 2126 270 2187 Θαύν
285 2151 346 2199 σοιι,
361 2116 390 2186 τύ
409 2149 452 2186 σοι
472 2126 563 2199 ίσται,
585 2128 630 2187 καί
652 2129 806 2200 πληθυνεῑὸ

144 2217 287 2297 ,βωιιύλια
296 2223 349 2278 τῶν
367 2222 436 2297 βοῶν
452 2242 514 2289 σου,
529 2220 574 2279 καί
588 2219 622 2279 el
632 2220 744 2296 ποίμνια
753 2224 806 2278 τῶν

144 2332 171 2369 νε
193 2333 257 2370 σου·
269 2313 317 2369 οὐκ
336 2310 411 2370 ἔσται
431 2313 459 2369 ἐν
480 2312 522 2372 σοὶ
544 2312 646 2392 ἄγονον,
659 2310 718 2370 olel
734 2320 804 2370 στεῖ-

144 2425 153 2461 ι
173 2401 252 2462 ίαταε
272 2404 300 2460 ἐν
321 2403 362 2461 σοὶ
381 2404 515 2480 μαλακία,
528 2404 619 2484 ρῃσίν,
643 2402 702 2464 οὐδὲ
721 2401 806 2470 νόσος.

859 1673 1034 1732 Testamenta
1051 1694 1104 1732 nou
1118 1673 1154 1733 ad
1171 1695 1234 1733 eum
1252 1674 1365 1733 mudum
1381 1696 1422 1734 res
1440 1674 1579 1735 hommum
1589 1652 1730 1760 ,J
1641 1732 1699 1773 tw·
1656 1670 1732 1698 ''³⁰¹''

858 1764 1027 1844 dispensatas
1036 1764 1128 1838 luisse,
1142 1764 1189 1825 sed
1201 1779 1310 1825 virtutis
1318 1787 1426 1847 praeuua
1442 1767 1611 1828 confestimli
1606 1793 1625 1819 ιι
1673 1792 1710 1820 ιιι
1713 1796 1732 1820 ι-

858 1857 991 1937 acccpisse
1009 1857 1175 1936 quicumque
1186 1857 1288 1937 justam
1300 1878 1331 1915 ac
1348 1871 1522 1961 temperatam
1535 1860 1580 1919 vi·
1589 1843 1625 1896 Ρ”
1605 1839 1708 1882 '‘m''

860 1946 942 2005 rendi
953 1947 1084 2006 rationem
1092 1947 1284 2028 pretulisseut.
1296 1950 1356 2007 Nun
1366 1949 1439 2008 enim
1451 1962 1512 2029 post
1522 1971 1580 2008 eor·

858 2057 956 2117 porum
969 2038 1199 2111 resurrectionem,
1210 2059 1297 2116 neque
1312 2038 1339 2097 iu
1350 2040 1442 2098 sutura
1458 2040 1523 2115 vita,
1532 2041 1581 2100 sed

859 2126 904 2186 bic
927 2127 955 2186 in
982 2127 1106 2208 presenti
1131 2128 1189 2186 vita
1212 2148 1304 2188 omnes
1329 2129 1368 2188 eis
1391 2131 1580 2212 promissiones

859 2219 1051 2300 implebantur.
1060 2219 1104 2277 llit
1118 2219 1205 2278 euim:
1219 2221 1250 2278 Si
1265 2222 1403 2280 dilexmis
1418 2224 1578 2283 Dominum
1590 2240 1658 2284 unii.
1669 2242 1731 2288 ι.ι3.

859 2312 957 2369 Deum
978 2324 1071 2381 tuum,
1088 2313 1160 2368 bene
1179 2314 1232 2369 tibi
1244 2315 1300 2370 erit
1306 2356 1316 2388 ,
1328 2325 1357 2370 et
1374 2302 1659 2392 maeltiplr'ccbit’*¹⁵·

860 2405 941 2461 Deus
954 2415 1091 2461 armenta
1101 2405 1187 2461 boum
1203 2416 1337 2475 tuorum,
1349 2416 1378 2461 et
1388 2425 1488 2484 greges
1497 2427 1581 2484 peeo-

144 2495 219 2552 πιλιῑ
233 2493 330 2559 ὁθεὸς
342 2491 391 2565 τὴν
411 2493 529 2572 εὐλογίαν
545 2498 625 2554 αὐτοῦ
648 2497 685 2560 εἰς
703 2493 737 2552 τὰ
757 2518 808 2552 τα·
823 2497 842 2542 F·
859 2514 923 2552 ιιιιιι
939 2507 1054 2552 tuorum
1070 2514 1152 2551 :non
1169 2498 1224 2552 erit
1238 2497 1319 2573 apud
1334 2508 1362 2554 te
1378 2496 1581 2575 infecundum,

144 2586 176 2643 ἰν
194 2586 340 2654 ἇποθηιιῶν
359 2607 422 2643 σου·
438 2584 533 2652 berlei
555 2588 599 2643 τὸν
621 2584 739 2663 ούρανὶν,
760 2584 806 2644 καί

144 2674 256 2735 albreda
277 2673 404 2756 πρῶῖμον·
422 2675 468 2734 καί
486 2675 592 2756 ὄψιμον.
614 2676 806 2757 Καταλῆψιται

144 2764 234 2832 θετὸν
252 2767 383 2846 τρυγητὸν
392 2767 441 2825 καί
454 2771 468 2826 θ
481 2767 610 2847 τρυγῃτθς
629 2768 673 2827 τὸν
699 2768 805 2850 σπόρον.

144 2858 189 2914 lli&
209 2853 289 2937 ἐτερα
301 2863 411 2916 τοιαῦτα
427 2859 514 2923 αὐτοῖς
532 2858 724 2937 ἐπηγγείλατο,
736 2860 786 2917 ἅτε
775 2882 803 2938 ερ

146 2946 220 3006 κατὰ
238 2948 288 3020 τὴν
303 2954 439 3028 παροῦσαν
461 2948 530 3020 ζωὴν
554 2955 642 3017 αὐτοῖς
656 2951 780 3009 ἀπεδίδο
765 2975 803 3010 ο

144 3036 263 3117 ξύτερος,
276 3037 328 3111 ἤδη
342 3040 488 3120 προύλίπει
506 3040 555 3113 τὴν
568 3041 652 3101 λύσιν.
665 3034 789 3101 ’llud'
759 3067 803 3103 ουν

144 3154 150 3197 ς
168 3130 274 3209 θγίεια,
291 3131 338 3189 καλ
350 3134 399 3209 γῆς
412 3133 554 3212 εὐκληρία,
574 3134 621 3193 καί
639 3136 803 3195 πολυπαιδία

144 3222 227 3293 utin,
248 3222 296 3281 καὶ
313 3223 425 3304 λιπαρὸν
441 3228 538 3306 γῆρας,
552 3227 597 3284 καί
611 3228 687 3306 ὡρῶν
711 3237 805 3307 κρᾶσις

161 3314 211 3373 καί
236 3314 376 3393 εὖειῃρία,
397 3317 443 3374 καὶ
469 3317 578 3397 ὄμύριιιν
599 3319 735 3396 εὐκαιρία,
757 3320 803 3379 καὶ

144 3405 256 3482 ποίμνια
278 3405 324 3464 καλ
339 3407 479 3484 βουκόλια,
494 3409 540 3466 καὶ
554 3409 643 3470 πάντα
659 3412 750 3478 ἁπλῶς
770 3408 821 3493 τθι,

860 2607 951 2667 neque
967 2587 1068 2645 sterile
1083 2610 1091 2642 .·
1109 2607 1168 2644 non
1180 2590 1234 2644 erit
1249 2589 1330 2665 apud
1343 2600 1371 2645 te
1385 2588 1513 2666 languor·
1526 2609 1579 2645 uc-

859 2700 915 2786 que
933 2681 1085 2758 aegritudo.
1111 2681 1235 2737 Emittet
1251 2681 1332 2738 Deus
1352 2680 1580 2737 benedictionem
1590 2700 1696 2748 trainae
1709 2699 1733 2749 8.

857 2775 890 2828 in
898 2775 1082 2850 promtuaria
1093 2770 1237 2828 cellnrmn
1253 2783 1390 2839 tuarum;
1404 2772 1514 2849 aperiet
1523 2791 1580 2828 coe
1594 2775 1630 2807 ¹²

858 2864 931 2936 lum,
945 2877 972 2922 et
984 2864 1067 2922 debir
1079 2865 1133 2921 nbi
1153 2863 1286 2941 pluviam
1298 2864 1475 2920 matutinam
1489 2874 1518 2920 et
1533 2874 1621 2922 se-tt
1635 2894 1658 2923 v.
1676 2890 1714 2923 ιι.

857 2959 997 3014 retinam.
1010 2957 1146 3032 Excipiet
1159 2974 1232 3012 area
1247 2954 1447 3024 vindemiam,
1461 2969 1490 3011 et
1506 2956 1578 3011 cin·
1586 2940 1639 3044 2}
1625 3007 1659 3045 -,
1675 3003 1714 3049 6

857 3047 955 3105 demin
971 3058 1139 3105 sementem.
1163 3043 1276 3122 Aliaque
1291 3043 1377 3102 multa
1397 3042 1481 3103 simili
1497 3045 1651 3120 mouere

856 3136 1038 3216 eispromisit,
1053 3157 1113 3214 quac
1122 3156 1167 3212 qu:
1162 3134 1233 3194 dem
1244 3134 1335 3193 omnia
1348 3136 1375 3193 iu
1388 3134 1511 3216 presenti
1521 3134 1577 3193 vitn

856 3228 894 3286 eis
910 3227 1037 3287 reddidit.
1061 3227 1091 3287 Si
1105 3227 1166 3305 quis
1184 3240 1224 3285 est
1244 3227 1360 3304 acutior,
1372 3227 1431 3307 jam
1449 3227 1580 3307 praevidrt

856 3319 1025 3378 solutionem.
1040 3317 1267 3397 Quandoquidem
1280 3318 1364 3397 igitur
1375 3318 1495 3399 corporis
1509 3319 1579 3379 sani.-

822 3423 915 3494 mles,
931 3431 1057 3489 agrorum
1071 3410 1202 3487 felicitas,
1219 3409 1366 3468 liberorum
1380 3409 1486 3468 bonitas
1499 3423 1579 3489 atque

144 3495 199 3555 eet
217 3496 268 3568 τὴν
281 3504 418 3578 παροῦσαν
441 3503 529 3567 αὐτοῖς
549 3504 698 3583 ἐπληροῦτο
721 3502 801 3574 ζωὴν,
819 3512 839 3557 Λ
855 3504 945 3584 eopia,
958 3503 1046 3561 fausta
1067 3515 1202 3576 senectus,
1213 3501 1277 3559 anni
1299 3500 1418 3580 partium
1437 3505 1580 3581 temperies

144 3590 197 3647 νίν
211 3588 316 3647 ίλιτίαιν
326 3581 370 3662 ἦν,
380 3590 439 3649 αὖθί
456 3591 525 3668 μετὰ
542 3592 592 3663 τὴν
606 3597 692 3653 ἐντευθ
695 3618 721 3652 ιν
735 3597 802 3654 ἀπο·

146 3672 409 3758 ἆναλογιζόμινοι’
379 3705 424 3741 ουν
438 3706 524 3742 ταυτα
537 3689 561 3743 οἱ
572 3709 637 3744 πιστ
638 3686 677 3757 οὶ,
692 3685 733 3744 ὅτι
747 3695 801 3755 τοῖς

144 3778 229 3837 croi<
244 3774 344 3830 ίαντιιιν
354 3773 429 3854 παρὰ
442 3772 525 3840 πόδας
543 3774 649 3834 ἅπαντα
666 3777 700 3836 τὰ
715 3778 801 3856 ἀγαθὰ

155 3862 248 3928 nitri<
261 3862 289 3923 δί
299 3865 336 3931 εἰς
349 3865 397 3937 τὴν
410 3865 557 3941 μέλλουσαν
569 3865 639 3939 ζωὴν
652 3867 686 3926 τὰ
697 3869 799 3928 ἔπαθλα

144 3951 259 4032 τίραιοι
277 3954 374 4022 πάντες
398 3954 449 4015 εἰσὶ
472 3957 687 4071 τεταμιευμένοι,
701 3960 747 4018 καὶ
772 3964 798 4019 ἐν

144 4041 227 4101 lecu
248 4047 423 4124 ἐπαγγελιῶν,
445 4045 602 4125 ἔκαμνον,
591 4072 628 4116 ες.
604 4048 709 4109 ἰλύοντ
710 4075 797 4123 ο,τν
749 4052 797 4124 τὴν

144 4132 241 4205 adoreis
253 4133 360 4194 ἅπασαν
375 4137 419 4197 διὰ
435 4160 481 4196 πει
484 4162 593 4217 ρασμιιν
614 4139 675 4199 tte.
664 4165 701 4199 ιιν
716 4145 798 4256 ἀναγ-

144 4244 173 4284 ιι.
185 4219 331 4285 Teme*
301 4251 345 4287 ουν
366 4232 460 4288 ἐννοῶν
474 4234 488 4289 ὁ
502 4233 609 4300 Παυλος
630 4235 677 4292 καί
699 4235 788 4312 τεὸμ

144 4319 166 4373 ἰν
180 4319 373 4397 ἐπηρτημίνοιν
394 4324 443 4379 αιἰ·
444 4331 481 4388 οῖς
501 4324 602 4394 δεινῶν,
617 4324 663 4383 καί
684 4326 725 4385 ὅτι
739 4327 798 4387 τού-

153 4407 201 4467 τὸν
220 4410 313 4484 μισθον
326 4415 379 4470 τῶν
402 4413 489 4472 πόνων
512 4415 580 4489 μετὰ
604 4416 652 4487 τὴν
679 4420 795 4478 ἐντεῦθεν

144 4498 277 4577 ποδημίαν
296 4502 392 4569 ὁΘιθς
410 4505 601 4582 ἐπηγγειλιιτο,
615 4508 674 4575 τοὺς
693 4509 719 4568 δὲ
733 4535 797 4591 προ-

144 4591 212 4649 orcis
234 4593 351 4652 ἐντεῦθεν
372 4593 521 4674 ἠμείψατο,
538 4597 583 4655 καὶ
602 4603 716 4679 συνορῶν
731 4605 796 4660 πολ-

854 3594 968 3675 optima,
978 3615 1089 3652 aunonae
1106 3592 1222 3664 bonitas,
1235 3590 1364 3650 imbrium
1376 3592 1576 3672 opportunitas,

853 3698 1035 3744 armentorum
1049 3697 1075 3742 et
1083 3703 1196 3762 gregum
1211 3681 1386 3755 abundantia,
1398 3681 1488 3740 omnia
1502 3681 1578 3742 deni·

854 3796 906 3853 qne
917 3776 987 3833 liona
999 3773 1071 3832 illis
1064 3795 1091 3831 ιιι
1112 3773 1162 3831 hac
1174 3772 1231 3831 vita
1251 3771 1563 3852 repraesentabantur,
1536 3795 1578 3832 ni·

853 3866 945 3945 bilquc
960 3865 1102 3946 posthanc
1115 3866 1200 3924 vitam
1214 3864 1283 3923 etin
1302 3865 1427 3922 futurum
1444 3865 1573 3926 seculum

852 3956 1015 4036 sperandum
1030 3956 1247 4037 proponebatur:
1262 3955 1320 4014 haec
1333 3969 1487 4035 reputantes
1502 3956 1574 4016 lide-

851 4049 900 4121 les,
911 4049 1058 4128 majoribus
1072 4048 1182 4127 quidem
1196 4046 1252 4106 suis
1265 4047 1353 4106 omnia
1367 4047 1437 4106 bona
1454 4069 1511 4129 prae
1524 4070 1575 4128 pe-

851 4143 933 4201 dibus
954 4141 1036 4200 luisse
1054 4141 1123 4210 sita,
1146 4139 1200 4200 sibi
1219 4160 1283 4199 vero
1303 4140 1331 4198 in
1350 4140 1472 4198 suturam
1488 4140 1573 4199 vitam

788 4232 962 4335 -praemia
985 4246 1011 4290 et
1035 4252 1145 4290 coronas
1171 4230 1287 4310 reposita
1311 4252 1384 4302 esse,
1411 4244 1436 4289 et
1460 4252 1495 4289 ex
1520 4231 1573 4289 fide

852 4325 972 4405 ipsorum
994 4323 1182 4401 promissiones
1202 4322 1318 4402 pendere
1344 4321 1574 4381 :delassabnntur

849 4435 881 4473 ac
903 4414 1078 4486 deficiebant,
1093 4427 1123 4472 ut
1150 4412 1250 4492 quibus
1271 4413 1396 4471 universa
1424 4412 1480 4471 vita
1504 4413 1573 4472 inter

850 4506 1008 4566 tentationes
1020 4504 1168 4564 necessario
1182 4517 1248 4562 esset
1262 4502 1403 4583 exigenda.
1415 4504 1478 4562 llaec
1488 4503 1573 4583 igitur

851 4597 1023 4657 considerans
1030 4594 1174 4668 Paulus,et
1188 4593 1320 4652 malorum
1339 4615 1399 4672 que
1413 4594 1452 4653 eis
1467 4594 1572 4675 impen-

144 4684 186 4740 ιῖιν
208 4683 345 4760 λογισμῶν
370 4684 470 4745 τούτων
493 4689 604 4758 ἀκηθίιιιν
626 4692 796 4769 ίγγινομίνην
814 4709 831 4755 tt
851 4690 951 4750 debant
964 4686 1188 4767 magnitudinem,
1203 4700 1229 4745 et
1249 4686 1323 4764 quod
1334 4686 1376 4745 liis
1390 4686 1500 4764 quidem
1511 4701 1572 4767 post

144 4772 297 4850 θουλύμενος
320 4774 415 4842 αὐτούς
437 4781 585 4849 ἀναστῆσαι
608 4780 655 4838 καί
677 4781 794 4856 διδάξαι,

145 4863 177 4923 πὶ
189 4866 244 4921 τῶν
265 4866 387 4945 πατέρων
403 4873 455 4928 τῶν
477 4873 563 4928 αὐτῶν
577 4871 647 4930 οὕτω
671 4873 705 4932 τὰ
726 4875 795 4955 upri-

144 4954 294 5030 ιισνόμητο,
309 4957 356 5016 καί
374 4962 401 5025 ἐν
425 4959 515 5019 πίστει
528 4964 621 5023 πολλοὶ
642 4963 686 5022 τὸν
702 4967 795 5042 μισθὸν

144 5046 183 5106 de
195 5049 225 5106 ἐν
237 5052 272 5128 τῇ
286 5047 382 5131 πιίριγ,
398 5051 545 5130 ἀνέμνησεν
558 5055 652 5123 αὐτούς
668 5062 716 5128 τῆς
730 5081 795 5139 προ·

851 4782 955 4840 οίιίιιιιιι
968 4779 1091 4837 laborum
1099 4776 1248 4836 mercedem
1255 4779 1329 4836 Deus
1342 4792 1409 4837 esset
1420 4778 1568 4858 pollicitus,

850 4873 973 4954 patribus
987 4886 1076 4929 antem
1098 4882 1255 4950 presentem
1275 4869 1478 4928 retributionem
1498 4892 1570 4950 [ιτα-

849 4965 973 5040 stitisset;
989 4962 1203 5044 perspiciensque
1217 4982 1342 5041 magnam
1364 4962 1392 5020 in
1412 4962 1468 5022 illis
1481 4963 1572 5043 segni-

848 5059 913 5118 tiem
925 5080 940 5117 e
952 5057 1053 5116 talibus
1068 5054 1276 5136 mgitationibus
1294 5054 1425 5134 suboriri,
1438 5070 1464 5116 et
1478 5056 1571 5119 voleus

144 5231 180 5283 ’σί
191 5226 261 5283 cod
271 5232 334 5298 748]
345 5239 506 5302 miscebam.
519 5237 607 5302 [Satil.
619 5240 646 5289 iu
658 5257 738 5308 marg.
753 5247 913 5308 πολιτοιμιία,
923 5248 960 5295 καὶ
971 5242 1102 5309 fieureitiml
