3810 6000
701 506 745 552 nn
771 503 899 553 srrnrru
926 503 1068 553 srncro.
1582 480 1652 576 983

105 634 155 700 νῆς
173 628 356 707 ἡρμήνευται,
374 626 411 706 μὴ
427 627 560 708 ἐχέτωσαν
574 628 664 711 χώραν
679 631 696 700 ἢ
709 629 882 713 παρείσδυσιν
933 641 989 704 tur,
1003 627 1062 687 etsi
1072 626 1152 697 illud,
1162 626 1193 685 A
1204 631 1308 706 seipso,
1318 621 1482 706 explicatum
1495 638 1543 698 cst,
1552 645 1653 684 necnon

107 710 232 776 daedala<
253 713 277 767 οἱ
297 708 433 787 αἱρετικοί.
448 708 571 785 Τίμησον
585 709 615 766 τὸ
630 712 741 788 Πνεῦμα
759 711 789 769 τὸ
809 712 883 789 ἅγιον
933 707 1014 784 illud,
1030 709 1077 765 Dc
1092 727 1154 765 meo
1165 710 1298 786 accipiet,
1316 705 1422 783 quasia
1435 705 1508 763 fonte
1523 705 1653 786 interpre-

106 788 236 854 ὃέλαίες.
253 778 336 846 Εἶπον
347 788 484 857 πολλάκις,
495 786 536 846 ὅτι
546 789 675 848 ἀντίδοσιν
687 790 770 869 ἔσχες.
780 789 882 848 Ἐλοιὸε
933 788 983 846 tari
998 787 1059 865 quis
1071 800 1173 876 potest3
1197 807 1231 844 ne
1248 785 1363 844 habeant
1377 784 1488 843 heretici
1501 784 1590 843 locum
1610 785 1654 843 vel

108 867 308 948 Χριστὸςπαρὰ
319 872 365 928 τοῦ
380 868 410 927 τὸ
426 867 538 955 πλάσμα
548 869 578 928 τὸ
592 869 648 944 σὺν,
657 859 739 930 Eduxi
749 892 792 930 σοι
806 869 884 937 αὐτὸς
934 867 1130 945 subterfugium
1142 865 1297 946 impictatis.
1311 867 1445 923 Vcnerare
1452 864 1585 944 Spiritum
1594 884 1654 922 san-

107 949 141 1007 τὸ
157 949 268 1024 Πνεῦμα
281 948 312 1007 τὸ
327 951 428 1018 laureo.
933 961 1016 1017 etum,
1028 968 1107 1024 quem
1113 945 1250 1025 accepisti.
1260 944 1327 1003 Dixi
1334 965 1403 1080 supe
1417 957 1442 1002 te
1448 943 1653 1002 retributionem

933 1022 1073 1106 accepisse.
1102 1025 1235 1083 Assumsit
1261 1046 1276 1082 a
1301 1037 1326 1082 tc
1348 1023 1471 1095 Cnistns
1494 1024 1653 1103 figmentum

872 1098 875 1103 ¹
933 1120 1022 1181 tuum,
1038 1102 1115 1164 dedit
1124 1104 1174 1162 tibi
1187 1104 1245 1184 ipsc
1256 1102 1388 1184 Spiritum
1404 1123 1492 1161 suum.

339 1811 387 1884 IN
413 1807 653 1884 HOM1tnnnt
679 1811 741 1883 DE
766 1808 966 1883 CllRlSTO
991 1810 1206 1890 PASTORE
1229 1816 1294 1888 ΕΤ
1320 1814 1428 1891 OVE.

155 2070 186 2127 ln
201 2069 270 2128 hanc
281 2067 422 2127 homiliam
432 2067 489 2126 haec
499 2081 573 2128 notat
582 2068 704 2129 Savilius
718 2090 747 2149 p.
760 2068 820 2127 759
833 2067 947 2128 :ullane
961 2068 1114 2147 homiliam,
1131 2070 1232 2131 editam
1251 2073 1344 2131 Roma
1355 2092 1425 2132 anno
1439 2072 1526 2145 1581,
1540 2075 1656 2154 castiga-

109 2159 206 2219 vimus
217 2182 251 2218 ex
265 2160 448 2238 hlannscripto
457 2181 493 2218 cx
506 2159 672 2219 Bibliotheca
687 2161 772 2241 Regia
784 2159 908 2235 Lutetiae,
924 2161 1055 2221 adhibitis
1071 2161 1151 2221 etiam
1162 2163 1297 2222 Florentis
1309 2164 1455 2223 Christiani
1476 2167 1636 2245 conjecturis
1650 2189 1658 2223 τ

113 2272 148 2310 ac
159 2252 279 2332 [trimum
290 2251 395 2310 sublato
410 2251 490 2309 titulo
502 2251 615 2310 Romani
628 2250 744 2325 Codicis,
753 2271 836 2330 quem
849 2251 997 2311 rectissime
1005 2252 1116 2313 damnat
1126 2253 1248 2328 Florcns,
1263 2275 1325 2313 cum
1336 2254 1372 2313 dc
1395 2255 1494 2314 Acacio
1509 2256 1615 2315 nullum
1631 2257 1659 2316 in

113 2345 168 2403 hoe
175 2358 230 2404 toto
241 2365 361 2404 sermone
368 2343 491 2418 verbum,
504 2343 694 2403 substituimus
705 2343 833 2403 alinmex
843 2343 933 2425 Regio
944 2345 1166 2425 commodiorem.
1186 2346 1298 2407 Florcns
1308 2368 1357 2429 pro
1365 2346 1493 2408 Ἀκοίκιον
1507 2368 1542 2406 ex
1550 2347 1659 2428 ingenio

114 2437 215 2496 ἄκακον
228 2435 400 2513 [substituit]
407 2480 417 2507 ,
430 2447 459 2494 ut
472 2435 505 2494 de
519 2436 627 2495 Christo
637 2434 832 2514 intelligatur.»
845 2433 896 2494 ttis
908 2458 1024 2496 consona
1037 2436 1104 2497 dicit
1116 2439 1217 2497 Fronto
1231 2441 1348 2498 llueaeus
1363 2438 1391 2498 in
1409 2439 1488 2498 Notis
1501 2463 1507 2496 :
1522 2441 1574 2498 «ln
1591 2437 1662 2506 Edi-

115 2527 188 2586 tione
199 2528 331 2596 Romana,
345 2527 442 2605 inquit,
451 2527 515 2586 anni
526 2528 596 2588 1581
604 2573 613 2600 ,
638 2529 703 2612 huie
712 2526 828 2586 sermoni
841 2524 971 2606 prefixus
986 2539 1042 2585 erat
1053 2526 1159 2601 titulus,
1183 2531 1219 2595 εἰς
1236 2527 1280 2587 τὸν
1296 2527 1369 2608 ίίγιον
1394 2526 1515 2590 Ἀκοίκιον
1537 2527 1662 2605 ποιμένα,

114 2619 163 2679 καὶ
177 2623 214 2687 εἰς
226 2618 258 2678 τὸ
272 2619 416 2702 apodritos,
428 2621 476 2678 De
487 2632 590 2679 sancto
602 2619 719 2678 Acacio
725 2632 843 2698 pastore
852 2616 1008 2676 etdeove':
1023 2617 1072 2676 sed
1091 2618 1276 2699 castigaritex
1288 2621 1343 2680 hle.
1359 2618 1444 2699 Regio
1458 2617 1552 2678 Editio
1565 2618 1664 2679 Sarilii

114 2708 247 2766 Graecum
258 2720 373 2781 textum,
382 2706 488 2765 ethuuc
499 2706 609 2765 titulum
618 2705 768 2779 substituit,
783 2726 865 2786 quem
885 2704 1077 2765 exhibuimus:
1089 2706 1310 2786 quandoquidem
1326 2729 1412 2786 neque
1426 2708 1455 2766 in
1470 2720 1525 2766 toto
1535 2706 1664 2766 orationis

114 2795 234 2856 decursu
256 2798 356 2857 mentio
368 2797 423 2856 ulla
441 2797 472 2856 srt
491 2797 591 2858 Aeacii.
606 2798 628 2857 F
631 2798 670 2856 uit
686 2797 737 2855 hoc
759 2796 868 2855 nomine
881 2799 1009 2858 Caesareae
1033 2800 1183 2860 Palaestinae
1194 2801 1337 2882 episcopus
1351 2801 1473 2880 quidam,
1487 2800 1536 2879 qui
1559 2799 1664 2881 synodo

116 2889 282 2951 Seleuciensi
296 2889 429 2961 interfuit,
439 2901 470 2948 ut
482 2911 518 2949 ex
530 2888 682 2970 Tripartita
696 2887 815 2947 llistom'a
826 2905 930 2950 constat
952 2892 1002 2957 lib,
1017 2891 1045 2966 5,
1055 2913 1083 2960 c.
1098 2894 1148 2951 51,
1167 2893 1246 2953 Alius
1260 2894 1360 2960 Beroea
1372 2893 1424 2953 tuit
1435 2893 1578 2976 episcopus
1591 2907 1665 2951 tem·

111 2983 231 3068 'poribus
245 2982 368 3042 Gratiani
380 2982 552 3062 lmperatoris
564 3004 598 3042 ex
612 2980 732 3063 ejusdem
752 2979 873 3041 historia
895 2983 942 3042 lib.
956 2983 986 3055 9,
1003 3003 1062 3064 cap.
1078 2986 1105 3044 5.
1120 2985 1201 3044 Forte
1213 2985 1344 3066 seriptum
1356 2984 1403 3043 hic
1423 2986 1486 3064 tuit,
1508 2987 1544 3053 εἰς
1567 2983 1664 3053 ἄκακον
1745 3029 1748 3036 .

117 3075 245 3155 ποιμένα,
258 3076 305 3133 De
317 3078 473 3133 innocente
483 3089 630 3154 pastore.»

159 3170 260 3228 Utrum
270 3179 360 3226 autem
370 3167 428 3225 haec
439 3165 527 3239 lectio,
536 3170 573 3234 είς
583 3167 627 3228 τὸν
639 3165 712 3247 ἅγιον
723 3165 1043 3246 Ἀκίκων,11ιισιιιισὶαιιι
1051 3166 1209 3241 Acacium,
1218 3189 1253 3228 ex
1264 3167 1439 3236 librariorum
1452 3167 1519 3229 vitio
1533 3165 1666 3228 manarit:

116 3274 213 3320 utrum
225 3281 291 3318 vero
303 3281 338 3318 ex
347 3260 499 3341 cujuspiam
515 3258 637 3319 Graeculi
645 3279 714 3318 ausu
726 3258 832 3318 invecta
847 3261 940 3333 fuerit,
948 3279 1001 3319 non
1013 3259 1050 3321 ita
1058 3260 1136 3321 facile
1148 3275 1187 3319 est
1198 3275 1322 3320 statuere.
1331 3262 1410 3320 Certe
1421 3260 1457 3318 ita
1473 3259 1567 3318 titulus
1576 3259 1667 3332 habet,

118 3373 173 3411 non
184 3352 211 3410 in
225 3353 346 3411 Romano
363 3350 463 3411 Codice
478 3365 594 3421 tantum,
611 3350 753 3410 sedetiam
770 3351 798 3409 in
812 3350 908 3430 Regio,
934 3352 1011 3431 eujus
1030 3351 1156 3412 lectiones
1172 3353 1201 3412 in
1215 3353 1278 3411 imis
1290 3353 1396 3434 paginis
1409 3352 1556 3432 posuimus.
1567 3351 1603 3411 Et
1613 3351 1666 3410 ob-
1749 3428 1752 3433 .

118 3465 209 3503 serres
220 3443 312 3515 velim,
329 3443 378 3501 etsi
393 3442 471 3501 initio
485 3443 615 3501 memoria
628 3454 782 3523 martyrum
796 3443 822 3501 in
845 3441 946 3522 plurali
959 3440 1088 3500 celebrari
1109 3443 1224 3519 dicatur,
1239 3444 1267 3501 in
1282 3444 1335 3502 fine
1346 3456 1435 3501 tumen
1445 3441 1566 3501 bomilia·
1580 3463 1666 3500 unum
1675 3455 1713 3496 ttt

118 3549 225 3595 tantum
240 3524 388 3617 martyrem
406 3534 621 3593 commemorari,
640 3536 744 3608 Ταῦτα,
757 3535 873 3615 ἀδελφοί,
884 3537 991 3611 ἡγεῖσθε
1002 3532 1041 3611 μὴ
1056 3537 1119 3615 παρ’
1131 3538 1209 3614 ἡμῶν
1221 3537 1353 3616 εἰρῆσθαι,
1363 3533 1431 3593 ἀλλὰ
1445 3532 1519 3613 παρὰ
1532 3540 1577 3611 τοῦ
1591 3533 1666 3612 ἁγίου

120 3627 252 3708 μάρτυρος
263 3651 269 3684 ι
285 3630 358 3686 Hac
364 3639 476 3706 putate,
477 3628 606 3708 fratres,
624 3647 683 3684 non
694 3647 714 3684 a
726 3629 809 3686 nobis
828 3627 900 3696 dici,
913 3625 965 3682 sed
973 3645 993 3682 a
1003 3638 1107 3684 saneto
1123 3639 1267 3701 martyre.
1294 3625 1391 3684 Nescio
1403 3638 1495 3684 utrum
1507 3624 1552 3683 hie
1562 3637 1667 3705 martyr

117 3721 154 3780 sit
167 3719 282 3779 Aeacius
297 3719 324 3777 in
334 3718 412 3777 titulo
423 3718 536 3798 positus.
551 3717 643 3777 Aeacii
657 3718 749 3799 plures
760 3732 893 3799 martyres
909 3716 937 3774 in
948 3716 1146 3797 lllartyrologio
1157 3719 1280 3777 Romano
1292 3730 1546 3777 commemorantur.
1560 3716 1668 3777 Nollem

119 3825 210 3872 umen
219 3810 354 3870 affirmare
363 3809 436 3869 huuc
450 3808 580 3870 Acacium
586 3808 650 3870 data
663 3831 743 3892 opera
751 3809 778 3869 in
787 3810 867 3869 titulo
874 3807 958 3868 tuisse
965 3808 1083 3887 positum
1093 3809 1129 3868 ab
1139 3830 1170 3868 eo
1184 3808 1230 3897 qui
1239 3807 1473 3868 hancooncionem
1481 3808 1669 3889 Chrysostomi

120 3902 229 3963 nomine
242 3901 395 3984 publicavit
410 3926 417 3959 :
431 3902 496 3961 huie
508 3901 581 3961 euim
595 3902 718 3983 opinioni
729 3902 850 3961 officeret
869 3901 927 3982 ipsa
940 3899 1013 3963 tituli
1027 3900 1104 3959 ratio.
1119 3899 1183 3959 llaec
1195 3920 1311 3977 namque
1321 3898 1360 3960 sic
1376 3900 1474 3980 posita,
1486 3903 1523 3967 εἰς
1535 3901 1581 3959 τίν
1594 3901 1669 3979 ἅγιον

121 3995 249 4056 Ἀκαίκιον
262 3993 387 4072 ποιμένα,
401 3994 446 4053 καί
462 3997 499 4062 εἰς
513 3993 544 4052 τὸ
561 3992 705 4074 πρόδοτον,
716 3995 754 4071 ln
769 4004 906 4052 sanctum
920 3993 1068 4051 Acacium
1074 4005 1232 4072 pastorem,
1245 4005 1274 4051 et
1287 3997 1319 4050 in
1330 4014 1426 4070 ouem,
1438 4013 1492 4052 non
1512 3992 1647 4071 quadrant
1661 4017 1668 4050 κ

117 4086 232 4155 homilia
246 4085 357 4166 quippe,
369 4084 488 4144 maxime
502 4084 588 4161 initio,
597 4083 633 4144 de
642 4083 750 4143 Christo
761 4085 1038 4170 pastorcetovcagit:
1056 4085 1231 4165 quamobrem
1243 4097 1273 4144 ut
1286 4099 1367 4145 staret
1377 4085 1422 4144 hic
1437 4085 1543 4164 titulus,
1553 4084 1591 4145 ita
1601 4107 1669 4146 con-

118 4179 245 4238 cinnatus
262 4199 318 4236 csse
331 4176 451 4248 deberet,
468 4180 506 4246 εἰς
524 4177 569 4237 τὸν
590 4178 664 4257 ἅγιον
679 4176 816 4252 Ἀκοίκιον,
842 4175 888 4237 καί
902 4179 938 4244 εἰς
950 4169 1067 4258 Χριστὸν
1088 4176 1203 4265 ποιμένα
1217 4176 1306 4237 καὶτὸ
1319 4176 1451 4258 πρίὸατον
1465 4200 1472 4232 =
1487 4179 1669 4236 Insanctum

110 4271 279 4351 Acacium,
288 4282 316 4328 et
330 4272 362 4326 in
374 4269 524 4328 Christum
531 4280 680 4347 pastorem
693 4281 721 4327 et
732 4288 823 4336 ovem,
834 4267 899 4326 llaec
909 4267 999 4326 omnia
1008 4267 1160 4328 dubitando
1174 4282 1243 4328 etex
1253 4269 1405 4349 conjectura
1418 4266 1491 4327 dicta
1504 4281 1583 4326 sunt:
1598 4268 1668 4328 inte·

110 4361 228 4440 ¹uimque
237 4360 322 4420 donec
329 4359 397 4440 quid
409 4359 509 4420 certius
515 4372 644 4439 emergat,
655 4360 767 4420 titulum
778 4381 794 4418 a
808 4359 911 4425 savilio
922 4374 948 4420 et
958 4382 974 4420 a
983 4362 1118 4428 Frontone
1129 4365 1229 4421 Dueaeo
1239 4361 1342 4421 editum
1351 4374 1377 4420 et
1386 4360 1566 4442 approbatum
1577 4360 1667 4422 homi-

107 4453 165 4513 tiae
179 4452 357 4534 praefigimus.

162 4546 280 4606 Sauilins
294 4544 363 4603 hanc
377 4544 531 4604 concionem
538 4544 608 4605 inter
618 4544 838 4626 ἄμφιὸαλλίμενα
853 4544 956 4624 posuit,
969 4546 1070 4606 Fronto
1085 4548 1202 4604 Ducmus
1225 4543 1253 4603 in
1269 4543 1371 4626 spuriis
1385 4543 1485 4604 locavit
1497 4559 1524 4605 ct
1531 4545 1593 4626 jure
1606 4545 1667 4624 qui·

121 4637 185 4697 dem
197 4636 284 4696 :nihil
298 4637 369 4695 enim
379 4637 423 4695 hie
433 4638 626 4718 Chrysostomo
637 4635 761 4717 dignum.
773 4636 872 4695 Omnia
882 4637 1039 4697 Graculum
1052 4638 1160 4717 sapiunt
1173 4636 1220 4717 qui
1233 4639 1262 4698 S.
1275 4635 1500 4697 illumdoctorcm
1514 4638 1667 4713 ementitur,
1769 4660 1773 4667 ·

121 4730 200 4812 cujus
212 4728 315 4808 generis
329 4728 407 4788 multi
417 4729 535 4789 suerunt.

162 4820 410 4901 Interpretatioucm
423 4821 548 4881 Latinam
561 4819 672 4888 loannis
682 4821 777 4884 Jacobi
791 4821 913 4900 Beureri,
929 4834 1022 4903 utpote
1045 4820 1136 4882 minue
1147 4820 1217 4882 hene
1227 4823 1425 4900 concinnatam,
1440 4823 1594 4903 rejecimus,
1615 4842 1664 4882 no-

120 4934 238 4991 vamque
251 4912 415 4992 placavimus.
1228 4912 1243 4935 '
