3764 5992
1 1030 59 1073 l'r'rrs.
77 1030 100 1074 i·

1 1853 59 1896 Tt'm.
71 1851 94 1896 5.

1 1949 2 1955 ,
20 1915 54 1959 13.
69 1914 95 1958 ¹5

1 3149 37 3174 ,1.
55 3145 90 3179 lo.

22 3437 42 3464 v.
59 3436 83 3482 9·

4 3869 71 3925 Com
87 3867 99 3911 5

18 4235 64 4282 ν.6
85 4234 107 4279 5.

108 424 179 510 574
424 439 454 487 s.
480 431 620 487 sotums
645 434 827 485 cunrsosr.
857 431 1013 481 ascaron.
1041 426 1312 480 cousrsnrmor.

105 564 207 638 dicant,
222 559 271 622 llle
292 560 354 620 talis
370 559 506 643 juniorem
530 561 626 640 ooegit,
649 580 709 640 qun
721 559 821 619 nubere
874 558 948 617 δεῖνα
961 556 1163 638 κατηνάγκασε·
1186 555 1231 615 διδ
1242 560 1322 615 τοῦτο
1335 554 1431 628 imam,
1447 553 1496 614 καί
1509 554 1525 613 θ

107 655 258 731 solebat,et
271 653 364 714 domni
386 672 501 735 preesse
512 677 520 713 ε
532 665 671 734 propterea
685 651 760 733 lapsa
772 662 822 725 est,
874 655 934 722 σθη.
955 648 994 710 Σύ
1012 648 1049 726 μὴ
1064 646 1210 728 καταλίξης
1230 645 1323 722 αὐτὴν,
1345 645 1402 718 ἵνα,
1420 644 1472 706 aba
1488 645 1525 706 πί

107 763 134 808 et
143 747 370 829 supplantata.Tn
380 745 499 804 illumne
509 743 663 824 eligas,utsi
674 741 822 823 fortelapsa
874 740 1049 820 ίγκλημάτων
1069 731 1100 819 ᾖς
1116 737 1338 818 ιἰπηλλαγμίνος·
1359 737 1413 798 κᾶν
1426 737 1466 815 μὴ
1481 736 1525 796 πίι

107 839 198 912 luerit,
211 851 241 897 tu
257 860 272 896 a
287 835 520 897 criminationibus
531 835 569 895 sis
576 834 705 894 immunis
716 857 723 890 ι
733 833 757 892 si
769 853 822 893 non
873 832 992 899 πλείονος
1004 830 1148 911 ἀσφαλείας
1163 834 1202 910 τῷ
1212 830 1375 912 προσήκοντι
1388 832 1478 912 καιρῷ
1496 850 1525 888 ειε

107 931 187 990 luerit
198 930 286 1011 lapsa,
307 928 403 1009 majori
418 948 481 988 emn
494 927 635 987 securitate
653 925 822 986 convenienti
875 925 910 984 Ei
928 924 955 985 δλ
973 921 1055 1004 λίγσι,
1076 922 1213 1001 Βούλομαι
1232 921 1362 1005 νεωτέροις
1382 921 1472 1003 χήρας
1487 944 1524 999 γα

109 1036 227 1103 tempore
236 1021 311 1080 illam
323 1019 415 1100 eligas.
427 1018 537 1094 Quodsi
546 1018 631 1097 dicat,
644 1018 718 1078 Volo
720 1018 822 1100 junio-
830 1064 867 1107 m
876 1023 1017 1096 κνογονεῖν,
1034 1015 1145 1075 ἄκουσον
1158 1013 1236 1081 ποίας
1251 1012 1317 1095 ρησί
1325 1012 1469 1093 νεωτίρας,
1478 1011 1525 1081 τὰς

108 1136 154 1174 res
165 1116 273 1173 nidum
288 1115 404 1186 nubere,
411 1112 494 1192 filios
501 1130 666 1191 procreare,
675 1108 742 1168 audi
755 1128 823 1188 ques
840 1123 859 1166 a
874 1116 1102 1190 καταστρηνιθσαι
1114 1111 1161 1166 τῶ
1176 1109 1292 1187 Χριστοῦ
1307 1104 1470 1186 βουλομένας
1483 1126 1525 1185 γιιγ

105 1205 226 1286 juniores
236 1200 714 1284 appellet,easqueoumlnxuriatae
725 1198 824 1258 inerint
876 1201 1021 1281 φλυάρους,
1043 1197 1092 1266 τὰς
1112 1195 1281 1279 περιίργυες,
1300 1196 1349 1265 τὰς
1372 1216 1525 1279 παριερχσριι

107 1295 237 1357 adversus
248 1294 399 1369 Christum,
407 1292 622 1368 substernimur,
630 1291 768 1368 verbosas,
776 1310 825 1348 ou·
877 1291 976 1364 οἰκίας,
988 1289 1038 1356 τδις
1051 1286 1182 1358 λαλούσας
1192 1290 1226 1348 τὰ
1240 1289 1278 1368 μὴ
1294 1287 1402 1362 δύοντα,
1415 1288 1465 1356 τὰς
1477 1291 1525 1367 tae,

109 1387 204 1459 riosas,
219 1385 415 1446 commeante
427 1382 533 1459 domos,
548 1382 686 1461 loquentes
696 1403 756 1462 qua
771 1402 824 1441 non
877 1382 963 1443 ὀπίσω
977 1388 1023 1442 τοῦ
1037 1392 1150 1440 σατανι.
1164 1385 1205 1442 (λθ
1222 1380 1275 1462 γδρ
1294 1379 1377 1441 nimbo
1392 1379 1525 1454 tutum!

109 1488 222 1560 oportet,
230 1496 290 1556 quse
301 1494 435 1535 oonrersae
449 1486 512 1534 sunt
523 1487 583 1554 post
595 1488 724 1533 satanam.
734 1475 827 1553 Neque
878 1475 1006 1553 νεωτέρας
1023 1481 1137 1553 γαμεῖν,
1161 1471 1293 1551 ίσίγησεν,
1317 1471 1387 1532 ἀλλὰ
1411 1473 1484 1550 λέγει
1506 1493 1525 1530 ιιι

109 1568 255 1628 enimcum
275 1565 434 1647 simpliciter
452 1562 577 1641 dixisset,
603 1566 676 1624 Volo
692 1568 827 1647 juniores
879 1565 1020 1647 νεωτέρας,
1035 1566 1081 1625 καί
1093 1564 1127 1624 τὰ
1141 1563 1274 1642 πτώματα
1285 1562 1373 1623 αύτών
1386 1561 1524 1622 ίπεισιΠ

112 1662 228 1730 nubere,
238 1656 385 1734 tacuitsed
394 1670 421 1715 et
432 1655 524 1735 quales
534 1655 654 1737 juniores
662 1656 774 1736 diuites
783 1677 828 1715 ea·
879 1681 965 1735 ματα;
980 1656 1068 1717 Ὅταν
1082 1655 1342 1734 καταστρηνιάσωσι,
1359 1655 1444 1735 φησὶ,
1464 1659 1510 1713 τοῦ

112 1771 174 1810 rum
191 1750 284 1831 lapsus
299 1746 828 1828 enuntiut.QuostandsnlapsusiCum
879 1752 1022 1827 γαμεῖσθαι
1039 1746 1158 1819 θίλουσι,
1173 1744 1219 1806 καί
1234 1745 1313 1827 ἀργαὶ
1327 1745 1503 1823 μανθάνουσι,
1517 1768 1525 1802 ε

115 1839 827 1922 inxuriotoesuerint,inquit,adversusCisristum,
882 1863 969 1920 εργοι,
994 1839 1198 1922 περιερχόμεναι
1218 1839 1266 1906 τὰς
1287 1837 1387 1911 οἰκίας,
1406 1839 1525 1897 λαλοῦσι

115 1937 223 1995 nubem
241 1934 358 2003 volunt,
376 1943 404 1990 et
430 1934 531 1990 otiosoe
551 1931 677 2003 discunt,
692 1943 721 1990 et
740 1935 831 1992 curio·
883 1931 994 2003 δέοντα,
1008 1929 1053 1989 καί
1064 1930 1254 2011 ἐξετράπησαν.
1268 1928 1349 1996 Τίνος
1361 1927 1449 1988 ὀπίσω
1454 1951 1463 2000 ;
1475 1930 1525 1987 Te

112 2046 163 2102 sce,
176 2029 387 2084 circumeuntes
400 2023 513 2098 domos,
530 2023 681 2102 loquentes
692 2043 758 2104 quse
771 2042 831 2082 non
884 2022 963 2083 Ἐπεὶ
982 2013 1027 2083 ούν
1055 2023 1126 2102 μετὰ
1147 2022 1179 2082 τδ
1203 2020 1314 2103 χηρείαν
1339 2019 1466 2091 ἑλέσθαι,
1487 2018 1525 2077 καί

113 2128 236 2196 oportet,
248 2130 275 2174 et
291 2135 437 2175 converse
452 2125 529 2174 sunt.
545 2114 609 2173 Post
630 2132 710 2192 quem
726 2114 831 2173 autem?
849 2117 867 2163 Β
883 2123 971 2175 πᾶσαν
990 2117 1131 2190 ύπομεῖναι
1152 2111 1202 2184 τήν
1221 2111 1422 2193 άσγημοσύνην,
1448 2109 1525 2188 βούλο

113 2203 725 2286 PostsatanamQuandoigimr,postquam
738 2204 832 2264 vidui·
883 2211 969 2283 μῆσαε
989 2206 1080 2279 πάλιν,
1105 2203 1209 2283 βίλτιον
1227 2203 1290 2285 πρίν
1312 2203 1436 2283 ἔχεσθαι,
1459 2199 1525 2259 ιιαίΙ

114 2312 196 2359 ιειειιι
206 2298 418 2379 suntamploxae,
426 2311 452 2356 et
462 2317 569 2356 omnem
577 2295 647 2355 bane
655 2295 831 2376 ignominiam
883 2296 927 2355 τὸν
950 2296 1065 2378 Χριστὸν
1082 2300 1272 2367 καταπατῆσαι
1289 2293 1439 2367 συνθήκας,
1462 2293 1505 2353 iul

114 2391 245 2451 sustinere
258 2390 412 2462 noluerunt,
420 2410 515 2448 rursus
524 2387 625 2447 nubere
635 2387 833 2463 voluntarius
884 2396 953 2449 θεῖν·
985 2393 1023 2458 ώς
1053 2392 1079 2448 εί
1102 2388 1139 2465 μή
1160 2412 1201 2455 τις
1220 2387 1260 2462 είη
1280 2386 1411 2461 τοιαύτη,
1439 2387 1525 2447 οὐκί

114 2496 154 2542 est
167 2481 326 2564 priusquam
339 2494 448 2563 peceato
461 2479 640 2556 detineantur,
653 2493 679 2538 et
689 2479 756 2538 inita
769 2499 832 2538 eum
885 2479 1001 2558 ἀνάγκην
1012 2480 1099 2558 γάμου
1110 2479 1240 2559 δευτάρσε.

115 2573 225 2632 Christo
250 2585 329 2654 pacta
351 2571 462 2646 violent,
475 2570 511 2630 ad
524 2569 576 2630 boe
593 2569 788 2650 veniretquod
807 2570 831 2630 si

114 2686 169 2743 qua
190 2662 254 2724 talis
267 2685 321 2723 non
342 2663 435 2737 inerit,
450 2663 633 2722 necessitatem
652 2661 832 2723 secundarum

114 2755 271 2836 nuptiarum
285 2775 337 2814 non
352 2753 477 2835 imponit.

153 2848 183 2906 ί.
194 2848 278 2906 Porro
291 2845 319 2904 id
331 2866 425 2905 verum
439 2866 505 2918 esse,
515 2844 578 2904 inde
587 2858 701 2905 constat.
718 2846 832 2907 sienim
926 2847 979 2919 Καὶ
992 2847 1033 2908 ὅτε
1046 2846 1203 2908 τοῦτύέστιν
1215 2846 1323 2920 ἀληθὲς,
1338 2847 1417 2919 δῆλον
1433 2850 1525 2908 ἐκεῖθεν

114 2937 167 2996 hoe
180 2938 258 3017 quasi
268 2937 327 3016 lege
337 2935 470 2996 sanxisset
481 2935 607 2996 omnibus
622 2935 791 3011 mulieribus,
801 2951 832 2997 ut
886 2945 921 3009 ὡς
941 2939 1020 3017 νόμον
1042 2946 1120 3000 τοῦτο
1139 2939 1239 3000 τίθεικε
1254 2939 1353 3005 πάσαις
1372 2949 1431 3007 ταῖς
1446 2963 1524 3019 γυναι

116 3029 256 3104 nuberent,
267 3043 293 3088 et
305 3027 398 3087 domui
412 3041 566 3108 preessent,
581 3027 716 3109 superilue
731 3028 831 3088 illare-
888 3040 946 3110 μεῖν
961 3032 1007 3090 καὶ
1022 3033 1224 3104 οἰκοδεσποτεῖν,
1241 3034 1372 3112 περιττῶς
1387 3033 1475 3090 ἐκεῖνα
1490 3032 1525 3091 nin

118 3119 281 3198 quisivisset,
302 3119 426 3201 Sifilios
450 3120 597 3194 educavit,
616 3122 643 3178 si
662 3132 832 3179 sanctorum
888 3120 1114 3204 ἐτεκνοτρόφησεν,
1133 3124 1157 3180 εί
1178 3120 1260 3200 θγίων
1282 3119 1366 3187 πόδας
1383 3120 1482 3202 ἔνιψεν,
1497 3123 1520 3181 al

114 3214 203 3293 pedes
212 3213 296 3286 ίιιυίι,
311 3215 338 3271 si
351 3211 568 3270 tribulationem
577 3213 833 3290 potientibussnb-
887 3237 940 3281 νοις
956 3214 1111 3294 ἐπήρκεσεν,
1132 3215 1155 3272 εί
1168 3212 1248 3271 παντὶ
1260 3211 1328 3293 ίργιρ
1345 3214 1438 3293 ἀγαθῷ
1448 3214 1525 3284 ἐπηκι

118 3309 207 3376 venit,
219 3308 245 3364 si
254 3323 416 3383 οιιιιισορειε
426 3306 532 3362 bonum
543 3314 656 3361 sectata
663 3315 724 3362 est:
735 3324 832 3385 super-
887 3309 1018 3384 περιττῶς
1038 3302 1144 3363 κάκεῖνά
1165 3325 1230 3383 φησι
1249 3301 1296 3376 εδ,
1317 3301 1394 3369 Ἑνδς
1415 3304 1510 3386 ἀνδρὸς

117 3397 170 3456 llue
183 3417 291 3476 quoque
303 3394 371 3455 illud
385 3392 868 3476 dicithcrjueritluninsoiric
890 3400 923 3457 Et
956 3394 1008 3475 γθρ
1037 3396 1126 3462 πάσας
1149 3393 1196 3460 τὰς
1215 3393 1345 3473 νεωτέρας
1366 3392 1486 3460 κελεύεις
1508 3419 1525 3474 γ

117 3509 201 3548 uxor.
227 3489 256 3549 si
279 3489 351 3547 enim
366 3486 462 3546 viduas
484 3506 576 3545 omnes
587 3485 710 3565 juniores
732 3487 834 3548 nubere
888 3494 944 3556 πῶς
968 3487 1107 3560 δυνήσεταί
1130 3509 1169 3552 τις
1194 3486 1249 3553 ἐνὸς
1273 3483 1366 3567 ἀνδρὸς
1390 3476 1458 3544 εἶναι
1476 3509 1525 3564 γυν

112 3581 201 3660 jubes,
217 3578 353 3660 quomodo
375 3577 470 3659 poterit
485 3576 575 3657 aliqua
599 3576 679 3636 unius
696 3577 750 3636 riri
765 3600 835 3639 uxor
887 3581 953 3660 πρὸς
974 3576 1075 3646 ἐκείνας
1093 3582 1108 3636 i
1126 3576 1207 3655 λόγος
1222 3579 1303 3658 αὐτῷ.
1322 3575 1403 3635 Οὕτω
1419 3575 1465 3635 καί
1479 3576 1525 3636 tal

115 3675 290 3753 esseiltaque
303 3672 363 3731 illas
376 3671 434 3751 ejus
449 3682 551 3750 spectat
563 3667 658 3728 oratio.
671 3669 713 3728 lta
727 3670 792 3729 iacit
808 3684 835 3731 et
888 3670 978 3737 ουσίας
996 3674 1044 3741 τῆς
1068 3666 1137 3728 κστδι
1155 3667 1198 3726 τδν
1219 3667 1305 3747 γάμον
1319 3676 1399 3728 ποιεῖ.
1423 3665 1519 3727 Εἰπὼν

117 3763 184 3823 duni
200 3761 361 3843 loquiturde
373 3781 515 3841 congressu
526 3760 672 3841 oonjugali.
682 3761 834 3822 Gumenim
889 3765 1058 3843 ἀποστερεῖτε
1082 3759 1228 3833 ἀλλήλους,
1254 3761 1277 3816 εί
1297 3758 1335 3836 μή
1359 3782 1386 3817 τε
1411 3758 1442 3816 δν
1466 3761 1499 3817 ἐκ
1522 3785 1525 3810 ι

104 3852 240 3928 ¹dixisset,
265 3854 365 3912 Nolite
376 3853 523 3932 fraudare
535 3855 671 3923 invicem,
688 3855 836 3932 nisisorte
889 3855 954 3932 πρὸς
967 3851 1069 3935 καιρὸν,
1082 3851 1126 3910 ίνα
1141 3852 1289 3930 σχολάζητε
1301 3855 1334 3930 τῇ
1348 3849 1459 3932 νηστεία
1472 3848 1521 3910 καί

117 3965 154 4002 ετ
166 3963 307 4002 consensu
324 3944 366 4001 ud
379 3955 500 4020 tempus,
527 3953 560 4000 ut
583 3946 698 4000 vacetis
718 3946 835 4025 jejunio
889 3949 969 4026 ευχῇ,
993 3945 1038 4003 καί
1058 3943 1140 4003 πολιν
1164 3942 1208 4003 ἐπί
1229 3940 1260 3999 τὸ
1281 3942 1346 4002 αύτὸ
1365 3941 1525 4022 συνέρχησθε

117 4047 146 4093 et
159 4035 328 4107 orationi,et
339 4037 443 4091 iterum
455 4034 644 4090 revertamini
654 4035 685 4091 in
695 4035 833 4114 idipsum:
889 4036 997 4114 νομίζης
1009 4035 1040 4094 τὸ
1056 4045 1169 4116 πρᾶγμα
1182 4034 1261 4112 νόμον
1277 4023 1360 4106 rivet,
1381 4032 1525 4114 προστίθης

119 4146 151 4184 ne
162 4125 249 4204 legent
259 4144 315 4184 esse
326 4144 357 4182 eo
377 4135 541 4204 praeoeptum
565 4122 713 4201 existimes,
724 4146 834 4186 eausam
886 4129 946 4188 τίαν
963 4126 1072 4206 ύστερον
1089 4127 1189 4205 λέγων·
1208 4124 1269 4185 Ἵνα
1286 4122 1323 4202 μὴ
1338 4123 1452 4206 πειράζῃ
1467 4128 1525 4202 ip!

118 4217 223 4298 adjicit,
238 4215 335 4275 deinde
348 4215 441 4275 dicens
456 4237 463 4271 :
476 4215 520 4272 Ne
536 4226 627 4273 tentet
636 4236 692 4275 uos
703 4230 835 4280 satanas.
886 4230 942 4286 νᾶς.
965 4222 1052 4279 Τοῦτο
1069 4217 1181 4297 δὲλέγω
1195 4216 1264 4278 κατδ
1277 4216 1448 4296 συγγνώμην,
1459 4219 1510 4275 οὔκ
1523 4244 1525 4272 ι

119 4314 186 4371 Hoc
197 4323 295 4368 autem
307 4306 835 4387 dicosecundnmindulgentiam,non
888 4312 932 4370 δεδι
947 4311 995 4385 ris
1012 4311 1144 4393 ἀκρασίαν
1164 4315 1247 4387 ὑμῶν.
1270 4306 1378 4389 Ὥσπερ
1391 4297 1443 4368 ’σύν
1457 4309 1489 4367 ού
1508 4331 1525 4368 τι

118 4403 277 4461 sectandum
290 4403 453 4480 imperium,
463 4410 582 4478 propter
591 4401 836 4461 incontinentiam
853 4427 873 4472 l)
888 4411 971 4464 ταῦτα
985 4402 1151 4482 διαλέγεται,
1174 4400 1243 4461 etit
1262 4407 1316 4467 τοῖς
1330 4399 1525 4481 ύκρατεστίρου

119 4507 258 4554 oestrum.
287 4490 523 4567 Quemadmodum
544 4492 629 4572 igitur
642 4512 695 4551 nou
711 4493 837 4554 omnibus
889 4494 1000 4576 θρώποιν
1021 4494 1068 4554 καί
1091 4492 1245 4561 εύσλώτοις·
1269 4489 1339 4550 οὕτω
1358 4491 1405 4550 καί
1422 4493 1525 4553 ίνταῦθι

120 4586 178 4645 illio
187 4587 236 4644 ista
248 4585 379 4663 loquitur,
402 4582 449 4644 sed
472 4583 506 4643 iis
516 4585 564 4662 qui
578 4585 648 4643 inter
657 4583 780 4644 homines
793 4585 838 4645 in·
888 4586 1026 4670 χειρύιτοις
1040 4590 1092 4646 τῶν
1104 4589 1246 4665 γυναικών,
1264 4583 1311 4644 καί
1326 4583 1365 4662 μή
1380 4583 1525 4664 δυναμίναι

120 4677 322 4735 continentiores
336 4688 407 4751 sunt,
432 4689 458 4734 et
475 4675 554 4734 facile
568 4675 627 4756 capi
650 4689 763 4756 possunt
778 4701 785 4734 ε
798 4678 838 4737 sio
888 4681 932 4739 τὸν
949 4679 1017 4757 μετὰ
1039 4677 1177 4760 ἀκριδείας
1196 4675 1252 4756 βίον
1274 4680 1321 4747 τῆς
1340 4675 1466 4756 χηρείας,
1487 4696 1525 4732 τοι

119 4768 200 4826 otiam
213 4768 265 4826 hoc
288 4768 347 4827 loeo
363 4767 488 4826 mulieres
515 4781 670 4848 expugnatu
697 4768 798 4842 faciles,
812 4784 838 4828 et
891 4780 973 4851 ραινεῖ
989 4769 1036 4828 καί
1054 4767 1228 4847 συμδουλεύει
1242 4767 1361 4850 δεύτερον
1374 4764 1525 4844 ἐπεισάγειν

121 4880 180 4937 quse
193 4880 244 4918 non
260 4859 298 4917 ita
312 4858 391 4917 facile
411 4859 529 4939 perferre
538 4874 651 4939 possunt
672 4875 795 4921 exactam
810 4861 837 4921 in
889 4864 924 4922 ‘ll
936 4863 987 4943 γδιρ
998 4861 1096 4942 χηρεία
1110 4850 1217 4920 δι’πλοῦν
1231 4883 1257 4917 τι
1271 4857 1385 4938 πρᾶγμά
1401 4858 1468 4917 ἐστι.
1489 4858 1517 4917 Τ
1518 4857 1525 4915 ί

122 4949 370 5011 νιέίιιὶιιιισνίιειιώί
381 4950 522 5024 rationem,
533 4951 666 5025 bortatur,
677 4956 838 5034 etconsulit,
890 4956 1014 5028 διπλοῢν;
1027 4954 1135 5034 Ἔργων
1157 4949 1280 5020 ἐπίδειξις
1299 4951 1417 5030 ἀγαθῶν,
1431 4947 1479 5007 καί
1493 4972 1525 5025 τιγ

123 5057 153 5101 ιιι
174 5043 288 5102 alterum
302 5044 392 5103 uirum
417 5043 598 5104 introducant.
627 5044 676 5104 Est
703 5047 775 5106 enim
799 5070 840 5108 res
890 5046 942 5129 οχή
957 5045 1091 5126 μεγίστης.
1114 5045 1242 5125 Καθάπερ
1261 5033 1307 5103 ούν
1327 5040 1374 5101 καί
1392 5046 1410 5112 ἡ
1428 5039 1525 5123 ἀρχὴί

123 5133 245 5210 qttaedam
258 5134 363 5215 duplex
373 5134 499 5195 viduitas.
517 5135 593 5210 Quid
609 5136 660 5196 hoc
673 5151 713 5197 est
732 5132 840 5200 tandem
890 5137 1003 5220 πρᾶγμά
1013 5141 1083 5198 ἐστιν
1093 5160 1100 5175 ·
1112 5136 1168 5218 ἔχει
1177 5135 1229 5218 γάρ
1240 5133 1287 5195 καί
1294 5133 1359 5213 ίργα
1368 5131 1525 5211 καλάὶίοιμι

123 5225 248 5306 duplex?
266 5227 400 5285 lionorum
413 5247 524 5307 operum
540 5229 683 5309 specimen,
694 5245 717 5289 et
732 5231 842 5292 honoris
893 5232 941 5310 μὲν
957 5234 1041 5312 ἀρχῆς
1055 5234 1072 5300 i,
1088 5227 1207 5303 ἐξουσία,
1222 5227 1267 5287 καί
1280 5231 1299 5298 θ,
1313 5223 1389 5304 erupit
1400 5225 1453 5282 τῶν
1469 5226 1525 5284 πολ
