3764 5992
119 463 186 538 156
429 484 828 535 s.ro.tnnrsc11nrsnsr.
858 482 1015 531 auertiue.
1043 483 1314 532 cessrunrrnor.

114 613 243 674 omuibus
266 625 305 672 est
330 612 473 690 immutuit,
495 625 633 694 propterea
658 623 830 692 peccatorum
884 610 994 670 καίθ
945 616 994 670 καθ
997 609 1158 689 άπερλιμὴν
1177 609 1334 689 πνευμάτων
1355 608 1402 668 καὶ
1423 608 1525 686 κυμάτιι

116 703 284 784 quidemilla
298 717 361 763 sunt
374 703 556 782 tabernacula,
579 702 637 762 hnc
653 722 719 762 vero
733 701 829 762 domus
883 701 1012 780 λαγμένος
1030 700 1131 773 πολλὴν
1152 709 1206 769 τοῖς
1223 700 1404 781 όρμιζομένοις
1422 699 1525 768 πλοίοις

115 811 154 857 est
168 797 239 856 Dei:
255 811 281 856 et
307 795 534 877 quemadmodum
554 809 674 877 pertusa
690 780 777 855 veritis
804 808 831 853 et
885 793 932 866 ela
945 793 1099 873 ἀσφάλειαν,
1114 792 1182 853 οὕτω
1196 792 1227 862 δὴ
1242 793 1369 852 καίὸτοῦ
1382 795 1455 852 Θεοῦ
1470 782 1525 852 elne

114 888 240 948 fluctibus
252 888 447 948 libermultam
462 886 599 946 navibus
591 898 618 944 m
637 907 669 945 eo
689 885 830 945 stationem
885 885 938 945 σἰπό
963 907 1032 952 τινος
1055 888 1186 965 χειμῶνος
1207 888 1261 943 τῶν
1284 883 1378 952 ἔξωθεν
1407 882 1525 964 πραγμσί

112 980 272 1061 eligentibus
297 981 400 1061 prabet
415 978 595 1054 securitatem,
606 977 646 1037 sie
662 976 793 1036 nimirum
805 991 831 1035 et
885 976 1013 1043 εἰσιόντας
1023 975 1185 1057 ἐξαρπάζων,
1201 976 1268 1054 μετά
1288 979 1390 1047 πολλῆς
1410 975 1526 1055 παρέχει

111 1071 270 1131 Deidomus
283 1072 647 1152 tarnquamabexternornm
662 1067 830 1150 negotiorum
884 1072 965 1144 λήνης
989 1070 1034 1129 καί
1052 1075 1101 1141 τῆς
1123 1069 1268 1150 ἀσφαλείας
1290 1069 1413 1142 ἑστάναι,
1437 1068 1484 1127 καί
1508 1092 1525 1126 τ

112 1175 267 1243 tempestate
280 1161 527 1243 abreptoseos,qui
539 1159 830 1238 intrauerint,inmul—
884 1166 1029 1242 ἀκροᾶσθαι
1049 1161 1153 1240 λογίων.
1175 1164 1262 1221 Τοῦτο
1283 1161 1314 1220 τδ
1330 1159 1429 1241 χωρίον
1449 1157 1525 1218 θπόθι

112 1266 137 1311 ta
146 1252 338 1332 tranquillitate
352 1252 465 1312 collocat
480 1265 506 1313 et
516 1250 668 1328 securitate,
676 1270 829 1310 sacrorum-
884 1257 995 1335 ἀρετῆς,
1008 1254 1189 1312 διδασκαλεῖον
1208 1250 1377 1333 φιλοσοφίας·
1391 1253 1441 1310 οὐκ
1452 1253 1480 1309 ἐν
1491 1274 1524 1310 συ

111 1365 163 1423 que
173 1344 341 1424 eloquiorum
355 1342 501 1404 auditionis
510 1342 654 1424 participes
669 1341 761 1402 efficit.
777 1341 829 1401 llic
883 1368 935 1418 νον,
954 1343 997 1403 ότε
1015 1343 1141 1423 ἀκρόασις
1161 1346 1276 1424 Γραφῶν
1294 1343 1339 1403 καί
1357 1341 1520 1402 δικσσκαλία

110 1439 308 1500 locusvirtutis
332 1453 372 1498 est
385 1438 499 1511 occasio,
520 1436 698 1518 philosophie
712 1436 827 1496 selrola:
883 1435 957 1508 τικὴ,
980 1435 1026 1494 καί
1049 1436 1180 1514 συνέδριον
1198 1434 1321 1516 πατέρων
1341 1432 1525 1511 αίδεσίμων·«

109 1552 162 1589 non
170 1531 197 1589 in
212 1530 323 1590 collecta
339 1530 438 1606 selum,
450 1528 517 1588 dum
534 1528 682 1609 Scriptura
693 1549 774 1587 sacrae
787 1549 828 1586 re·
846 1541 864 1587 E
883 1531 910 1587 ἐν
928 1527 1007 1587 παντί
1027 1530 1066 1605 τῷ
1088 1528 1173 1606 λοιπῷ
1195 1530 1299 1608 καιρῷ,
1321 1524 1429 1597 ίπίόηθι
1445 1528 1500 1583 τῶν
1519 1547 1525 1580 ι

108 1622 236 1697 citantur,
262 1634 288 1680 et
304 1619 425 1682 doctrina
454 1619 603 1701 spiritualis
616 1618 775 1700 porrigitur,
798 1641 830 1678 ac
882 1618 970 1697 μόνον,
982 1617 1027 1677 καί
1039 1616 1131 1684 εθθίως
1141 1617 1238 1678 ἀπέθου
1250 1616 1299 1684 τάς
1310 1616 1449 1698 φροντίδας
1459 1614 1525 1694 adal

107 1713 321 1775 venerandorum
329 1727 439 1794 patrum
452 1726 560 1772 senatus
571 1710 661 1771 adstat
676 1734 683 1769 :
700 1711 747 1770 sed
756 1731 828 1789 quo-
883 1711 993 1771 Είσελθε
1007 1712 1060 1769 τῶν
1074 1707 1210 1790 προθόρων
1228 1707 1309 1779 τίσω,
1327 1708 1373 1769 καί
1390 1708 1513 1789 καθάπερ

108 1806 151 1866 ris
174 1806 254 1865 etiam
289 1805 394 1883 reliquo
418 1817 545 1886 tempore,
566 1802 700 1863 vestibula
723 1815 828 1862 tanturn
880 1797 1520 1883 πνευματικὴπεριίσταταίσουτλνψιχήν.ιθότη

109 1896 258 1976 ingredere,
269 1912 326 1957 tum
340 1911 371 1956 tu
382 1894 472 1955 subite
485 1894 625 1955 saculares
644 1913 736 1953 omnes
750 1913 829 1952 curas
880 1897 917 1959 εἰς
936 1891 1032 1974 φρίκην
1050 1892 1124 1972 ἄγει,
1147 1891 1192 1950 καί
1211 1892 1330 1952 διδάσκει
1347 1893 1513 1970 φιλοσοφεῖν·

108 1989 233 2071 depones.
246 1990 322 2048 lutra
335 1988 362 2048 in
375 1986 553 2064 emtibnlum,
574 2001 600 2047 et
611 1999 749 2064 tamquam
761 2007 828 2044 aura
878 1986 910 2046 τὸ
921 1985 1060 2067 φρόνημα,
1079 1984 1124 2043 καί
1142 1985 1190 2043 οὐκ
1204 1982 1298 2065 ἀφίησι
1312 1987 1465 2063 μεμνῆσθαι
1482 1972 1525 2041 τίῖι

106 2081 232 2161 quaedam
249 2080 398 2162 spiritualis
411 2078 530 2139 animam
544 2093 620 2139 tuam
633 2076 748 2139 afflabit.
763 2076 828 2137 llaec
877 2101 940 2146 των,
955 2076 1095 2156 μεθίστησί
1116 2101 1145 2136 σε
1164 2076 1275 2154 άπθγῆς
1288 2076 1379 2143 είςτδν
1389 2074 1525 2156 οὐρανόν.1

106 2172 288 2252 tranquillitas
313 2171 452 2232 horrorem
473 2170 578 2246 incutit,
596 2183 622 2229 et
637 2168 825 2251 philosophari
880 2170 918 2250 ρὶς
928 2168 1056 2238 συνάξεως
1069 2174 1192 2228 τοσοῦτον
1204 2169 1235 2229 τὸ
1248 2167 1339 2250 κέρδος
1356 2173 1404 2240 τῆς
1420 2170 1525 2226 ἐνταῦθε

105 2264 327 2324 docet:mentem
341 2259 770 2343 erigit,nequesinitpraesentium
784 2281 826 2318 re·
879 2262 952 2333 σίας,
980 2259 1042 2320 όταν
1062 2262 1197 2339 προφῆται
1216 2260 1343 2319 πάντοθεν
1369 2262 1475 2338 βοῶσιν,
1499 2255 1525 2316 δι

106 2355 224 2432 cordari,
247 2369 345 2415 aterna
360 2353 387 2413 in
404 2353 500 2413 caelum
523 2366 549 2411 te
562 2350 698 2411 transfert.
710 2349 790 2424 Quod
803 2351 826 2410 si
878 2355 966 2412 στολοι
993 2350 1227 2432 εὐαγγελίζωνται,
1251 2349 1314 2408 όταν
1342 2354 1357 2409 ὁ
1381 2350 1497 2432 Χριστὸς
1521 2375 1525 2406 ι

104 2447 204 2525 absque
216 2446 327 2506 collecta
342 2459 446 2505 tantum
460 2457 592 2524 quaestum
610 2442 686 2515 lacis,
696 2442 767 2522 quod
780 2442 826 2502 hie
835 2443 1007 2523 ,ωείσιήκμ
1022 2441 1085 2502 όταν
1098 2440 1196 2522 Πατὴρ
1209 2442 1373 2522 δποδίγηται
1388 2440 1422 2499 τί
1433 2441 1525 2518 γινόμι

106 2539 228 2614 verseris,
256 2537 366 2618 quando
393 2535 514 2615 undique
535 2534 673 2617 prophetae
696 2535 823 2610 clamant,
843 2535 861 2578 Α
879 2537 990 2612 Πνεῦμα
999 2534 1074 2612 ἅγιον
1084 2533 1191 2616 παρέχῃ
1205 2533 1254 2607 τὴν
1274 2533 1373 2592 οἰκείαν
1389 2531 1525 2610 άγαλλίασ

104 2629 211 2708 qnando
225 2629 340 2711 apostoli
354 2627 526 2708 evangelium
538 2625 698 2709 praedicant,
716 2626 826 2706 quando
879 2625 926 2704 plu
938 2624 1068 2706 ὠφελείας
1081 2624 1274 2702 ἐμπλησθέντες
1292 2625 1317 2683 οἱ
1332 2623 1460 2705 παρόντες
1475 2626 1525 2686 tat

105 2733 157 2779 stat
164 2721 289 2781 Christus
301 2720 328 2779 in
338 2720 437 2795 medio,
446 2718 555 2799 quando
564 2740 624 2798 quae
632 2718 702 2778 fiunt
712 2718 826 2800 suscipit
876 2721 901 2777 σί
915 2717 1026 2785 ἀπόντες
1035 2715 1064 2776 δὲ
1077 2717 1163 2789 πόσην
1174 2715 1272 2795 ζημίαν
1282 2716 1474 2792 θπομόνουσιν;
1484 2716 1525 2777 'Et

106 2815 196 2884 Pater,
213 2812 324 2891 quando
342 2811 464 2871 laetitiam
478 2831 556 2870 suam
578 2810 697 2892 Spiritus
715 2824 823 2871 sanetum
876 2807 1525 2890 εἶδέναιποῢδιατρίόουσινοίτῆςσννσίξεωςκαταφ

106 2904 236 2984 impertit,
254 2915 353 2982 quanta
375 2903 423 2982 qui
447 2901 548 2962 adsunt
561 2901 678 2960 utilitate
691 2900 823 2960 cumulati
876 2926 932 2975 τες,
946 2901 973 2960 τί
987 2901 1116 2982 κατέσχεν
1131 2899 1243 2977 αὐτοὺς,
1266 2901 1311 2959 καί
1325 2905 1372 2972 τῆς
1385 2904 1456 2980 ἱερᾶς
1475 2900 1525 2960 ταί

107 2995 357 3073 recedunt,·qnanto
370 2992 471 3053 danum
482 2993 640 3053 afficiuntur
648 2991 696 3072 qui
703 2993 823 3052 absunt?
876 2992 958 3065 πέζης
969 2993 1104 3074 ἀπήγαγες
1114 2994 1175 3075 περί
1184 2992 1263 3052 τίνων
1273 2996 1291 3064 ἡ
1302 2991 1421 3061 διαλεξις.
1432 2993 1525 3052 Melle

107 3087 214 3148 Vellem
227 3088 295 3147 scire
306 3086 416 3146 ubinam
430 3099 580 3163 versentur,
589 3084 637 3163 qui
651 3084 769 3145 eolleetae
783 3084 826 3144 in·
877 3091 978 3166 σαφῶς·
990 3085 1008 3156 ἣ
1022 3084 1074 3164 γάρ
1093 3086 1154 3166 περὶ
1166 3083 1272 3144 ἀτόπων
1293 3083 1338 3142 καὶ
1356 3083 1525 3164 καταγελόστ

106 3194 202 3239 teresse
214 3178 399 3260 neglexerunt,
424 3176 491 3258 quid
510 3197 554 3237 eos
566 3176 722 3253 detinuerit,
746 3190 772 3237 et
789 3177 825 3237 ab
877 3178 986 3257 γμάτων
999 3177 1182 3257 διαλέγονται,
1197 3176 1215 3249 ἢ
1229 3181 1365 3256 βιωτικαῖς
1379 3180 1431 3237 εἰσι
1447 3200 1525 3258 repeat

107 3272 158 3331 lrac
174 3294 249 3332 sacra
267 3292 358 3332 mensa
383 3268 528 3343 revocarit,
554 3267 589 3329 de
604 3268 704 3348 quibus
717 3269 786 3328 inter
797 3291 826 3330 se
878 3269 1010 3351 φροντίσιν
1020 3293 1026 3306 ·
1036 3269 1191 3351 ἀμφοτέραιν
1205 3268 1264 3341 δίη
1279 3268 1402 3351 διστριόὴ
1413 3267 1525 3349 συγγνάιγ

105 3365 303 3444 colloquantur.
327 3364 386 3422 lmo
399 3381 466 3422 vere
489 3362 548 3442 jam
572 3361 658 3442 probe
677 3360 760 3438 novi,
779 3375 825 3420 aut
879 3361 1022 3442 στέρηται,
1043 3359 1089 3421 καί
1111 3360 1219 3421 κόλασιν
1231 3359 1286 3441 ἔχει
1300 3359 1349 3433 τὴν
1368 3361 1497 3441 ἐσχάτην.
1519 3365 1525 3422 l

105 3455 178 3515 enirn
188 3455 223 3514 de
232 3452 395 3515 absurdisac
402 3451 526 3512 ridiculis
535 3452 615 3512 rebus
622 3453 823 3532 eollnqunntur,
879 3451 927 3531 ple
941 3458 989 3525 τῆς
1002 3453 1132 3534 προτέρας
1151 3450 1210 3513 οὐδὲ
1230 3452 1308 3532 λόγου
1326 3453 1380 3527 δεῖ,
1395 3453 1455 3512 οὔτε
1469 3457 1525 3513 ἀπο

104 3562 152 3608 aut
164 3547 338 3609 saecularibus
349 3544 421 3606 curis
432 3544 510 3605 affixi
523 3559 585 3606 sunt
600 3557 732 3625 :utraque
745 3567 825 3626 porro
843 3553 862 3598 Β
877 3545 918 3605 ότι
929 3544 957 3605 δὲ
972 3546 1018 3605 καί
1031 3548 1057 3605 οί
1073 3545 1107 3604 τθ
1124 3550 1172 3618 τῆς
1186 3544 1269 3611 οἰκίας
1285 3551 1349 3622 ἡμῖν
1363 3545 1525 3625 προόαλόμιι

104 3643 182 3701 venia
190 3639 274 3720 digna
287 3659 339 3699 non
351 3651 390 3698 est
399 3636 583 3720 occupatio,et
594 3650 715 3697 extremo
722 3635 825 3718 suppli·
877 3661 984 3719 γματα,
998 3638 1045 3699 καὶ
1062 3635 1111 3710 τὴν
1126 3638 1256 3720 ἀφόρητον
1271 3639 1368 3697 ἐκεῖθεν
1383 3638 1525 3717 ἀνάγκην]

105 3733 193 3793 cioest
203 3730 374 3792 obnoxia.llc
384 3729 420 3790 de
429 3729 514 3812 priori
524 3728 634 3809 quidem
646 3749 731 3809 neque
741 3728 825 3790 verba
877 3730 936 3793 σθδί
963 3721 1035 3792 οὗτοι
1062 3730 1184 3790 δύνανται
1207 3728 1364 3810 συγγνώμης
1387 3738 1487 3811 τυχεῖν,
1512 3735 1525 3790 δ

105 3825 191 3882 facere
204 3843 272 3903 opus
291 3836 343 3897 est,
365 3819 680 3884 vel'demonstrationem
703 3820 821 3880 afferre:
877 3822 1023 3902 ίόδομάδσς
1041 3825 1152 3882 ἐνταῦθα
1170 3821 1325 3900 καλούμενοι
1331 3869 1339 3897 ,
1360 3821 1405 3881 καὶ
1426 3820 1484 3882 οὐδὲ
1504 3846 1525 3882 τι

106 3936 150 3973 eos
168 3935 233 3974 vero
253 3914 301 3991 qui
316 3934 360 3973 res
370 3912 530 3973 domesticas
544 3913 624 3972 nobis
643 3906 825 3994 objiciunt,et
876 3913 987 3997 γόμενοι
1012 3915 1046 3975 τά
1074 3913 1242 3994 πνευματικά
1276 3919 1328 3973 τῶν
1360 3911 1460 3992 γηίνων
1484 3937 1525 3995 πρ

106 4005 207 4065 indese
222 4003 385 4064 intolerabili
393 4003 484 4085 urgeri
498 4004 653 4064 necessitate
666 4018 821 4078 earrmntur,
877 4007 1052 4089 πραγμάτων,
1071 4009 1125 4069 ἀπὸ
1146 4011 1198 4066 τῶν
1224 4007 1380 4087 εὐαγγελίων
1403 4007 1494 4079 δῆλον.
1522 4009 1525 4066 3

106 4108 141 4156 ne
155 4097 220 4157 istos
244 4095 353 4174 quidem
367 4094 474 4155 veniam
487 4094 826 4176 obtinereposse,cumse·
877 4103 902 4160 οί
928 4100 1066 4171 κληθέντες
1101 4098 1146 4159 ἐπὶ
1179 4099 1224 4159 τὸν
1258 4099 1342 4179 γάμον
1375 4099 1419 4158 τὸν
1453 4121 1525 4177 πνευγ

108 4184 380 4247 melinhebdnmada
389 4185 825 4266 hueveeentur,aenetumqui-
877 4192 976 4260 τούτοις
1005 4191 1201 4272 προεόάλλοντο
1226 4191 1274 4259 τάς
1302 4191 1464 4272 προφάσεις,
1496 4195 1511 4250 δ

107 4277 380 4361 demresspirituales
403 4278 515 4339 terrenis
526 4279 656 4338 anteferre
665 4277 892 4359 dignentur,
878 4289 967 4365 ζεῦγος
998 4282 1134 4357 ὠνήσατο,
1157 4284 1216 4342 οδ
1202 4282 1229 4342 δὲ
1259 4281 1300 4340 &t
1334 4281 1412 4362 ἀγρὸν
1447 4282 1525 4360 ἐπριά

1 4379 52 4490 o14
61 4370 295 4475 haeseranqeliis
306 4383 418 4432 constat
426 4372 498 4431 Nam
507 4371 581 4432 etrllr
591 4393 637 4451 qur
630 4370 681 4431 ad
692 4384 825 4453 sparatua
879 4375 1022 4436 δ’ὲὸοι
995 4399 1099 4456 οομφην
1121 4372 1254 4454 ἠγάγετο,
1279 4374 1337 4432 ἀλλ
1364 4371 1525 4445 ἐκολάσθησο

108 4579 154 4617 nes
163 4556 355 4633 obtendebant,
369 4552 442 4634 quod
453 4554 499 4613 hic
512 4554 652 4632 quidem
640 4574 740 4635 jugum
748 4574 826 4613 emls
879 4560 1071 4640 ἀπολογίαν’
1045 4583 1093 4620 ουκ
1116 4558 1224 4640 ἔγ·ουσι
1254 4555 1322 4635 μετά
1346 4554 1397 4636 γάρ
1422 4555 1467 4614 τὸν
1494 4559 1525 4617 Θ

107 4662 156 4727 set,
165 4648 283 4708 allevem
292 4644 483 4728 praedlumstbt
494 4644 737 4725 comparasset,ille
748 4666 827 4727 spon·
879 4654 967 4712 πάντα
986 4654 1127 4730 ἀναγκαῖα.
1146 4649 1224 4710 Μετθι
1243 4648 1292 4724 τὴν
1310 4648 1409 4709 ἐκείνου
1425 4647 1518 4726 τιμὴν,

108 4762 164 4800 sam
180 4736 469 4818 duxisse13setlpuniti
481 4750 651 4797 sunttamen.
665 4737 826 4799 Neeessarlae
843 4754 861 4801 C
879 4745 948 4805 ἄλλα
975 4744 1130 4804 deutautto
1153 4745 1276 4814 σπουδῆς.
1301 4744 1350 4808 Τίς
1372 4740 1424 4822 γάρ
1447 4738 1525 4799 οίκίτ·

8 4843 88 4886 ιοοιιο
90 4830 219 4908 quadem
229 4844 292 4891 sunt
305 4830 360 4889 illae
374 4850 475 4905 ταυτας
491 4829 538 4888 sed
554 4850 615 4889 eum
630 4829 824 4906 Deusinvitat,
880 4861 990 4916 twa?
953 4861 990 4916 πρ
991 4836 1016 4894 tv
1030 4835 1048 4906 θ,
1064 4835 1112 4907 τὴν
1127 4831 1424 4912 δεοποειχὴοοιληρώοῃ
1440 4832 1525 4932 διοικοι

0 4846 60 4947 ’ωω
14 4983 99 5023 r-¹··
109 4923 183 4982 nulla
196 4939 366 4984 excusatione
375 4937 437 4983 sunt
451 4922 565 5002 dignm:
579 4925 637 4982 Deo
650 4943 767 5001 namque
775 4942 827 4980 no
878 4927 947 4988 κατὰ
968 4927 1016 5000 τὴν
1033 4926 1100 4987 ἰδίου
1116 4925 1200 4987 οἰκίον
1215 4923 1406 5003 ἐπιμελησεταί
1426 4946 1510 4990 ποτε·

6 5000 70 5072 aare
109 5013 151 5071 bis
165 5029 227 5073 sunt
236 5037 324 5074 omnra
339 5035 484 5074 neeessarra
494 5014 688 5095 posthabenda
700 5014 792 5075 Ubi
769 5035 826 5095 ejus
878 5020 965 5081 οὐκ
948 5042 1045 5080 οσοπον
1061 5022 1103 5080 ἐπ’
1121 5016 1252 5100 ἀνθρώπω
1276 5014 1333 5094 μὲν,
1355 5015 1418 5074 ἔνθα
1436 5013 1515 5094 ψιλσν

108 5104 203 5163 horrori
216 5106 296 5165 suerit
319 5107 495 5182 satisfactum,
515 5119 574 5164 tum
592 5105 683 5166 inalia
703 5106 826 5167 studium
878 5111 1036 5183 δεσποτεία,
1065 5110 1196 5183 τοσαύτην
1224 5116 1280 5175 τοῖς
1309 5106 1408 5188 κυρίοις
1439 5104 1525 5197 παρίγ

106 5196 287 5277 impendatur.
309 5199 379 5272 Quis
391 5198 474 5270 enim,
490 5219 590 5277 quaeso,
608 5199 737 5276 famulus,
749 5214 826 5260 ante·
878 5206 944 5263 αἰδῶ
958 5205 1003 5263 καὶ
1012 5202 1061 5276 clv
1076 5201 1243 5275 ὑπακοὴν,
1219 5224 1264 5261 τον
1278 5199 1307 5261 δὲ
1322 5202 1428 5272 άληθῶς
1439 5187 1525 5261 Ᾱεσπτ

107 5310 188 5366 qnam
203 5289 318 5349 1)οωίοο
328 5288 450 5351 debitum
463 5290 613 5372 expleverit
627 5291 821 5371 ministerium,
877 5300 953 5375 ἡμῶν
970 5294 1057 5373 μόνον,
1071 5294 1140 5353 ἀλλὰ
1159 5292 1254 5367 καί
1219 5317 1270 5352 των
1286 5292 1340 5352 σίνιο
1355 5291 1525 5371 δυνάμεων,
