3764 5992
452 466 497 515 ott
522 468 635 518 ttttctr.
663 469 741 522 SEV·
769 474 814 524 tta
841 476 955 528 suutto
978 478 1085 532 tectus
1111 481 1296 539 mmm
1319 486 1366 541 D!
1390 491 1493 544 PADB.

1668 484 1740 582 493
1782 557 1786 563 ,

204 605 285 645 roone
305 586 413 671 loquuti
431 608 543 666 mnus,
556 613 664 655 omnem
677 615 712 658 ex
729 598 819 661 animo
833 601 947 682 fugastis
968 638 972 645 ·
999 606 1743 702 Deuttrunuusdsrettquaupsetumnttsucmu

202 677 384 740 iracundiam.
398 681 533 762 Suscipite
552 704 617 765 crgo
641 708 703 748 eum
722 689 804 770 pleno
825 707 943 773 pectore,

201 774 305 853 apertis
318 774 451 837 manibus.
462 778 492 837 si
506 778 574 858 quid
586 781 662 841 triste
674 797 780 862 gestum
795 799 846 863 est,
865 790 945 850 omit·

998 699 1059 761 dire
1076 701 1205 783 dignetur
1217 705 1379 787 Ecclesiam,
1399 731 1492 793 paoem
1507 716 1592 780 lium
1604 734 1632 783 et
1642 699 1745 806 perpe-¹

999 807 1073 855 tuam
1083 795 1162 871 dare,
1176 797 1205 857 in
1219 799 1328 862 Christo
1341 805 1407 866 tau
1420 804 1539 869 Domino
1559 825 1664 893 nmtto,
1675 828 1739 880 culn

202 865 267 972 tite:
278 866 342 944 quia
351 867 400 926 ubi
415 880 520 976 tempus
533 870 623 979 pacis,
633 873 783 981 recordatio
794 876 944 987 dissensio-
997 910 1051 969 quo
1062 905 1102 951 est
1113 892 1200 972 gloria
1210 895 1269 954 Deo
1279 897 1365 974 Patri,
1376 910 1501 963 unacum
1515 905 1621 987 Spiritu
1635 925 1738 990 mado,

201 982 246 1020 ms
262 961 337 1021 nulla
352 975 401 1038 est,
412 977 442 1022 ut
456 978 492 1023 sit
506 966 638 1045 gaudium
650 990 677 1028 m
688 972 764 1043 caelo,
774 972 905 1052 gaudium
915 977 943 1037 in
996 984 1138 1047 insaecula
1152 990 1324 1052 secutorum.
1339 994 1436 1056 Amen.

201 1069 290 1132 terra,
304 1056 399 1118 latitia
413 1074 440 1118 et
452 1061 596 1122 exsultatio
614 1065 765 1145 spiritualis
778 1068 806 1127 in
822 1069 946 1132 Ecclesia

199 1282 1734 1345 Ἣ

522 1454 678 1515 SEHMO
703 1455 859 1518 IPSIUS
883 1456 1154 1521 surculam
1178 1464 1243 1524 DE
1270 1467 1416 1549 Pacu,
1749 1419 1753 1427 ·

419 1660 486 1698 cum
498 1654 647 1721 siuceptus
658 1655 734 1703 esset
744 1663 764 1702 a
776 1646 861 1703 beato
875 1644 995 1704 Ioanne
1001 1689 1012 1718 ‚
1029 1649 1163 1727 episcopo
1180 1651 1518 1737 constantinopolitanos

241 1875 402 1936 lnadrentu
415 1876 525 1936 Domini
534 1892 560 1937 et
570 1877 721 1938 Salvatoris
731 1878 816 1938 nostri
825 1891 904 1958 atque
914 1877 943 1937 in
995 1877 1068 1938 bula·
1078 1880 1237 1962 pinguntur,
1243 1901 1274 1946 ut
1284 1888 1312 1948 in
1326 1892 1448 1973 utrisque
1455 1898 1740 1970 unanimitatisdedn·

201 1973 343 2053 prasentia
362 1972 420 2051 ejus
443 1972 591 2053 corporali,
606 1973 693 2053 angeli
707 1972 834 2033 ducentes
848 1974 944 2033 choros
997 1989 1090 2035 rentur
1104 1976 1229 2059 insignia,
1244 1984 1343 2045 artifex
1357 1987 1430 2068 picto
1443 1992 1557 2055 lemineo
1569 1996 1667 2061 habitu
1676 2019 1739 2084 post

156 2109 195 2144 w,
205 2068 322 2128 celestes
331 2066 549 2146 euangelirabant
556 2068 721 2149 pastoribus,
733 2069 867 2129 dicentes:
877 2070 945 2130 An·

204 2168 376 2223 nuntiamus
383 2166 468 2222 uobis
477 2165 563 2222 bodie
567 2165 708 2244 gaudium
718 2185 856 2246 magnum
867 2166 947 2244 quod

203 2263 260 2317 erit
273 2262 355 2316 omni
365 2258 483 2337 populo.
501 2258 542 2316 nb
563 2257 630 2339 ipsis
642 2258 715 2317 enim
730 2259 828 2319 sanctis
843 2259 945 2340 angelis

203 2355 285 2413 etiam
299 2352 415 2412 mutuati
426 2373 473 2412 nos
485 2373 589 2426 vocem,
605 2353 796 2414 annuntiamus
808 2354 885 2415 vobis
894 2353 945 2415 ho-

204 2449 251 2509 die
270 2447 400 2528 gaudium
424 2469 563 2527 magnum.
579 2447 667 2507 Hodie
681 2451 752 2508 enim
767 2450 794 2509 in
808 2471 874 2532 pace
886 2449 944 2509 Ec-

204 2544 286 2604 clesia
297 2557 351 2617 est,
362 2558 389 2603 et
400 2542 519 2602 haeretici
532 2542 560 2601 in
572 2542 717 2603 ira.Hodie
728 2544 855 2605 Ecclesiae
868 2545 946 2605 navis

203 2640 232 2698 in
243 2652 323 2721 portu
333 2653 384 2716 cst,
397 2652 424 2698 et
436 2638 625 2698 hereticorum
635 2640 711 2699 lutor
720 2640 840 2720 jactatur
850 2640 879 2699 in
892 2641 945 2700 llu-

202 2733 301 2794 ctibus.
309 2733 397 2794 Hodie
404 2747 524 2815 pastores
533 2733 660 2794 Ecclesiae
667 2735 694 2793 in
701 2735 945 2809 securitateethae·

201 2829 279 2890 retici
288 2829 316 2889 in
328 2829 530 2911 perturbatione
539 2840 610 2889 sunt.
621 2828 709 2889 Hodie
719 2851 783 2890 oves
794 2829 904 2890 Domini
916 2829 945 2890 in

202 2938 280 3003 tuto,
298 2940 324 2985 et
344 2925 403 3007 lupi
420 2925 568 2984 insaniunt.
584 2924 673 2984 Hodie
687 2925 765 2986 vinea
780 2927 892 3005 Domini
914 2927 944 2987 in

201 3019 376 3097 abundantia,
388 3035 413 3080 et
427 3020 543 3101 operarii
556 3021 707 3100 iniquitatis
720 3022 748 3081 in
761 3020 943 3103 egentiaHo-

199 3115 247 3176 die
257 3117 376 3198 populus
389 3114 491 3175 Claristi
502 3115 636 3175 exaltatus
650 3131 689 3176 cst
697 3161 706 3191 ,
715 3131 741 3177 et
755 3117 858 3177 inimici
873 3117 943 3178 reri·

203 3212 270 3272 tatis
286 3211 423 3271 humiliati
435 3224 509 3271 sunt.
524 3210 613 3271 Hodie
627 3211 753 3273 Christus
761 3213 788 3272 in
803 3212 908 3287 latitia,
918 3228 944 3274 et

197 3306 325 3368 diabolus
338 3308 367 3367 in
380 3307 468 3367 luctu.
481 3307 569 3367 Hodie
581 3308 670 3387 angeli
683 3308 710 3368 in
720 3307 908 3385 exsultatione,
918 3323 945 3369 ct

197 3403 334 3463 demones
351 3403 379 3462 in
402 3402 568 3462 confusione.
582 3404 618 3463 Et
631 3403 699 3482 quid
712 3426 781 3485 opus
796 3417 836 3463 est
858 3405 942 3464 multa

195 3498 307 3558 dicero?
322 3497 410 3558 Hodie
432 3498 567 3576 Christus,
583 3499 629 3577 qui
649 3515 688 3559 est
709 3501 767 3558 Rex
780 3500 866 3580 pacis,
880 3521 942 3560 cum

196 3616 246 3654 sua
261 3616 327 3676 pace
338 3592 500 3675 procedens,
516 3594 622 3673 fugavit
636 3614 714 3653 omne
723 3593 878 3670 dissidium,
887 3595 943 3655 dis·

193 3691 330 3751 sensiones
341 3689 455 3771 depulit,
465 3688 631 3748 discordiam
644 3691 863 3769 perturbavit.Et
871 3692 941 3751 sicut

194 3787 292 3845 calum
306 3785 434 3867 splendor
447 3784 527 3859 solis,
543 3784 579 3844 ita
602 3784 751 3844 Ecclesiam
774 3785 865 3865 fulgor
888 3809 938 3866 pa·

193 3882 234 3940 cis
249 3881 396 3941 illuminat.
409 3881 526 3957 Oquam
546 3879 726 3939 desiderabile
746 3900 842 3939 nomen
853 3882 937 3961 pacis,

193 3996 277 4054 qnam
288 3973 427 4055 religionis
436 3974 597 4034 Christiana
610 3974 707 4034 stabile
717 3973 937 4052 fundamentum,

192 4085 220 4130 et
230 4071 323 4130 altaris
333 4070 462 4131 dominici
471 4071 583 4130 caelestis
592 4070 743 4134 armatura!
754 4071 789 4131 Et
798 4071 867 4151 quid
875 4093 938 4153 pos-

192 4188 288 4226 sumus
301 4167 336 4226 de
350 4189 415 4248 pace
433 4167 582 4247 proloqui?
598 4170 657 4227 Pax
671 4189 766 4227 nomen
790 4181 829 4227 est
852 4167 938 4248 ipsius

141 4307 158 4337 ,‚
195 4260 310 4338 Christi,
326 4261 396 4320 sicut
408 4260 478 4320 dicit
497 4276 522 4320 et
537 4261 675 4341 apostolus
686 4285 693 4319 z
706 4263 782 4339 Quia
803 4262 938 4321 Christus

192 4376 256 4435 par
271 4362 383 4425 nostra,
398 4358 449 4434 qui
460 4356 540 4435 fecit
555 4366 681 4433 utraque
693 4374 796 4429 unum,
808 4374 868 4431 quas
891 4372 937 4412 ne-

193 4470 330 4529 quaquam
339 4447 459 4518 fide,sed
470 4448 575 4509 invidia
587 4448 690 4507 diaboli
702 4447 876 4507 dissidebant.
884 4451 937 4510 Ve-

193 4567 256 4606 rum
270 4547 341 4606 sicut
350 4545 511 4627 procedente
521 4559 616 4624 regest
626 4545 719 4625 platcae
728 4544 903 4618 mundantur,
913 4558 940 4604 et

192 4655 248 4701 tota
258 4640 477 4702 civitasdiversis
489 4641 599 4700 floribus
608 4641 778 4707 otomatibus
787 4653 938 4714 coronatur,

145 4750 223 4812 mut
237 4737 307 4796 nibil
321 4736 356 4796 sit
371 4736 443 4815 quod
456 4737 546 4796 minus
559 4736 673 4815 dignum
685 4735 775 4794 vultui
794 4736 865 4814 regis
887 4759 939 4820 ap-

192 4845 283 4915 pareat
295 4832 386 4891 :itaet
399 4854 470 4891 nunc
484 4831 644 4912 procedente
660 4831 780 4907 Christo,
800 4834 872 4912 Rege
884 4856 936 4914 pa-

193 4931 249 5001 cis,
261 4950 340 4988 omne
362 4927 435 5007 quod
450 4928 526 4987 triste
540 4942 596 5002 est,
610 4930 748 4987 auferatur
762 4948 777 4986 e
793 4928 898 5002 medio,
911 4943 937 4988 et

193 5023 366 5083 illucescente
389 5022 502 5082 veritate
524 5024 635 5103 lugetur
652 5021 821 5081 mendacium
834 5024 938 5103 clugiat

191 5122 341 5201 discordia,
351 5121 579 5203 resplendescentc
590 5120 741 5181 concordia.
758 5123 793 5182 Et
807 5122 875 5182 sicut
885 5123 937 5182 sre-

193 5232 307 5300 quentcr
319 5219 377 5280 lieri
397 5218 528 5298 uidimus,
540 5217 591 5277 ubi
607 5238 702 5298 rogum
714 5217 757 5279 vel
767 5219 880 5277 fratrum
895 5231 936 5277 ta·

999 2083 1105 2149 tergum
1130 2075 1270 2155 utriusque
1292 2081 1465 2144 concordiam
1486 2091 1597 2164 statuit,
1620 2094 1741 2159 brachiis

998 2164 1055 2224 suis
1068 2179 1211 2248 utrumque
1228 2172 1464 2255 complectentem,
1480 2181 1603 2247 indicans
1622 2191 1696 2267 quod
1709 2193 1740 2254 hi

999 2259 1048 2338 qui
1060 2261 1189 2323 videntur
1205 2268 1364 2348 corporibus
1375 2276 1502 2355 separati,
1511 2283 1649 2344 sententiis
1658 2299 1685 2346 et
1694 2307 1745 2348 vu·¹

998 2355 1102 2415 luntate
1114 2359 1274 2421 conveniant
1286 2385 1293 2420 ε
1303 2363 1341 2422 ita
1356 2385 1428 2427 nunc
1446 2391 1501 2450 pax
1522 2375 1632 2438 Domini
1652 2381 1743 2443 media

998 2449 1137 2528 assistens,
1151 2467 1177 2512 ot
1196 2467 1342 2536 utrumque
1353 2474 1476 2522 nostrum
1493 2469 1597 2545 gremio
1614 2474 1742 2556 palpante

999 2560 1165 2627 concedens,
1177 2548 1293 2612 discreta
1311 2574 1424 2637 corpora
1438 2559 1467 2620 in
1487 2583 1572 2624 unum
1595 2571 1741 2636 conuenire

998 2641 1131 2717 animum,
1138 2646 1211 2706 ulnis
1217 2648 1395 2728 jungentibus
1408 2652 1497 2717 docet.
1514 2661 1545 2719 ln
1555 2678 1609 2740 qua
1618 2665 1677 2726 sine
1688 2665 1742 2728 dn·

998 2734 1045 2796 bio
1055 2740 1205 2820 completur
1215 2763 1304 2804 sermo
1316 2747 1501 2827 propheticus,
1512 2755 1559 2833 qui
1573 2758 1612 2817 ait
1621 2762 1813 2843 :Eteritmp
1826 2794 1841 2843 3
1855 2794 1881 2844 ,3

997 2830 1152 2890 consilium
1164 2834 1323 2915 pacificum
1336 2841 1415 2898 inter
1427 2853 1575 2926 utrosque.
1587 2849 1623 2910 Et
1635 2850 1742 2915 bester-
1816 2829 1822 2841 ⁸
1843 2828 1849 2841 Ι

998 2944 1033 2982 no
1045 2924 1155 3004 quidem
1169 2926 1214 2988 die
1229 2942 1306 3010 pater
1323 2946 1412 2994 noster
1425 2940 1576 3002 communis
1589 2948 1743 3028 evangelico

997 3039 1090 3100 pacem
1105 3042 1226 3084 sennone
1239 3026 1368 3105 praehtus
1380 3043 1435 3089 est:
1444 3031 1526 3094 hodic
1539 3054 1604 3098 vero
1615 3060 1666 3102 nos
1676 3064 1741 3105 ver-

998 3114 1032 3174 ba
1046 3117 1120 3196 pacis
1132 3136 1309 3199 exponamus.
1325 3122 1388 3204 lpse
1401 3146 1449 3186 nos
1462 3128 1521 3189 heri
1537 3135 1671 3217 resupinis
1682 3160 1741 3201 ma·

998 3209 1079 3270 nibus
1092 3211 1121 3272 in
1130 3213 1213 3272 verbo
1221 3215 1296 3296 pacis
1307 3218 1423 3300 excepit,
1434 3236 1460 3282 et
1475 3244 1523 3285 nos
1536 3225 1619 3290 hodie
1628 3230 1742 3298 dilatato

998 3318 1113 3386 pectore,
1120 3307 1244 3387 ideisque
1250 3313 1445 3392 patentibusad
1455 3318 1602 3384 Dominum
1612 3345 1674 3387 cum
1682 3346 1743 3389 mu·

997 3401 1108 3461 neribus
1126 3403 1201 3483 pacis
1223 3427 1407 3468 occurramus.
1422 3411 1484 3472 lam
1508 3413 1580 3475 bella
1604 3418 1740 3485 destructa

996 3509 1069 3571 sunt,
1080 3497 1256 3578 pulchritudo
1267 3502 1341 3581 pacis
1353 3503 1480 3565 obtinuit.
1488 3509 1513 3566 N
1516 3530 1568 3570 unc
1578 3510 1607 3572 in
1617 3514 1694 3576 luctu
1701 3534 1741 3580 est

993 3589 1130 3671 diabolus,
1146 3595 1214 3654 etin
1229 3595 1391 3656 lamentione
1409 3600 1496 3660 omnis
1509 3603 1665 3669 damonum
1676 3625 1738 3673 tur·

997 3706 1058 3762 ma,
1072 3689 1183 3747 nuncin
1197 3689 1349 3749 celestibus
1363 3692 1468 3771 laetitia,
1482 3710 1508 3755 et
1524 3697 1551 3757 in
1571 3704 1675 3782 angelis
1686 3728 1736 3769 ex·

994 3781 1224 3861 sultatio,quibus
1234 3783 1357 3863 specialis
1366 3786 1508 3847 familiaris
1519 3811 1586 3871 pax.
1596 3792 1655 3856 Hoc
1666 3799 1740 3860 enim

992 3876 1074 3936 etiam
1082 3878 1197 3937 celestes
1204 3877 1374 3938 admirantur
1385 3880 1499 3943 uirtutes
1513 3907 1590 3967 opus,
1600 3909 1669 3967 quas
1679 3893 1739 3956 lons

993 3973 1051 4052 ejus
1061 3971 1142 4031 habet
1156 3972 1291 4053 perennis,
1302 3994 1338 4032 ex
1349 3975 1494 4053 quostiam
1506 3992 1611 4043 terrena
1621 3984 1680 4048 haec
1690 4009 1737 4050 no·

991 4081 1046 4127 stra
1057 4067 1142 4147 glutis
1155 4066 1319 4146 quibusdam
1328 4069 1428 4130 exinde
1441 4072 1606 4138 stiHantibus
1617 4078 1736 4145 irroran-

991 4163 1087 4223 tur.Et
1095 4164 1156 4223 ideo
1166 4162 1272 4223 etiamsi
1283 4163 1312 4223 in
1324 4165 1475 4248 terrispax,
1484 4169 1573 4231 laudis
1582 4173 1736 4259 ejussplen-

991 4258 1322 4337 dorredundatincaelum,
1330 4260 1751 4354 laudanteamcaelestcsangeli,

991 4368 1018 4414 et
1030 4354 1125 4414 dicunt
1137 4379 1143 4412 ε
1156 4355 1261 4415 Gloria
1276 4359 1308 4413 in
1321 4358 1443 4417 excelsis
1464 4360 1540 4438 Deo,
1556 4375 1584 4421 et
1609 4368 1641 4424 in
1655 4379 1737 4431 terra
1746 4399 1799 4446 tue.
1814 4399 1880 4463 ¹⁴¹l·

990 4472 1051 4530 pua
1070 4453 1236 4510 bominibus
1256 4453 1339 4509 bonoe
1361 4452 1536 4513 uoluntatis.
1552 4456 1638 4519 Vides
1663 4483 1732 4540 quo·

993 4544 1074 4605 modo
1083 4545 1198 4604 caelestes
1207 4565 1298 4603 omnes
1308 4558 1333 4602 ct
1342 4557 1478 4606 terrestres
1486 4547 1601 4612 invicem
1608 4553 1661 4615 sibi
1671 4579 1735 4618 mu·

993 4662 1056 4700 nera
1067 4640 1140 4721 pacis
1158 4637 1303 4699 emittunt?
1315 4638 1438 4701 Caelestes
1451 4643 1540 4723 angeli
1550 4667 1644 4726 pacem
1654 4654 1734 4716 terris

991 4735 1165 4803 annuntiant,
1177 4734 1262 4793 sancti
1271 4733 1299 4793 in
1311 4735 1391 4793 terris
1402 4735 1555 4817 Christum,
1567 4743 1664 4822 qualest
1676 4769 1731 4829 pax

992 4844 1093 4907 nostra,
1104 4826 1258 4889 coHaudant
1273 4828 1301 4888 in
1321 4828 1472 4890 celestibus
1485 4833 1614 4917 positum,
1627 4854 1654 4901 et
1666 4864 1733 4926 my·

992 4927 1065 4988 sticis
1077 4925 1167 4985 choris
1180 4924 1344 4998 acclamant,
1359 4926 1482 4986 Osanna
1493 4933 1523 4988 iu
1534 4935 1667 4999 excelsis.
1680 4939 1733 5000 Di·

991 5046 1082 5085 camus
1101 5043 1165 5103 ergo
1186 5035 1212 5081 et
1232 5043 1291 5096 nos,
1306 5022 1410 5082 Gloria
1429 5029 1460 5083 irs
1480 5028 1636 5093 altissimis
1655 5036 1731 5110 Deo,
1742 5063 1829 5113 mus,

990 5120 1039 5200 qui
1052 5117 1210 5177 humiliarit
1230 5115 1389 5194 diabolum,
1404 5132 1430 5177 et
1443 5121 1576 5183 exaltavit
1594 5126 1733 5192 Christum
1741 5139 1768 5190 ⁹·

991 5235 1081 5274 suum.
1096 5213 1199 5273 Gloria
1212 5213 1407 5272 inultissimus
1419 5215 1494 5288 Deo,
1507 5216 1555 5296 qui
1570 5217 1736 5289 discordiam
