3810 6000
651 688 840 809 PRAE
859 690 1114 809 FATIO

406 991 474 1090 ΙΝ
502 990 798 1094 TERTIUM
824 988 1067 1097 TOMUM
1093 990 1361 1097 OPERUM

568 1275 606 1345 S.
633 1272 830 1349 JOANNIS
856 1274 1199 1351 CHRYSOSTOMI.

679 1560 1101 1607 ..ψ-υ

141 1818 184 1877 Er
198 1816 251 1874 suit
260 1814 377 1874 instituti
389 1814 476 1877 nostri
485 1813 553 1874 ratio
567 1814 595 1873 in
608 1813 660 1873 bac
670 1812 791 1895 patema
805 1813 833 1873 S.
844 1812 957 1874 loannis
968 1811 1155 1896 chrysostomi
1166 1815 1290 1896 Operum
1300 1812 1442 1893 Editicne,
1457 1826 1489 1875 ut
1507 1814 1648 1899 Opusculu

107 1909 224 1990 primum
233 1909 336 1985 omnia,
345 1905 468 1988 cujusvis
483 1907 586 1987 generis
599 1919 697 1981 essent,
707 1905 735 1965 in
745 1905 832 1965 tribus
845 1904 942 1966 Tomis
952 1904 1090 1987 prioribus
1102 1904 1251 1967 locaremus
1256 1928 1266 1985 3
1278 1906 1490 1987 insequentibus
1496 1927 1562 1969 vero
1573 1908 1654 1970 com·

108 2000 235 2059 mecerin
244 2001 270 2059 in
281 2002 392 2059 Novum
399 2012 426 2058 et
435 2000 521 2059 Vetus
531 1996 887 2080 Testamentumopuscula
897 2017 980 2078 porro
990 1996 1082 2057 omnia
1090 1995 1119 2057 in
1127 1996 1349 2079 quinqucelssses
1357 1998 1654 2061 distribuimusPrima

107 2091 197 2150 classis
206 2091 398 2173 complectitur
407 2112 439 2151 ca
454 2090 555 2173 Opera,
570 2110 632 2171 quae
643 2089 679 2150 ob
692 2088 848 2150 varietatem
858 2087 1011 2171 argumenti
1024 2109 1077 2149 non
1088 2103 1202 2172 possunt
1219 2110 1276 2152 uno
1287 2090 1371 2153 titulo
1386 2090 1589 2174 comprehendi,
1605 2092 1655 2154 scd

109 2183 254 2242 secuudum
269 2183 401 2265 temporis
414 2180 548 2260 ordinem,
563 2181 654 2262 quoad
668 2182 726 2263 ejus
738 2181 799 2240 lieri
812 2194 910 2263 potest,
921 2182 1053 2244 locantur.
1063 2181 1186 2244 Secunda
1200 2180 1343 2245 classicae
1357 2184 1524 2246 Coneionum
1535 2206 1655 2268 panegy-

110 2275 226 2335 ricarum
238 2274 274 2334 de
284 2274 403 2333 Domim
413 2275 449 2333 tt.
466 2276 492 2337 J.
508 2273 616 2335 cbristo
632 2287 658 2334 et
678 2272 713 2333 de
721 2272 838 2335 Sanctis.
846 2272 933 2335 Hasce
942 2273 1011 2334 duas
1024 2273 1129 2357 priores
1139 2274 1237 2336 classes
1248 2275 1353 2357 primus
1364 2290 1392 2337 et
1404 2276 1539 2338 secundus
1549 2278 1654 2338 Tcmus

110 2367 333 2449 complectuntur.
347 2365 442 2425 Tertia
454 2365 548 2427 classis
559 2380 599 2426 est
607 2365 801 2442 Homiliarum,
808 2387 869 2446 quae
879 2386 915 2427 ex
922 2365 1038 2427 diversis
1050 2366 1197 2450 Scripturas
1206 2366 1273 2428 locis
1283 2383 1473 2449 argumentum
1485 2384 1654 2447 mutuantur,

110 2482 165 2538 quae
180 2460 308 2519 llomiliae
331 2459 449 2542 primam
471 2457 584 2540 hujusce
603 2457 676 2519 tertii
697 2457 778 2520 Tomi
799 2471 904 2541 purtem
916 2472 1059 2541 occupant.
1071 2460 1177 2535 Quarta
1189 2458 1291 2537 classis,
1301 2460 1503 2540 Opusculorum
1516 2460 1553 2520 ad
1565 2474 1656 2521 moues

110 2552 416 2633 ibnsuntinopolitanos
428 2564 456 2611 et
468 2549 504 2610 ad
518 2566 665 2632 utrumque
678 2551 707 2612 S.
721 2551 832 2614 loannis
844 2550 1030 2632 chrysostomi
1040 2551 1171 2610 exsilium
1183 2549 1386 2632 pertinentium.
1400 2550 1503 2625 Quinta
1513 2552 1607 2613 classis
1614 2566 1655 2613 est

111 2640 292 2722 Epistularum
303 2645 436 2704 omnium.
450 2644 520 2705 Tres
530 2643 615 2726 igitur
624 2642 786 2726 posteriores
799 2643 896 2704 classes
907 2641 936 2701 in
945 2641 997 2703 boc
1011 2641 1090 2703 tertio
1099 2645 1188 2704 Tomc
1202 2642 1382 2721 continentur,
1393 2642 1493 2725 qmbus
1504 2644 1654 2727 subjiciun-

111 2748 152 2792 tur
163 2756 245 2816 patrea
259 2735 397 2816 quadam,
409 2735 664 2819 etspuriadenique
673 2734 768 2795 multa.
779 2737 821 2795 De
834 2733 890 2795 illis
904 2733 1032 2796 omnibus
1046 2734 1225 2816 hicquaedam
1240 2734 1428 2817 premittenda
1441 2751 1512 2798 suut.

848 2961 912 3041 §1-

312 3150 360 3207 De
374 3150 514 3208 Homiliis
533 3169 600 3229 quse
611 3169 647 3207 ex
665 3149 788 3209 diuersis
800 3147 959 3227 Scriptum
970 3147 1043 3207 locis
1051 3159 1258 3229 &grossetum
1271 3160 1455 3213 mutuantur.

150 3328 280 3389 Ordimur
293 3351 357 3411 ergo
368 3330 404 3390 ab
415 3330 543 3392 Homiliis
557 3331 585 3391 in
596 3331 656 3392 loca
668 3329 794 3411 quaedam
803 3329 876 3392 Nori
887 3330 1062 3408 Testamenti,
1069 3352 1186 3411 quarum
1197 3343 1314 3411 quatuor
1327 3329 1432 3412 priores
1446 3328 1560 3391 totidem
1569 3349 1654 3391 evan·

114 3420 206 3493 gelicas
215 3424 359 3482 sententias
369 3423 515 3504 explicant.
528 3424 598 3483 Octo
607 3436 698 3483 autem
710 3435 848 3502 sequentes
857 3442 917 3501 quac
932 3443 987 3483 uua
999 3423 1068 3485 serie
1078 3438 1105 3484 et
1113 3423 1281 3484 continenter
1292 3421 1392 3484 babitae
1400 3436 1474 3499 sunt,
1487 3421 1585 3482 misere
1595 3422 1655 3485 dis-

114 3526 199 3572 tractae
215 3527 242 3571 et
252 3512 379 3593 dispersa
386 3527 461 3573 eraut
474 3513 503 3574 in
516 3514 691 3575 Editionibus
699 3513 837 3577 Saviliaua
850 3526 877 3573 et
889 3514 912 3575 F
913 3516 1171 3596 rontonianacquod
1179 3536 1246 3577 cere
1258 3514 1296 3576 sis
1306 3514 1417 3576 incuriae
1427 3536 1475 3575 seu
1486 3513 1655 3594 negligentiae

114 3603 204 3662 §asilii
215 3619 262 3662 aut
272 3606 415 3665 Frontonis
423 3606 517 3666 Ducaei
526 3607 675 3668 adscribas.
685 3606 731 3667 llli
744 3606 817 3667 enim
829 3604 934 3667 nullom
944 3628 1000 3669 non
1011 3607 1183 3690 diligentiam
1191 3607 1427 3684 adhibebantncn
1436 3604 1517 3667 nodo
1527 3617 1560 3665 ut
1565 3604 1655 3666 omnia

115 3696 294 3776 Chrysostomi
305 3698 442 3779 opuscula
453 3700 620 3760 exomnibus
628 3699 703 3760 orbis
716 3698 865 3761 Christiani
875 3698 1000 3780 partibus
1012 3701 1180 3781 colligerent,
1187 3698 1238 3760 sed
1246 3698 1329 3760 mam
1338 3711 1370 3759 ut
1380 3718 1494 3779 queque
1502 3717 1552 3759 suo
1560 3694 1657 3758 ordine

116 3803 247 3865 ponerent.
255 3792 357 3850 Verum
367 3791 497 3871 quiajam
504 3791 587 3871 prelo
596 3791 669 3852 datis
677 3790 773 3852 multis
780 3790 917 3875 operibus,
928 3790 987 3863 ulia
996 3791 1138 3852 confertim
1147 3791 1267 3872 undique
1277 3789 1512 3867 aceedebautbaee
1521 3803 1657 3872 postremo

116 3876 221 3938 advecta
232 3880 391 3960 plenumque
402 3895 433 3941 ut
445 3883 500 3942 fors
513 3883 614 3944 ferebat
626 3884 759 3947 locabant.
770 3885 880 3958 Quanto
886 3898 978 3945 auum
988 3883 1097 3945 lectoris
1106 3883 1248 3967 dispendio
1258 3884 1317 3944 bec
1327 3882 1367 3944 sie
1374 3883 1505 3944 distracta
1517 3904 1550 3943 ac
1559 3903 1655 3965 prope·

117 3969 221 4030 modum
233 3970 367 4053 dissipata
379 3973 533 4052 ederentur,
549 3976 641 4037 statim
653 3974 851 4037 animadvertet
864 3975 988 4069 quisquis
1003 3998 1098 4037 carum
1112 3976 1255 4037 lectionem
1268 3976 1436 4038 continenter
1455 3988 1573 4057 peraget.
1587 3976 1657 4035 Nam

117 4060 268 4142 plerumque
281 4064 381 4125 accidit
396 4066 467 4126 utin
482 4067 604 4146 sequenti
622 4081 729 4129 tantmn
742 4066 841 4148 prioris
856 4083 1046 4149 argumentum
1064 4070 1249 4151 compleatur:
1262 4083 1420 4149 unumque
1432 4067 1554 4149 alioquin
1564 4087 1657 4129 omnes

118 4152 208 4214 habent
221 4157 291 4215 inter
301 4178 330 4216 se
342 4157 514 4236 affinitatem,
524 4171 556 4219 ut
568 4160 676 4222 nonnisi
689 4158 852 4242 praecedenti
861 4158 931 4225 lecta
943 4176 1098 4242 sequentem
1109 4162 1190 4244 plane
1199 4161 1349 4243 intelligere
1359 4160 1456 4244 possis.

152 4244 194 4305 Ex
205 4247 279 4306 bisce
302 4261 391 4308 autem
405 4264 466 4310 octo
483 4250 611 4312 Homiliis
630 4265 748 4332 quatuor
759 4250 862 4334 priores
874 4266 938 4312 sunt
949 4253 977 4313 in
991 4253 1166 4335 principium,
1176 4254 1235 4315 sire
1255 4254 1283 4314 in
1302 4253 1414 4314 titulum
1433 4248 1502 4313 libri
1514 4253 1654 4313 dotorum.

117 4335 144 4393 ln
157 4337 206 4397 boc
218 4353 307 4399 tamen
320 4355 511 4420 atgrrmcutum
525 4343 645 4422 quinque
657 4365 711 4403 uua
727 4343 795 4403 serie
807 4342 946 4404 conciones
959 4344 1108 4423 habuerat,
1123 4359 1155 4405 ut
1176 4366 1230 4405 nen
1251 4345 1334 4405 semel
1352 4344 1513 4405 testificatur
1533 4346 1654 4406 loannes

118 4432 271 4493 nosterzscd
281 4432 411 4510 secunda,
426 4433 521 4517 inqua
535 4437 707 4515 querebatur
717 4435 782 4515 quis
800 4448 868 4494 esset
882 4449 976 4497 auctor
984 4436 1051 4496 libri
1071 4440 1189 4498 Actutun
1203 4438 1402 4517 Apostolorum,
1416 4433 1658 4496 intercidentem

116 4542 188 4599 porro
199 4524 332 4604 integram
340 4547 383 4585 me
393 4527 523 4607 reperisse
529 4528 668 4609 putabam,
676 4542 707 4588 ut
726 4526 755 4596 in
766 4526 926 4588 Praeiaticne
942 4527 978 4587 ad
987 4528 1107 4609 primum
1118 4530 1238 4588 Turnum
1247 4527 1429 4591 dixi.Verum
1440 4539 1535 4608 postea
1540 4525 1658 4606 diligen·

116 4612 163 4672 tius
175 4636 290 4697 expensa
309 4616 422 4678 homilia
438 4618 486 4678 illa
500 4619 667 4700 longissima,
683 4641 719 4680 ex
736 4622 806 4681 Mss.
821 4633 908 4693 eruta,
928 4641 989 4700 que
1008 4619 1043 4680 de
1061 4619 1221 4681 Ascensione
1235 4619 1403 4693 inscribitur,
1420 4617 1540 4698 comperi
1553 4632 1657 4699 partem

115 4706 220 4783 quidem
231 4709 308 4768 illam
319 4709 378 4786 uhi,
392 4709 559 4789 quibusdam
572 4711 609 4772 de
621 4711 757 4794 principio
772 4715 902 4772 Actorum
917 4711 1074 4793 premissis,
1083 4711 1288 4774 evidentissime
1305 4711 1437 4794 probatur
1447 4711 1550 4770 Lucam
1570 4731 1656 4780 crau-¹

114 4798 230 4875 gelistam
244 4821 301 4859 esse
324 4804 445 4862 :ictuum
461 4817 675 4883 auctorem,esse
684 4803 760 4865 baud
775 4804 859 4865 dubie
869 4803 1073 4884 chrysostomi:
1089 4824 1186 4866 verum
1200 4803 1254 4863 alia
1267 4825 1328 4884 que
1346 4803 1417 4862 haue
1435 4814 1540 4883 partem
1552 4822 1655 4884 praece·

112 4887 187 4965 dunt,
197 4906 224 4952 et
237 4893 318 4972 longe
331 4893 411 4973 plura
426 4914 487 4972 que
500 4894 577 4966 illam
589 4896 802 4977 subsequuntur,
814 4917 868 4956 non
882 4917 960 4979 posse
973 4896 1160 4978 chrysostomi
1173 4918 1239 4958 esse.
1251 4896 1394 4957 Herebum
1405 4908 1482 4956 certe.
1491 4894 1582 4971 initio,
1594 4895 1658 4978 quiq

112 4981 156 5054 illa
165 4997 268 5063 partem
281 5005 335 5044 non
345 4985 569 5061 contemnendam
578 4987 655 5049 illius
667 4986 787 5048 homiliae
809 4989 1047 5071 complectebatur,
1062 4988 1139 5049 enin
1158 4987 1227 5048 serie
1243 4988 1360 5048 aliarum
1378 4987 1494 5049 locanda
1515 5001 1597 5066 csset3
1611 4988 1659 5050 sed

111 5076 243 5155 ingratum
253 5077 346 5138 lectori
362 5079 422 5138 iore
432 5080 538 5159 putavi,
549 5080 573 5140 si
584 5081 735 5164 spuria·illa
746 5081 800 5141 alia
813 5104 873 5163 quae
887 5080 914 5140 iu
928 5079 1021 5140 cadem
1035 5079 1148 5140 homilia
1160 5093 1317 5155 occurrunt,
1332 5101 1448 5158 quorum
1465 5078 1592 5159 quedam
1605 5100 1659 5150 nu·‚

111 5189 199 5248 gesem
212 5170 373 5231 Graculum
387 5171 509 5253 sapiunt,
519 5172 591 5241 veris
604 5173 732 5256 operibus
745 5171 920 5245 admiscerent
932 5172 1123 5253 :quamobrem
1143 5184 1227 5233 totam
1247 5170 1389 5233 homiliam
1406 5171 1443 5233 ad
1462 5171 1561 5234 calcem
1576 5171 1659 5253 hujus

111 5261 188 5334 Tomi
200 5262 349 5323 amandare
361 5262 456 5324 risum
468 5279 516 5338 est,

244 5364 319 5404 rore.
343 5365 395 5404 ru.
437 5396 446 5409 .
1503 5369 1521 5405 Α
