3810 6000
352 375 423 474 898
678 391 708 443 s.
737 390 877 442 rasurus
902 389 1084 440 euersosr.
1113 389 1272 465 sncnmr.
1298 388 1574 439 consrinrmor.
1654 391 1658 398 ’

349 524 421 583 citur
435 518 584 600 aliquando
600 517 763 599 sibimetipsi
783 516 855 578 uniri
871 537 933 596 quae
949 536 1001 576 una
1014 528 1054 575 est
1058 536 1068 592 3
1083 519 1103 567 Ι)
1120 513 1255 575 ἀδύνατον.
1270 516 1351 584 Heio<
1363 507 1407 576 obs
1421 515 1486 598 ᾅδης
1508 511 1670 596 ἕξηρείξατο
1693 511 1756 591 μίαν
1771 514 1814 572 iel
1828 515 1877 594 Χρν

349 629 397 675 aut
409 613 551 686 conlundi,
564 625 611 671 aut
624 609 716 672 dividi
730 610 975 692 impossibileest.·
988 606 1071 683 Quod
1119 611 1175 690 στῷ
1195 607 1281 687 λέγιιν
1300 606 1388 689 φύσιν,
1406 606 1425 680 ἢ
1445 607 1499 689 γὰρ
1516 607 1566 680 τὴν
1590 606 1664 665 θείαν
1676 604 1755 687 ριίσιν
1769 612 1872 686 αραιαῑν-

350 728 415 786 ergo
435 704 570 764 infernum
588 704 707 763 evomuit
725 724 807 762 unam
820 704 848 762 in
862 701 971 762 Christo
984 714 1071 777 natu·
1120 725 1163 768 τες
1182 700 1231 774 τὴν
1252 700 1418 784 ἀνθρωπίνην
1443 704 1602 782 ἀρνοῦνται,
1617 698 1690 779 ρημλ
1710 698 1759 772 τὴν
1772 699 1875 777 ἡμετέρα.

351 797 664 877 ramdiee1·e?pntamus
675 795 797 856 divinam
808 795 893 855 solam
904 793 1073 855 nominantes
1121 788 1269 869 σωτηρίαν·
1287 789 1305 860 ἢ
1325 788 1373 861 την
1386 788 1554 868 ἀνθρωπίνην
1580 786 1745 866 κατέχοντες
1764 791 1808 857 τῆς
1826 788 1876 854 θείας

351 912 405 951 non
419 889 575 968 omnimodo
594 910 674 948 unam
688 903 796 969 negant,
818 902 937 948 nostram
952 886 1016 949 dieo
1030 907 1072 946 sa·
1122 880 1223 962 φῦσεωτ
1237 880 1284 954 τὴν
1300 881 1408 961 ἄρνησιν
1422 885 1579 939 ποιοῦνται·
1595 879 1655 938 ἐπεὶ
1664 878 1819 956 λεγέτωσαν,
1830 880 1875 938 sols

351 984 445 1059 lutem,
465 998 511 1042 aut
525 982 670 1042 humanam
689 982 831 1040 retinentes
849 995 951 1040 natura
971 978 1090 1043 divinar.
1122 973 1276 1034 ἀπολώλεκε
1294 973 1324 1032 τὸ
1342 973 1422 1047 ίδιον,
1444 975 1480 1032 Εἰ
1498 972 1550 1053 γὰρ
1566 971 1608 1031 ἔτι
1626 971 1743 1052 ἔρρωται
1761 977 1778 1041 ἡ
1793 970 1875 1039 ἔνοσις,

351 1075 555 1154 abnegationem
562 1075 675 1135 iaciunt.
684 1075 795 1151 Dicant,
802 1094 862 1153 quse
869 1069 1072 1154 perdiditquod
1124 1064 1228 1133 πάντως
1239 1065 1285 1125 καί
1296 1065 1364 1143 μετὰ
1376 1069 1425 1136 τῆς
1439 1063 1558 1131 iubemur
1570 1062 1711 1140 ἰδιώματα
1725 1063 1873 1129 &norberte

352 1167 600 1250 propriumne-tf
609 1163 1072 1239 Sienirnunusest,salvanobisest
1124 1158 1311 1237 dubitamini
1333 1161 1381 1238 οὐχ
1401 1155 1495 1225 iverit
1509 1163 1603 1232 τοῦτο,
1617 1156 1691 1216 ἀλλὰ
1711 1155 1823 1235 &tusis
1840 1159 1873 1214 ui

353 1260 440 1320 unitio
455 1260 526 1321 omui
541 1259 633 1335 modo,
643 1274 675 1321 et
688 1281 719 1320 ea
731 1280 790 1340 quae
806 1257 921 1319 unitioni
935 1271 998 1316 sunt
1009 1277 1072 1338 pro·
1124 1249 1272 1331 ἀφανισμός
1287 1251 1340 1309 τῶν
1356 1247 1469 1330 φύσεων·

351 1351 411 1431 pria
422 1351 522 1412 salvari
534 1373 638 1413 necesse
649 1366 699 1412 est.
713 1353 743 1412 Si
754 1352 826 1411 enim
836 1371 902 1426 non,
914 1370 963 1409 nee
973 1349 1071 1423 unitio,

352 1443 400 1504 sed
412 1444 569 1505 confusioet
580 1444 701 1506 abolitio:
716 1447 784 1505 Mox
799 1456 889 1503 autem
901 1442 937 1502 ad
949 1444 1071 1503 interro·
1080 1482 1118 1522 m

354 1536 469 1617 gationis
490 1536 651 1597 fluctuantes
672 1536 890 1618 responsionem,
910 1533 946 1595 ad
968 1533 1110 1614 aliquidt

312 1616 317 1623 0
353 1626 432 1687 aliud
458 1613 604 1700 exsiliunt,
628 1626 704 1708 quod
731 1649 784 1688 non
811 1627 847 1687 sit
869 1627 1013 1709 proprium
1036 1625 1073 1686 ad

353 1719 601 1798 interrogationem,
621 1733 648 1780 et
669 1721 849 1780 inconstantes
869 1719 996 1779 emittunt
1017 1737 1069 1779 νο·

354 1830 407 1871 oes.
421 1809 537 1870 Pertulit
552 1812 626 1870 Deus
641 1824 667 1870 et
676 1832 734 1874 ¹nou
753 1810 881 1892 pertulit,
896 1824 922 1870 et
942 1811 966 1869 si
982 1823 1075 1891 petan-

357 1899 534 1960 turmodum
561 1899 668 1978 dicere,
690 1898 726 1959 ad
747 1900 927 1979 ignorantiam
946 1897 1076 1959 recedunt

353 1992 530 2074 proferentes,
551 2005 563 2030 ¹
586 1990 721 2071 quomodo
740 1991 854 2053 voluit:
874 1991 977 2053 Christi
997 1989 1073 2072 apud

355 2084 430 2167 ipsos
455 2085 584 2145 memoria
609 2084 735 2164 fugiente.
756 2086 821 2146 Post
845 2084 904 2145 brec
928 2082 1076 2167 vituperati

354 2172 383 2232 in
397 2173 459 2248 boc,
478 2183 544 2234 m‘ox
553 2171 664 2250 dicunt,
677 2173 713 2234 Et
727 2171 853 2233 Christus
869 2193 924 2232 non
936 2185 977 2232 est
989 2172 1073 2244 Deus,

354 2265 402 2326 sed
418 2279 444 2326 et
462 2266 556 2327 homo.
571 2269 583 2306 ¹³
598 2265 634 2325 Et
650 2267 748 2326 iterum
766 2263 862 2325 dieunt
878 2267 965 2326 :Post
984 2263 1074 2325 nnita·
1126 2256 1215 2319 Πᾶλῑν
1226 2257 1262 2325 εἷς
1280 2254 1345 2316 ἄλλο
1362 2253 1569 2332 μεταηδόντὲς
1582 2277 1668 2334 φασιν
1680 2252 1800 2332 imisit
1810 2250 1879 2310 ἕλω*

346 2361 409 2414 'tem
422 2376 476 2414 nou
486 2367 589 2436 oportet
601 2353 690 2415 dicere
700 2351 769 2413 duas
783 2366 903 2413 naturas.
915 2349 1074 2436 Attendesiss
1129 2351 1166 2432 μὴ
1180 2353 1279 2432 χρῆναι
1294 2348 1380 2425 λέγειν
1394 2345 1439 2406 δίο
1461 2345 1562 2427 φύσεις.
1586 2347 1715 2426 Πρόσεχε
1734 2351 1765 2426 τῇ
1786 2346 1879 2425 οηραιτίτΙ

356 2447 558 2526 gnificationem
577 2441 654 2507 dieti.
671 2445 831 2508 Unitionem
852 2445 968 2506 dixisti?
987 2445 1076 2508 Unius
1130 2450 1177 2504 τοῦ
1199 2448 1287 2525 ῥητοῦ.
1300 2438 1416 2500 Ἕνωσιν
1437 2429 1529 2512 εἶπας,
1542 2436 1712 2500 Ἔνονσινδὲ
1735 2449 1793 2517 μιᾶς
1809 2437 1881 2497 uixit

356 2539 506 2600 unitionem
524 2560 576 2600 non
596 2539 702 2601 invenis
717 2539 794 2610 lieri,
809 2538 946 2618 quomodo
965 2558 1077 2619 praeve-
1131 2535 1216 2618 εθροις
1231 2535 1384 2614 γινομένην.

112 2661 116 2668 “
204 2649 346 2710 reanum.
357 2641 458 2701 nieutes
467 2642 601 2717 diximus,
616 2644 742 2701 Verbum
752 2643 949 2723 carosactum
959 2655 1000 2702 est
1011 2665 1020 2698 .·
1030 2641 1079 2702 sed

356 2746 383 2794 et
392 2734 615 2815 speculaneorum
627 2747 775 2813 querentur
786 2732 972 2793 subtilitatem.
984 2734 1079 2792 lntnlit
1095 2731 1115 2778 Β

356 2825 440 2897 enim,
457 2827 499 2885 Et
515 2827 696 2886 inhabitavit
707 2829 740 2883 in
754 2828 848 2884 nobis.
862 2825 1004 2903 Numquid
1024 2845 1078 2885 non

358 2916 408 2975 tibi
420 2916 530 2977 videtur
541 2917 606 2996 quia
616 2915 691 2975 aliud
703 2915 827 2995 estquod
841 2916 974 2976 inhabitat
983 2929 1080 2997 praeter

209 3032 231 3065 r.
245 3018 299 3065 car.
313 3033 336 3065 ι.
357 3008 609 3069 habitationemPSi
618 3013 833 3089 cognovissent,
847 3031 1008 3090 numquam
1018 3012 1081 3069 Do·

205 3081 231 3130 ⁸·
361 3097 972 3176 minumglorioeerueifixissent.Dominum
982 3099 1081 3159 iterum

363 3187 472 3269 quando
481 3187 595 3263 dixeris,
607 3209 660 3247 non
671 3189 823 3268 proprium,
836 3189 883 3251 sed
893 3212 1035 3250 commune
1045 3193 1081 3252 si·

364 3280 507 3361 gnificatur
528 3301 624 3339 nomen
648 3281 781 3361 passionis
805 3296 831 3340 et
855 3281 1081 3363 impassibilitatis

362 3373 545 3455 susceptibile.
556 3388 566 3410 ⁰
577 3373 779 3433 consueverunt
791 3388 880 3434 autem
891 3389 916 3434 et
928 3374 1000 3434 istud
1011 3397 1082 3457 prae·
1134 3377 1252 3439 Eltbbaot
1264 3377 1291 3436 bl
1305 3376 1438 3436 eutrotia
1449 3375 1612 3459 προτείνειν·
1626 3367 1685 3457 ἔρα
1697 3379 1728 3436 οὗ
1739 3376 1769 3436 τὸ
1779 3379 1846 3452 σῶμα
1858 3370 1890 3430 ul

361 3465 471 3526 tendere
486 3489 493 3522 :
508 3467 637 3524 Putamus
650 3486 811 3547 noncorpus
823 3467 872 3526 nei
886 3481 911 3526 et
924 3467 1083 3548 sanguinem
1136 3462 1203 3548 αἷμα
1212 3478 1258 3530 τοῦ
1273 3468 1521 3547 Θεοθλαμθοίνομιν
1532 3473 1641 3536 πιστῶς
1656 3469 1705 3528 καί
1721 3469 1838 3539 εθσεθῶς;
1850 3463 1889 3524 tit

363 3559 515 3639 accepimus
537 3556 653 3616 fideliter
673 3579 704 3617 ae
723 3559 768 3638 pie
789 3559 1008 3640 suscipiendum,
1029 3581 1083 3620 non
1135 3561 1252 3636 λεκτέον,
1265 3563 1313 3643 οὔχ
1324 3561 1364 3620 ὅτι
1378 3560 1409 3619 τὸ
1421 3566 1500 3639 σῶμα
1514 3561 1563 3619 καί
1585 3552 1658 3639 αἷμα
1677 3563 1709 3621 τὸ
1723 3567 1788 3622 θεῖσι
1804 3558 1892 3638 πρὸτῆς

364 3651 428 3728 quia
440 3671 538 3730 corpus
548 3663 574 3708 et
589 3650 747 3730 sanguinem
765 3651 893 3731 possidet,
905 3650 935 3711 id
954 3652 1028 3732 quod
1040 3652 1084 3713 di·
1137 3655 1360 3736 ἐνανθριοπήσιως
1374 3653 1502 3727 iniurato
1516 3653 1610 3734 φύσει,
1623 3657 1688 3714 ἀλλ’
1714 3654 1803 3727 ἐπειδὴ
1819 3652 1847 3711 ri
1861 3654 1895 3720 τῆς

363 3743 460 3803 vinum
470 3755 508 3801 est
522 3755 616 3801 natura
630 3768 636 3800 :
650 3742 698 3802 sed
707 3742 771 3821 quia
782 3765 841 3822 quae
850 3745 1011 3805 carnissunt
1021 3767 1085 3827 pro-
1137 3747 1234 3828 σαρκὸς
1255 3747 1434 3822 ἰδιοποιεῖται,
1459 3745 1529 3827 ἔχειν
1560 3746 1677 3826 λέγεται
1701 3753 1795 3807 ταῦτα.
1815 3742 1848 3804 Ὦ
1863 3746 1896 3800 tri

397 3965 409 3991 ο
426 3951 576 4001 Athanasius
596 3963 685 4002 eontra
702 3953 845 4017 Epictetum
866 3972 890 4020 p.
908 3956 956 4005 902
972 3974 977 4003 :
991 3967 1058 4015 note,-
1074 3959 1129 4024 ᾅδης
1152 3954 1281 4006 Athanasii
1300 3954 1402 4007 nomine
1423 3954 1615 4014 circumfertur,
1635 3958 1812 4020 confutantur,
1829 3965 1897 4006 actm

364 4035 485 4099 ἠριίξαπο.
497 4034 618 4095 δμοούοιον
629 4038 696 4082 εἰπεῖν
710 4039 736 4083 τὸ
748 4040 771 4082 iu
784 4039 874 4100 Μαρίοις
890 4047 957 4099 σῶμα
969 4045 998 4102 τῇ
1011 4040 1128 4100 τοῦλόγου
1152 4034 1220 4087 bunc
1233 4034 1309 4086 habet
1319 4035 1421 4085 titulum
1432 4061 1436 4087 :
1449 4044 1506 4105 πρὸς
1517 4041 1570 4095 τοὺς
1582 4043 1706 4101 λέγοντας,
1720 4046 1802 4091 ἔπαθεν
1812 4044 1823 4089 l
1832 4039 1898 4092 θόςῦς

366 4117 454 4167 briensi
462 4127 469 4172 3
477 4109 539 4171 Quae
547 4121 684 4174 sequuntur
694 4120 751 4173 post
760 4118 815 4176 μίαν
825 4119 861 4165 ini
873 4126 962 4179 Χριστῷ
974 4119 1045 4179 λέγειν
1056 4117 1126 4184 pisis,
1152 4121 1259 4174 ἡθίλησει
1274 4112 1407 4164 Adversus
1418 4131 1459 4164 eor
1469 4116 1516 4182 qui
1525 4114 1632 4179 dicunt,
1644 4115 1750 4166 Passim
1760 4127 1796 4166 est
1806 4114 1899 4176 Dran!

364 4203 419 4253 qum
438 4203 489 4237 non
506 4197 579 4236 erunt
590 4188 615 4235 in
629 4187 758 4252 Bigetiona
773 4187 905 4249 Buteone,
919 4207 948 4240 ex
967 4192 1065 4242 loanne
1077 4193 1126 4242 ni·
1156 4193 1244 4243 veluit.
1259 4193 1352 4244 athan.
1364 4194 1439 4244 Tem.
1454 4195 1478 4250 2,
1492 4210 1518 4256 p.
1532 4194 1593 4242 570.

364 4282 482 4315 masceno
492 4274 581 4315 contra
593 4264 724 4316 Jacobites
736 4265 851 4317 desumto
864 4281 932 4319 sum.
944 4268 1059 4330 Ibidem,
1071 4270 1128 4321 Pu·
1186 4274 1199 4312 b
1216 4273 1253 4322 Et
1264 4275 1352 4322 iterum
1362 4272 1459 4324 dieunt.
1472 4271 1592 4321 Graecum
1605 4278 1680 4326 πάλιν
1696 4281 1728 4331 εἰς
1745 4279 1802 4326 ἄλλα
1815 4289 1898 4338 μεσπι·

364 4354 447 4392 samm
469 4343 584 4392 diuinam
606 4343 687 4392 solam
710 4345 884 4410 nominantes,
908 4365 960 4396 nan
986 4348 1127 4399 omninodo
1152 4346 1419 4419 taeitqpeaqliursus
1435 4350 1556 4420 adalind
1572 4347 1898 4402 masilienasdi'cmrbit

365 4438 442 4469 unam
454 4433 563 4488 negant,
575 4434 684 4472 nostram
703 4424 761 4474 dico
777 4425 894 4475 salutem.
912 4426 999 4477 Graeeu
1017 4429 1053 4477 sio
1072 4444 1128 4479 rer·
1153 4445 1214 4480 vero
1225 4428 1294 4479 loeus
1304 4445 1371 4478 nune
1382 4431 1465 4494 primo
1475 4429 1563 4479 Graece
1575 4427 1668 4494 prodit
1681 4447 1713 4479 ex
1723 4431 1817 4481 loanne
1827 4429 1900 4477 nam·

364 4497 441 4549 tenda
455 4519 460 4547 ι
474 4498 533 4549 Aut
541 4501 608 4549 enim
620 4502 733 4551 divinans
745 4516 862 4553 tenturam
872 4517 984 4554 tenentes
991 4504 1129 4556 humanam
1154 4525 1229 4559 sceno
1241 4519 1330 4558 contra
1340 4505 1479 4559 iacobitas.

361 4589 470 4645 negant,
482 4589 593 4627 nostram
604 4578 662 4630 dice
673 4581 795 4647 salutem,
804 4594 849 4632 aut
864 4581 1002 4633 burnanam
1013 4585 1129 4636 retinen·
1187 4604 1197 4629 e
1216 4590 1263 4637 llic
1281 4590 1340 4637 item
1356 4586 1427 4637 locus
1445 4602 1512 4636 nunc
1523 4588 1610 4651 primo
1621 4588 1716 4653 prodit
1727 4606 1756 4639 ex
1768 4583 1900 4638 Joannebt·

362 4666 398 4704 tes
417 4667 514 4705 naturae
531 4656 629 4705 divinae
649 4657 843 4726 abnegationem
852 4661 967 4727 chr'uut.
986 4664 1017 4712 In
1037 4664 1129 4714 Latina
1154 4684 1272 4717 maseeno
1288 4677 1377 4717 eontra
1393 4664 1542 4716 Jacobitas:
1562 4666 1658 4717 Graeca
1678 4670 1716 4717 sic
1737 4663 1901 4718 conrnune:

363 4735 476 4784 versione
487 4732 626 4800 legebatur,
639 4753 689 4784 non
701 4737 797 4787 divinae
806 4738 1000 4806 abnegationem
1003 4738 1112 4806 jaciunt
1118 4759 1128 4806 ‚¹
1155 4746 1246 4800 Solent
1262 4757 1344 4795 autem
1362 4757 1387 4794 et
1406 4745 1475 4794 istud
1484 4745 1648 4814 praetendere
1659 4767 1669 4795 :
1682 4749 1784 4796 Annon
1799 4747 1901 4809 carmel

362 4810 406 4861 sod
418 4811 497 4873 male,
507 4824 535 4863 ut
547 4829 577 4862 ex
591 4830 661 4863 sensu
672 4824 698 4863 et
705 4830 735 4863 ex
747 4825 816 4864 textu
827 4816 916 4867 Graeco
923 4817 1127 4884 eruitur.[Verba
1152 4825 1302 4891 sanguinem
1317 4822 1371 4872 Dei
1376 4821 1498 4892 fedeliter
1514 4834 1594 4890 atque
1605 4824 1653 4891 pie
1667 4822 1827 4892 accipimus?
1838 4821 1901 4871 Etr'au

362 4905 377 4938 a
396 4903 456 4950 noto,-
476 4890 510 4941 ad
528 4899 565 4946 tul
584 4899 624 4944 τοῦ
643 4900 741 4960 Χριστοῦ
753 4893 810 4962 (sic)
824 4900 896 4961 leyen
913 4903 976 4968 ρι’νσιν
995 4901 1127 4965 exscripsit
1150 4901 1371 4970 respondendum:
1382 4918 1432 4950 non
1451 4902 1522 4968 quod
1533 4900 1609 4952 Deus
1622 4920 1731 4954 comem
1742 4916 1766 4953 et
1779 4902 1901 4957 susm

363 4967 453 5017 Leoni·
466 4968 483 5018 l·
497 4967 528 5036 ll
1151 4979 1420 5031 antelnenrnatr'onem
1426 4977 1900 5047 babuerieesnawm;sedquiauqu

395 5048 407 5087 f
426 5045 458 5099 Si
474 5049 541 5098 enim
553 5066 618 5100 unus
629 5049 762 5113 est,salva
775 5051 848 5101 nobis
863 5063 900 5103 est
918 5054 1009 5108 unitio.
1021 5054 1126 5122 Graeca,
1151 5061 1237 5111 carnis
1246 5071 1305 5109 sunt
1314 5057 1363 5108 sibi
1369 5057 1474 5124 propria
1477 5057 1561 5125 jacit,
1568 5049 1900 5110 dirimebantur-004

363 5133 382 5186 rt
392 5134 437 5192 γὰρ
448 5133 597 5198 festapum
615 5137 627 5189 it
646 5137 729 5190 traete·
742 5132 790 5182 llic
806 5131 906 5183 videtur
925 5133 1047 5186 mendum
1064 5153 1126 5189 esse.
1152 5137 1317 5188 eruditatem!
1323 5155 1338 5187 ο
1354 5137 1456 5203 r'arpiam
1467 5136 1674 5205 cogitatibnem!
1684 5131 1898 5190 Petebam&

396 5220 407 5283 ο
425 5205 496 5254 Ιιιισι·
515 5205 700 5271 propositiones
716 5206 784 5273 illos,
797 5227 852 5278 quse
872 5208 905 5263 ub
920 5212 1071 5284 Anonymo,
1085 5218 1128 5285 qui
1152 5216 1223 5286 apud
1238 5214 1298 5268 ittae
1312 5214 1365 5268 Dei
1374 5215 1500 5274 dignitas.
1511 5215 1611 5268 Caetera
1625 5228 1656 5268 ut
1668 5216 1697 5270 in
1711 5215 1821 5272 versione
1830 5208 1896 5268 mi
