3764 5992
144 426 260 479 amnis
286 428 463 492 auosroct,
491 428 620 501 urinam
648 424 882 476 susrrunnnrrs
907 422 1075 491 uonrcuu,
1103 425 1179 473 eru.
1329 400 1398 472 353

144 550 311 635 ιαρπίματα,
333 553 379 611 καί
401 553 531 631 μηδεμιᾶς
554 551 634 624 οὔσης
726 554 755 611 6.
768 552 879 610 Peccata
891 549 983 628 itaque
1000 569 1060 625 sua,
1078 549 1153 610 nulla
1172 562 1279 610 mactus
1290 549 1399 608 necessi·

144 642 174 705 itt
193 646 253 705 καθ’
275 644 389 716 ίκύστην
404 643 506 723 ἡμέραν
527 647 554 704 ἐν
576 652 634 710 ταῖς
687 658 740 704 tate
759 643 880 723 quotidie
893 644 1003 724 evulgat
1023 642 1315 725 inomnibusepistolis
1327 643 1398 719 suis3

144 735 227 809 ύσαις,
237 735 398 808 πολιτεύειν
414 733 459 794 καὶ
470 737 538 808 δῆλα
551 737 633 794 ποιῶν
686 734 785 813 illaque
796 734 913 794 traducit
926 748 951 794 et
967 733 1085 795 declarat
1105 756 1159 795 nun
1172 734 1247 793 iilius
1271 735 1399 814 temporis

143 850 159 884 ν
174 825 338 907 ἀνθρώποις,
355 825 423 885 ἀλλὰ
437 825 482 884 καὶ
496 833 550 893 τοῖς
566 824 633 902 μετὰ
686 824 842 884 bominibus
852 838 967 901 tantum,
977 825 1024 885 sed
1035 826 1249 886 etiamomnibus
1258 839 1318 906 post
1328 826 1398 884 sutu-

144 939 190 977 σι·
205 915 284 978 etet
302 916 438 997 ἐγκώμια,
454 918 500 977 καί
513 917 630 994 σἰνσίγκην
686 915 725 975 ris
730 939 740 994 3
755 915 846 976 laudes
857 937 929 988 vcro,
947 916 1028 975 etiam
1039 916 1153 976 instante
1165 917 1326 991 necessitate,
1336 937 1399 975 nar·

144 1011 210 1069 ίκνεῑ
222 1011 268 1069 καὶ
288 1008 428 1068 ἀναδύεται
443 1008 630 1087 διηγήσασθαι.
686 1027 746 1065 rare
755 1020 897 1066 cunctatur
908 1019 935 1066 et
947 1006 1053 1085 refugit.
1064 1006 1098 1066 ld
1110 1028 1173 1066 sane
1182 1007 1227 1066 vel
1241 1028 1275 1066 ex
1295 1028 1326 1066 co
1345 1030 1398 1089 pa·

144 1098 176 1160 δν
194 1097 221 1167 ίξ
244 1089 281 1157 ὧν
296 1097 419 1178 μυριάκις
440 1099 588 1181 ἀφροσύνην
601 1098 633 1157 τὸ
685 1096 740 1154 lem
762 1110 811 1173 est,
822 1095 896 1176 quod
914 1096 944 1156 id
958 1097 1102 1157 sexcenties
1112 1097 1296 1179 insipientiam
1308 1112 1396 1168 vocet,

144 1192 192 1259 λον
202 1188 231 1248 δὲ
241 1188 287 1249 καί
299 1189 352 1249 ἀπὸ
363 1194 410 1248 τοῦ
419 1189 515 1270 χρόνω
525 1189 631 1262 παντὸς,
648 1198 668 1246 n
684 1187 775 1267 palam
788 1187 852 1246 item
864 1201 945 1247 estex
960 1200 1034 1246 tanto
1047 1201 1173 1268 tempore,
1182 1208 1236 1266 quo
1247 1187 1398 1248 mirabilem

144 1279 274 1357 υμαστὴν
301 1278 346 1337 καὶ
370 1279 441 1338 θείαν
464 1280 630 1358 ἀποκάλυψιν
684 1276 761 1336 iliam
771 1291 796 1336 et
807 1276 929 1338 divinam
944 1278 1134 1338 revelationem
1145 1279 1228 1337 tacuit
1243 1302 1250 1337 ι
1265 1280 1397 1339 nonenim

144 1368 221 1444 τότε,
233 1369 291 1430 utut
305 1369 357 1448 πρδ
370 1368 417 1429 δύο
434 1371 480 1429 καί
492 1374 572 1450 τριῶν
585 1369 631 1428 καί
684 1381 759 1441 tunc,
772 1368 816 1428 vel
833 1382 894 1428 ante
906 1368 974 1428 duos
987 1382 1074 1428 tresve
1087 1382 1134 1428 aut
1145 1370 1237 1429 decem
1251 1371 1397 1446 annos,scd

144 1462 199 1540 up
214 1459 340 1520 πλειόνων
354 1453 387 1532 ἦν
401 1459 481 1531 αὐτὴν
496 1458 630 1540 ίωρακύς.
683 1474 744 1520 ante
766 1459 962 1542 multoplures
984 1459 1060 1519 illam
1080 1459 1194 1520 viderat.
1214 1461 1396 1531 Quamobrem

144 1549 224 1633 pium
240 1551 317 1610 αύεδν
330 1551 433 1623 τίθησιν
446 1550 515 1611 οὕτω
528 1552 629 1629 λέγων·
683 1549 772 1632 ipsum
780 1551 1008 1632 tempusassignat
1019 1549 1242 1611 bisverbis:Sct'o
1251 1553 1397 1612 bominem
1407 1574 1429 1606 ε.
1440 1561 1486 1605 cor
1509 1576 1544 1609 ta

144 1650 153 1703 t
171 1646 237 1703 ίτῶν
257 1642 456 1723 δεκατεσσάρων
476 1643 629 1723 ἁρπαγέντα
682 1655 753 1701 onte
765 1662 860 1701 antius
870 1643 1089 1721 quatuordecim
1100 1654 1216 1722 raptum
1228 1644 1270 1702 ad
1280 1647 1397 1703 tertium
1407 1637 1428 1669 ²·

145 1733 209 1794 ·ba
223 1732 256 1794 cb
275 1735 378 1815 μύθης,
393 1733 435 1794 dn
450 1735 498 1794 ούκ
519 1734 550 1792 δν
569 1733 629 1794 ούδί
681 1735 785 1793 cretum
799 1758 809 1791 .·
822 1747 852 1792 ut
865 1747 894 1792 tu
909 1733 1037 1810 disceres,
1053 1753 1087 1792 ne
1099 1748 1165 1794 tunc
1176 1733 1286 1813 quidem
1303 1735 1339 1793 ita
1353 1735 1397 1794 lo·

144 1824 179 1905 μὴ
193 1826 294 1897 πολλὴν
313 1816 379 1884 εἶδεν
392 1824 509 1905 ἀνάγκην
525 1827 627 1885 ἐπικει-
682 1837 830 1901 quuturum
841 1825 934 1900 fuisse,
947 1823 999 1883 nisi
1007 1845 1104 1904 magna
1115 1838 1226 1905 urgente
1233 1825 1395 1885 necessitate.

144 1920 201 1977 λετο
209 1915 270 1984 τούς
280 1916 391 1984 οἰκείως
404 1917 524 1984 ἐπαίνους
538 1917 628 1986 διεξιέ-
682 1920 713 1980 Si
726 1942 842 1999 namque
848 1919 977 1981 voluisset
985 1920 1078 1980 laudes
1086 1942 1148 1982 suas
1158 1941 1299 1993 recensere,
1305 1923 1396 1982 statim

144 2014 166 2081 δν
179 1999 267 2082 εἶπεν,
282 2007 326 2066 ύτε
342 1999 454 2078 addend
474 2012 512 2087 τῷ
530 2008 628 2090 πρώτῳ
681 2025 761 2090 atque
771 2011 883 2073 vidisset
891 2010 1395 2094 eam,declarassct,vei'saltemprimo,

144 2122 179 2179 πρ
194 2098 247 2158 ἔτει
260 2122 267 2135 ·
280 2098 336 2157 νυνί
347 2096 374 2158 δί
385 2097 431 2170 ἔτη
445 2098 627 2179 δεκατέσσαρα
682 2102 725 2162 vel
743 2101 859 2163 secundo
870 2117 917 2162 aut
942 2102 1021 2163 tertio
1031 2123 1101 2162 anno
1116 2127 1123 2159 ε
1137 2116 1163 2163 at
1176 2103 1223 2162 itte
1234 2103 1397 2182 quatuorde-

144 2189 220 2270 ίγησε
243 2190 290 2250 καί
313 2190 378 2269 πρδς
402 2189 492 2250 οὐδένα
508 2184 627 2268 ἐξεῖπεν,
680 2193 734 2252 cim
748 2194 860 2254 annisin
874 2193 1181 2274 silentiopmscveravit,
1196 2208 1222 2254 et
1242 2195 1342 2254 nemini
1352 2194 1395 2254 di-

144 2281 283 2360 saepedum.
306 2282 358 2341 Καὶ
380 2281 462 2356 τότε,
481 2280 549 2342 Ὅτε
567 2282 734 2368 robemxit,
748 2285 800 2345 nisi
813 2284 962 2346 Corinthiis
971 2298 1085 2345 tantum.
1107 2285 1305 2357 Quandonam?
1325 2287 1394 2346 Cum

144 2394 169 2431 ιν
183 2371 348 2453 ίπιρυέντας,
361 2372 463 2441 δεικνύς
476 2373 516 2433 δτι
529 2376 583 2433 οὐδ’
595 2374 625 2433 ἂν
644 2385 665 2431 Α
680 2375 915 2457 pseudoapostolos
929 2374 1002 2436 vidit
1021 2375 1198 2456 insurgentes,
1215 2376 1354 2437 declarans
1367 2399 1396 2438 sc

144 2462 178 2542 μὴ
198 2462 330 2535 τοσαύτην
340 2463 411 2543 ίύρα
432 2465 574 2544 διαφθορὰν
599 2469 626 2525 ἐν
681 2488 714 2526 ne
723 2481 788 2528 tunc
800 2467 911 2547 quidem
924 2467 1062 2527 dicturum
1077 2469 1168 2544 fnisse,
1177 2468 1230 2527 nisi
1241 2482 1343 2528 tantam
1355 2470 1395 2531 vi·

144 2553 239 2634 ιμύνην.
260 2555 330 2614 Ἀλλ’
356 2559 406 2635 σύγ
427 2561 504 2634 ἡμεῖς
529 2555 625 2631 ούτως,
679 2559 762 2618 disset
772 2560 970 2640 corruptionem
979 2557 1132 2641 discipulos
1141 2559 1275 2622 invadere.
1298 2563 1333 2620 At
1346 2583 1395 2621 nos

144 2670 169 2707 ιν
181 2650 308 2724 ποιοῦμεν
322 2671 328 2684 ·
343 2652 394 2706 τῶν
407 2647 455 2723 μὲν
465 2647 627 2728 ἁμαρτημύ-
678 2673 731 2710 non
745 2665 810 2711 rtem
827 2675 834 2709 :
849 2650 895 2712 sed
905 2672 1015 2733 prorsus
1024 2652 1318 2712 contrariumfacimus.
1330 2654 1395 2712 Pec-

144 2736 231 2817 ήμκθα
247 2738 366 2817 ἡμέραν,
380 2739 450 2799 ἀλλὰ
465 2738 513 2799 κᾶν
530 2740 625 2817 ἐτέρων
678 2756 799 2803 catorum
818 2764 852 2803 ne
862 2764 917 2802 nno
937 2741 1049 2821 quidem
1061 2742 1107 2802 die
1118 2742 1303 2818 recordamur3
1317 2741 1393 2803 sedsi

144 2853 208 2909 μιν,
224 2832 437 2909 ἀγανακτῶμεν,
452 2831 624 2911 δυσχεραίνο-
680 2832 821 2915 quospiam
833 2855 1081 2894 eacummcmorare
1101 2833 1255 2912 audiamus,
1269 2832 1395 2914 indigna·

144 2944 195 3001 γμα
213 2921 386 3000 λογιζόμεθα,
402 2921 507 3004 μυρίαις
532 2922 625 2989 αὐτούς
677 2947 748 3001 mur,
768 2945 839 3005 aegre
861 2925 981 3001 serimus,
996 2925 1186 2985 contumeliam
1196 2924 1223 2984 id
1246 2946 1303 2985 esse
1316 2939 1394 3006 puta·

144 3035 163 3079 :⁰
178 3015 201 3072 εἰ
224 3011 253 3070 δέ
273 3036 300 3071 τι
317 3014 409 3093 μικρδν
431 3011 625 3094 Ιἐργασαίμεθα
676 3036 749 3090 mus,
766 3017 915 3077 innumeris
938 3016 1001 3076 illos
1019 3014 1168 3077 maledictis
1187 3016 1393 3091 incessimus;si

144 3108 197 3185 γῦς
211 3101 373 3184 στρύρομεν,
387 3105 498 3171 καὶτοῖς
518 3129 624 3183 μεμνη-
674 3108 742 3188 quid
766 3124 857 3169 autom
880 3108 945 3169 boni
960 3108 1170 3190 praestemus,in
1184 3128 1230 3169 ore
1243 3109 1394 3190 frequenter

144 3195 249 3273 μεν,καὶ
256 3195 412 3277 ρίλουςτούς
420 3197 550 3264 τοιούτους
560 3189 625 3257 εἶναι
676 3220 823 3275 versamus,
841 3199 872 3260 id
891 3199 1160 3261 commemorantibus
1180 3199 1294 3280 gratiam
1309 3198 1392 3259 babe-

144 3290 182 3347 et
198 3287 312 3368 Χριστὸς
329 3288 359 3346 τὸ
374 3286 488 3348 ἐναντίον
505 3287 624 3362 ἐπέταξε,
677 3308 746 3361 mus,
764 3287 878 3366 illosque
897 3287 975 3348 nobis
988 3289 1089 3348 amicos
1111 3287 1295 3347 existimamus
1311 3289 1393 3348 :licet

161 3378 349 3451 ύπιλελῆσθαι,
373 3379 573 3459 ἁμαρτημάτων
597 3379 625 3440 δὲ
642 3392 660 3438 Β
677 3377 801 3438 Christus
816 3377 980 3437 contrarium
994 3378 1157 3459 preceperit,
1169 3391 1200 3437 nt
1219 3392 1288 3438 recte
1301 3378 1392 3439 tacto·

144 3491 169 3528 το
181 3469 262 3539 δῆλον
276 3467 323 3547 μὲν
338 3474 403 3547 ἡμῖν
413 3470 519 3541 ἐποίησε
531 3471 577 3528 καί
590 3472 625 3528 δι’
677 3489 739 3528 rum
749 3469 858 3548 quidem
867 3468 1072 3543 obliviscamur,
1094 3483 1337 3549 pcccatorumvcro
1352 3491 1393 3528 re-

150 3559 264 3640 παρεῄνει
288 3559 372 3637 λύγων
393 3583 400 3595 ·
424 3559 511 3618 Ὅταν
537 3560 625 3620 πάντα
678 3560 829 3620 cordemur.
842 3558 924 3632 Quod
934 3559 1011 3618 nobis
1027 3557 1178 3618 declararit
1188 3559 1254 3619 dum
1263 3559 1301 3619 sic
1311 3559 1392 3619 disci·

144 3655 277 3731 πύγρεῑοι
298 3651 384 3710 δοῦλοί
405 3651 483 3730 ἔσμεν
495 3675 502 3688 ·
514 3650 559 3710 καί
580 3653 624 3712 διὰ
678 3652 756 3731 pulos
771 3650 956 3710 cohortaretur
970 3674 977 3708 ι
990 3650 1064 3709 Cum
1073 3654 1173 3708 omnia
1188 3651 1329 3730 feceritis,
1343 3652 1392 3710 di·
1402 3666 1497 3729 θυεερ.
1506 3679 1542 3712 ro.

152 3742 323 3822 παραύολῆς,
343 3743 388 3803 τὸν
408 3742 524 3813 τελώνην
545 3746 624 3804 αὐτοῦ
676 3747 743 3817 cite,
753 3746 894 3823 quoniam
902 3744 979 3800 servi
985 3739 1101 3799 inutiles
1114 3756 1263 3811 sumus5ct
1275 3741 1303 3801 in
1313 3764 1392 3824 para-

144 3841 294 3916 ρτοῦτονὴ
311 3835 403 3912 μνήμη
427 3840 478 3894 τῶν
499 3837 623 3915 δμαρτη-
675 3831 1392 3914 boiaPharisaei,cuipublicanumpreposuit‘Quem-

149 3925 230 3995 οὕτως
246 3930 343 3986 ἐκεῖνον
360 3932 377 3998 ἡ
401 3927 493 4006 μνήμη
507 3931 559 3986 τῶν
574 3951 622 3987 κα·
675 3923 822 3983 admodum
837 3924 908 3983 enim
916 3923 1166 4004 hunepeocatorum
1174 3927 1393 3987 commemoratio

144 4040 181 4079 nn
196 4017 250 4079 Καὶ
264 4017 400 4086 Ἰουδαίοις
421 4019 449 4079 δὲ
469 4023 484 4077 θ
501 4019 569 4085 Θεδς
588 4018 622 4078 τδι
672 4016 845 4098 justificavit,
858 4015 934 4074 sicet
948 4014 1028 4074 illum
1041 4027 1112 4074 recte
1121 4015 1252 4075 factorum
1263 4019 1391 4077 memoria

144 4116 232 4179 ιαινεῑ,
244 4106 328 4186 λέγων
353 4108 453 4177 οὕτως·
469 4108 541 4188 Ἐγώ
565 4112 622 4187 είμι
674 4105 803 4188 perdidit.
811 4105 914 4167 Judaeis
921 4125 1028 4185 quoque
1040 4104 1212 4165 Deuseadem
1222 4108 1323 4167 monita
1339 4123 1393 4168 tra·
1414 4155 1417 4161 .

153 4197 203 4269 τδς
226 4197 358 4278 ἁμαρτίας
382 4222 443 4275 σου,
466 4200 511 4259 καὶ
531 4204 560 4260 αθ
582 4200 620 4276 μὴ
673 4200 724 4275 dit,
734 4195 975 4279 bisrerbisaEgo
997 4217 1062 4258 sum
1077 4202 1148 4276 ipse,
1161 4202 1213 4280 qui
1222 4200 1305 4260 deleo
1325 4222 1391 4280 pcc·
1405 4219 1461 4262 teat.
1490 4215 1529 4276 tt.

144 4294 223 4364 ιθητε
673 4304 819 4363 cotetae,
833 4289 1144 4369 etnonrecordaborb
1162 4303 1194 4349 tu
1214 4310 1286 4349 cero
1295 4311 1394 4352 recor·
1403 4281 1443 4326 ²⁵·

673 4385 759 4443 dure.

144 4473 249 4535 στόλων
261 4477 292 4532 τδ
307 4476 369 4544 ἠθος
382 4464 426 4547 ἦν,
439 4477 555 4533 τοιοῦτον
568 4479 621 4534 τῶν
713 4480 741 4536 t.
762 4475 815 4534 Hic
835 4494 892 4534 mos
911 4485 968 4532 erat
992 4473 1185 4551 apostolorum,
1204 4472 1250 4533 bic
1276 4476 1392 4557 propbe-

144 4565 244 4625 δικαίων
259 4565 393 4626 ἁπάντων.
406 4565 441 4625 Ὅ
453 4575 515 4645 γοῦν
538 4568 621 4627 aaut
673 4582 761 4627 tarum
778 4579 805 4627 et
814 4567 951 4646 justorum
969 4562 1103 4623 omnium.
1126 4560 1216 4622 David
1233 4563 1306 4623 enim
1328 4578 1542 4646 pec-r.tteg.17.

144 4680 158 4725 ς
170 4660 264 4716 ἑαυτοῦ
279 4660 396 4737 συνεχῶς
407 4656 554 4736 ἐμίμνητσ,
568 4662 620 4716 τῶν
671 4659 722 4718 cati
734 4656 885 4737 suijugiter
897 4652 1100 4729 recordabatur,
1126 4653 1259 4713 bonormn
1278 4668 1391 4737 operum

144 4749 261 4826 θδαμοῦ,
276 4746 346 4818 πλὴν
363 4747 388 4806 εί
405 4771 469 4809 ποτε
484 4771 619 4828 κατηνσγ-
634 4758 654 4806 t}
670 4770 805 4828 nusquam
824 4745 877 4806 nisi
905 4744 974 4805 forte
996 4756 1106 4824 cogente
1133 4744 1294 4806 necessitate.
1320 4748 1390 4808 Cum

150 4840 312 4919 βαρύαρικθς
331 4840 427 4907 taetro<
443 4840 558 4918 πύλεμος
572 4840 620 4913 τὴν
670 4863 733 4921 crgo
753 4839 925 4900 barbaricum
951 4835 1021 4896 illud
1045 4835 1148 4896 bellum
1168 4835 1292 4898 Judaeam
1307 4859 1391 4901 vexa·

161 4930 208 4990 atat
226 4930 314 4990 πάντα
335 4929 460 4990 κινδύνων
473 4921 506 5002 ἦν
521 4931 621 5008 μεστὰ,
670 4932 734 5007 bat,
760 4929 904 5007 omniaque
937 4925 1067 5009 periculis
1098 4926 1178 5008 plena
1200 4941 1292 5007 erant3
1325 4951 1389 4991 eum

144 5020 249 5100 υλίμονν
269 5025 391 5101 ἄπειρος,
414 5022 568 5082 καταλιπὼν
585 5024 619 5086 τύ
672 5019 1004 5104 illcjuvenitadhttccssot
1017 5017 1379 5101 ubdliimpuims,retieti

144 5202 168 5232 τ’
184 5179 241 5246 stt·
255 5187 314 5232 *vu-
328 5180 457 5247 *aizoo-t
