3764 5992
593 536 626 584 itt
655 534 904 586 Pentecosten.
934 534 1044 583 SERMO
1070 535 1093 582 l·

144 679 230 721 σαντα.
246 657 340 720 Βούλει
358 662 418 720 ίδεῐν
433 661 509 721 αὐτὸν
524 662 681 743 φυτουργόν;
695 660 768 742 'Epio
781 662 843 761 ipri-

144 766 168 813 ι,
181 740 313 807 Ἀπολλὼς
324 741 438 799 έπότισε.
450 741 544 800 Βούλει
556 743 619 801 ίδεῖν
630 741 781 819 οίκοδόμον;
802 743 843 809 Ως

144 846 149 887 ς
159 820 332 901 ἀρχιτέκτων,
341 819 459 896 θεμέλιον
465 821 579 880 τέθεικα.
592 820 685 880 Βούλει
693 823 755 880 ἰδεῖν
762 821 839 880 αὐτὸν

144 899 306 977 ,patrant-rim
324 898 403 958 Ούτω
419 899 541 961 πυκτεύω
558 903 594 966 ῶς
608 901 655 960 οὐκ
669 901 735 982 ἀέρα
748 899 840 978 δέρων,-

145 1002 166 1037 ει
182 980 244 1036 ίδεῖν
261 978 338 1038 αὐτόν
351 979 483 1051 ἀθλητήν,
497 981 555 1038 Οὐκ
571 979 641 1038 ἔστιν
655 985 718 1058 ἡμῖν
731 985 748 1051 ἡ
766 979 840 1051 παλη

146 1050 304 1134 αἷμακαίσά
322 1082 365 1131 κα.
381 1057 475 1117 Βούλει
483 1060 545 1118 ἰδεῖν
553 1059 630 1118 αὐτὸν
639 1058 746 1140 δρομέα;
756 1056 841 1118 Ὥστε

144 1138 172 1196 τὸ
185 1136 220 1194 Ἱε
238 1083 322 1196 occul
374 1138 420 1197 καί
434 1138 523 1219 κύκλῳ
538 1137 618 1221 μέχρι
631 1145 676 1197 τοῦ
694 1139 841 1218 Ἰλλυρικοῦ

144 1161 272 1296 equalium
283 1218 313 1276 τὸ
323 1216 472 1296 ιυαγγέλιον
482 1225 495 1250 ⁰
502 1223 547 1276 τοῦ
557 1222 637 1277 Θεοῦ.
650 1217 840 1292 Ἐνδυσάμενοι

144 1296 280 1374 ύρακατῆς
289 1298 411 1362 πίστεως.
424 1296 583 1356 Βούλειίδεῖν
595 1296 671 1355 αὐτὸν
683 1296 839 1377 ἀγωνιστήν,

144 1377 227 1454 ιἰγῶνα
241 1376 285 1435 τδν
301 1377 380 1434 καλὸν
394 1374 554 1475 ἠρεύνισμαι.
576 1375 668 1435 Βούλει
685 1377 747 1435 ίδεῖν
761 1377 838 1436 αύτδν

144 1454 239 1527 ινίτην;
256 1456 355 1515 Λοιπὸν
371 1456 510 1514 ἀποκειταί
524 1478 569 1533 μοι
586 1459 659 1525 ὁτῆς
674 1455 839 1528 δικαιοσύνης

144 1555 201 1601 ινος.
227 1526 275 1600 Εἷς
287 1533 334 1605 ὢν,
348 1535 436 1594 πάντα
450 1534 561 1612 ἐγένετο,
582 1537 626 1595 τὸν
641 1536 778 1607 Δεσπότην
793 1534 837 1594 τὸν

144 1619 161 1670 ῦ
181 1613 350 1692 μιμούμενος.
375 1614 427 1672 Καί
440 1615 491 1693 γὰρ
504 1619 519 1673 6
532 1612 669 1684 Δεσπότης
682 1617 696 1671 6
710 1614 838 1692 ἡμέτερος

144 1717 160 1750 ιν
173 1692 222 1762 τὴν
237 1693 338 1764 οὐσίαν,
353 1693 417 1771 πρὸς
431 1696 536 1752 ἅπαντα
551 1694 751 1773 ίσχηματίζετο.
774 1695 837 1760 Πῶς

152 1772 256 1844 πάντας
277 1772 330 1831 dib
348 1771 396 1843 rbi
418 1773 550 1874 ἡμετέραν
570 1773 713 1852 σωτηρίαν.
735 1774 873 1850 Κλῆμαί)

144 1877 170 1923 ι,
184 1850 229 1909 καί
244 1851 344 1929 ἐγένετο
361 1850 432 1934 ῥίζα·
449 1851 521 1931 ’Epor
535 1852 587 1931 γάρ
604 1856 690 1929 εἰμιὴ
707 1850 834 1928 άμπελος,

154 1931 187 1989 τὰ
208 1930 342 2005 κλήματα.
372 1930 484 1990 Βαδίσαι
504 1933 647 2003 ἠθελησας·
669 1930 771 2008 ἐγένετό
793 1952 834 1991 σοι

148 2013 189 2066 Δι’
203 2013 266 2085 έμοῦ
278 2010 322 2068 ἐάν
334 2033 374 2077 τις
385 2009 488 2090 εἰσέλθῃ
500 2011 545 2068 καί
555 2010 655 2089 έξελθη,
663 2009 746 2086 νομὴν
758 2011 834 2092 tipi-

144 2088 269 2167 ίρόύατον
284 2089 387 2166 ἐγένου·
402 2089 505 2165 ἐγένετό
517 2113 558 2148 σοι
566 2091 681 2168 ποιμήν·
697 2088 769 2166 Ἐγὼ
782 2089 834 2169 γάρ

153 2168 252 2245 ποιμὴν
260 2174 274 2227 6
283 2167 375 2234 καλός·
387 2168 509 2246 ὁποιμὴν
520 2170 623 2236 ὁκαλδς
632 2168 681 2241 την
690 2167 779 2307 νρυχὴν
791 2170 835 2227 αὐ-

144 2245 233 2317 ·ίθησιν
245 2247 312 2329 ὑπὲρ
326 2253 378 2307 τῶν
392 2247 543 2327 προθάτων.
560 2248 700 2329 Ἀμαρτωλ
715 2246 834 2327 ςέγένου·

144 2325 168 2383 τό
180 2350 221 2385 σοι
233 2328 314 2403 ἀμνὸς
325 2334 370 2387 τοῦ
380 2330 449 2387 Θεοῦ
463 2332 477 2386 6
492 2329 521 2387 ei
559 2354 572 2386 ν
585 2328 633 2401 rip
648 2327 781 2406 ἁμαρτίαν
790 2333 835 2388 τοῦ

144 2429 177 2465 νυ.
208 2408 309 2485 (θαγεῖν
341 2405 488 2479 ἠθέλησας·
516 2352 619 2488 ίγωένιτό
642 2429 684 2467 σοι
707 2407 835 2485 τράπεζα.

165 2485 308 2556 ἠθέλησας·
333 2485 436 2563 ἐγένετό
452 2510 493 2547 σοι
514 2488 653 2569 ποτήριον·
678 2485 712 2544 Ὁ
725 2485 834 2566 τρώγων

144 2562 179 2636 ὴν
195 2565 281 2642 σάρκα
295 2566 340 2623 καί
352 2565 434 2625 πίνων
448 2589 497 2644 μου
509 2566 540 2625 τὸ
551 2559 628 2644 αἷμα,
643 2570 669 2626 ἐν
681 2566 741 2645 ἐμοί
752 2565 835 2644 μένει,

162 2646 188 2702 ἐν
209 2647 291 2723 αὐτῷ.
314 2644 491 2706 ’ίίνδύσασθαι
506 2646 654 2716 bifluente·
676 2645 780 2723 ἐγένετό
793 2669 835 2705 σοι

144 2742 189 2780 ον·
210 2721 292 2782 Ὅσοι
312 2723 363 2801 γάρ
382 2727 419 2790 είς
435 2726 547 2805 Χριστὸν
562 2725 749 2798 έὸαπτίσθητε,
763 2727 835 2806 Χρι-

144 2800 306 2862 ένεδύσασθε.
328 2801 427 2883 Νύμρη
439 2803 571 2876 ἠθέλησας
584 2803 718 2885 γενέσθαι·
734 2804 837 2885 ἐγένετό

144 2881 254 2961 υμρίος·
278 2880 313 2941 Ὁ
333 2881 402 2960 ἔχων
424 2882 474 2955 τὴν
494 2883 606 2964 νύμφην,
626 2883 735 2963 νυμφίος
755 2885 835 2943 ἐστίν.

144 2959 247 3032 ιλησας·
276 2959 379 3040 ἐγένετό
401 2984 442 3021 σοι
464 2961 549 3042 ἀνήρ·
583 2963 760 3041 Ἥρμοσάμην
783 2963 873 3046 γδρῐε,

150 3040 190 3099 ένί
202 3042 249 3098 ἀνδ
266 3039 276 3097 ί
290 3039 418 3120 παρθένον
430 3040 512 3119 άγνδην
528 3048 699 3123 παραστῆσαι
713 3047 751 3123 τῷ
764 3045 836 3124 Χρι-

146 3118 237 3196 Πόρνη
251 3060 296 3192 λς,
313 3119 358 3176 καί
372 3118 460 3193 ἐγένου
476 3121 611 3200 παρθένος.
627 3119 666 3180 Ὢ
678 3125 775 3181 καινῶν
790 3122 836 3181 καί

144 3196 222 3264 δόξων
234 3199 407 3279 πραγμάτων.
423 3200 487 3260 Ἐπί
501 3206 553 3260 τῶν
564 3200 656 3270 ἔξωθεν
668 3205 682 3260 6
693 3200 776 3280 γάμος
786 3201 834 3275 τὴν

144 3276 209 3334 mian
231 3277 346 3336 διαλύει·
362 3278 406 3336 tet
420 3279 447 3338 δὲ
466 3283 518 3337 τῶν
532 3285 717 3359 πνευματικῶν
734 3280 834 3361 πόρνην

144 3381 159 3438 3,
172 3355 218 3414 καὶ
231 3377 269 3414 πα
287 3357 360 3416 θένου
379 3358 486 3432 ἐποίησε
498 3360 667 3440 σεμνοτέραν.
681 3360 834 3444 Ἓρμήνευ-

144 3381 290 3514 ίαίρετικί),
306 3441 363 3501 πῶς
376 3442 393 3508 ἡ
405 3436 488 3519 πόρνη
508 3437 644 3517 παρθένος.
664 3440 834 3521 ’Περιεργά-

144 3538 162 3573 ιι
181 3519 209 3574 ού
231 3515 361 3592 δύναμαι·
382 3515 470 3574 πίστει
484 3517 511 3576 δὲ
526 3516 596 3576 κατέ·
608 3542 682 3596 ομαι.
699 3522 791 3578 Ταῦτα
807 3519 834 3578 δὲ
844 3561 881 3600 7,,

144 3618 154 3652 ι
169 3598 186 3664 ἡ
201 3602 246 3654 τοῦ
260 3594 416 3672 Πνεύματος
433 3595 541 3667 ἐποίησε
556 3619 644 3675 χαρις.
670 3596 799 3676 ’Βξεχύθη
816 3603 833 3671 ἡ
855 3617 874 3663 Α

145 3718 153 3745 ,
168 3674 220 3731 Καὶ
230 3672 355 3754 ῶρθησαν
373 3676 460 3740 αὐτοῖς
473 3676 689 3753 διαμεριζόμεναι
704 3680 731 3735 αἱ
744 3679 834 3774 ρλῶσ·

144 3751 189 3811 ισεί
211 3753 309 3831 πυρός·
328 3753 388 3832 οὐχί
408 3753 504 3833 πυρὸς,
526 3755 584 3812 ἀλλ’
600 3754 674 3813 ‘tirel
687 3776 777 3833 πυρος.
802 3757 836 3816 Εἰ

144 3835 193 3898 πῶς
204 3835 251 3890 οὐκ
261 3832 394 3904 ἐκαίοντο,
408 3835 494 3912 ἐρωτᾷ
511 3833 668 3901 θ’ίουδαῑος.
687 3836 797 3894 Μᾶλλον
807 3834 835 3897 δέ

144 3909 182 3968 τὸν
204 3910 330 3970 Ἰουδαῖον
349 3915 362 3970 ἐ
379 3917 449 3985 ιοτῶ,
470 3915 527 3980 πῶς
542 3914 590 3972 οὐκ
604 3912 676 3973 ἔκαιε
691 3915 739 3988 τὴν
753 3914 834 3993 ’βάτον

144 3990 232 4056 ινῶδες
251 3988 342 4066 ξύλον,
359 3935 395 4049 'l'i
408 3991 489 4092 πυρός
500 3993 692 4074 σροδρότερον;
709 3994 736 4053 τί
754 3995 834 4075 βάτου

144 4067 260 4149 έστερονῑ
286 4071 331 4129 καί
352 4068 411 4130 οῦτε
432 4094 462 4130 το
484 4070 557 4139 ξύλον
582 4074 699 4148 ἐκαίετο,
723 4073 782 4135 ούτε
806 4076 837 4135 rb

144 4148 276 4207 σύέννυτο.
289 4151 342 4208 ίίαι
354 4152 443 4225 παλιν,
455 4174 511 4219 πως
521 4175 555 4210 τοι
566 4176 676 4231 σωματα
691 4159 743 4214 τῶν
755 4158 834 4236 τριῶν

144 4251 166 4286 ιν
181 4231 210 4285 σθ
222 4227 394 4302 κατέκαυσεν,
406 4232 464 4289 ἀλλ’
479 4235 496 4301 ἡ
512 4231 621 4312 κάμινος
635 4235 670 4299 είς
682 4233 774 4316 δρόσον
787 4258 836 4311 με-

144 4307 271 4380 λετο,καί
279 4306 338 4377 τοὺς
349 4308 479 4393 ἄνθρακας
492 4313 592 4392 ροδῶνα
604 4311 720 4391 ἐνόμιζον
730 4337 738 4385 ;
751 4313 834 4394 ίίάχη

149 4385 190 4466 pire
203 4385 248 4444 καί
261 4386 401 4464 σωμάτων,
413 4390 457 4447 καί
471 4397 488 4461 ἡ
501 4391 561 4462 νίκη
573 4396 624 4450 τῶν
638 4391 767 4470 σωμάτιον
783 4393 836 4474 ἐγί-

156 4472 238 4544 κηροῦ
252 4466 304 4561 γὰρ
317 4467 380 4526 ὄντα
395 4468 589 4550 μαλακώτερα,
610 4471 718 4551 σιδήρου
734 4470 837 4552 ἐγένετο

144 4541 239 4622 ιίιτερα.
262 4545 443 4624 (Βρμήνευσόν
458 4571 502 4626 μοι
513 4549 547 4607 τί
560 4555 613 4609 τῶν
627 4554 761 4611 παλαιῶν·
776 4555 835 4611 ἀλλ’

144 4624 322 4760 ιπρρελαδεν,
335 4626 378 4684 ἵνα
391 4634 519 4708 πιστευθῇ
534 4633 551 4700 ἡ
566 4630 684 4701 ἀλήθεια.
704 4631 755 4690 nrt
769 4631 795 4688 τί
810 4635 836 4690 έν

1001 270 1019 301 'd
1114 258 1119 265 '

1545 514 1616 608 953

896 664 988 742 gavit.
997 659 1050 720 Vis
1061 657 1238 717 architectum
1250 657 1378 719 cernere?
1394 651 1432 726 Ut
1440 663 1557 741 sapiens
1567 684 1617 724 ar·
1663 711 1695 759 σο

897 743 1038 798 cbiteetus
1040 740 1276 818 fundamentum
1285 743 1379 816 posui.
1395 740 1447 802 Vis
1469 742 1616 821 pugilem?
1627 723 1662 820 ξ,
1697 715 1750 762 '⁶3'

896 819 944 879 Sic
955 839 1065 898 pugno,
1089 839 1146 875 non
1160 821 1247 897 quasi
1264 839 1360 876 aerem
1374 822 1543 884 verberans.
1562 822 1615 885 Vis
1627 848 1647 880 ι.
1657 836 1712 882 cor.
1723 850 1746 897 9.
1821 830 1824 837 '

896 898 1026 956 athletam
1036 897 1049 955 θ
1059 899 1128 955 Νοιι
1141 910 1184 955 est
1199 900 1281 955 nobis
1291 898 1463 957 colluctatio
1474 902 1613 962 adversus
1623 898 1662 945 ²⁶·

895 981 1070 1057 sanguinem
1093 988 1122 1034 et
1149 997 1278 1035 carnem.
1305 979 1357 1036 Vis
1383 981 1540 1038 cursorem?
1563 961 1683 1066 lulum
1710 1024 1737 1070 ¹5

896 1070 929 1114 ut
942 1061 979 1115 ab
994 1057 1184 1130 Jerosolyma
1196 1059 1338 1135 usquead
1349 1058 1507 1130 Illyricum
1521 1058 1662 1143 reple-19.
1686 1053 1692 1066 ⁵
1740 1054 1747 1069 ⁶

897 1140 986 1195 verim
1000 1136 1182 1213 evangelium
1206 1137 1274 1194 Dei.
1287 1136 1356 1213 [Vis
1367 1135 1482 1195 ducem?
1493 1141 1504 1214 ]
1516 1140 1611 1199 Indu-

894 1227 975 1274 entes
990 1216 1111 1273 loricam
1126 1215 1214 1294 fidei.
1237 1214 1289 1275 Vis
1313 1216 1479 1274 certantem?
1495 1219 1636 1306 bonum²
1665 1263 1717 1306 mm
1737 1257 1752 1323 ρ

894 1308 1042 1353 certamen
1053 1297 1164 1352 certavi
1174 1300 1187 1350 i
1197 1293 1248 1355 vis
1262 1308 1419 1353 coronatum
1433 1296 1611 1375 conspicere?
1622 1292 1648 1380 ,ζ
1721 1291 1726 1306 ’
1755 1293 1762 1305 ’

893 1376 932 1431 ln
955 1376 1067 1454 reliquo
1088 1376 1186 1453 posita
1209 1384 1252 1431 est
1269 1375 1343 1432 mibi
1360 1378 1610 1455 coronajustitioe.
1622 1409 1683 1454 pp·
1696 1424 1720 1454 v.
1737 1404 1762 1455 g,

893 1453 972 1511 Unus
986 1474 1048 1512 eum
1060 1467 1139 1526 esset,
1153 1453 1242 1510 omnia
1258 1452 1351 1528 siebat,
1368 1454 1516 1513 Dominum
1530 1476 1612 1516 suum

893 1531 1014 1592 imitans.
1026 1532 1134 1592 Etenim
1147 1532 1280 1590 Dominus
1290 1546 1378 1592 noster
1388 1554 1450 1592 curn
1464 1555 1535 1593 unus
1544 1549 1613 1595 esset

891 1611 1050 1684 substantia,
1059 1612 1086 1670 in
1100 1632 1191 1670 omnes
1205 1632 1234 1669 se
1247 1612 1346 1671 formas
1356 1614 1612 1689 commutabatQua

892 1689 925 1748 de
939 1711 1017 1749 causa
1032 1691 1060 1749 in
1074 1711 1165 1749 omnes
1177 1691 1296 1749 formas?
1312 1693 1427 1772 Propter
1440 1706 1559 1751 nostram
1568 1714 1608 1753 sa·

890 1767 983 1828 lutem.
1000 1771 1045 1828 Tu
1064 1770 1168 1850 palmes
1180 1771 1269 1841 suisti3
1284 1770 1332 1829 ille
1345 1771 1424 1829 radix
1437 1795 1443 1828 :
1457 1792 1530 1846 nam,
1545 1775 1610 1864 Ego
1620 1815 1681 1858 ,Μ
1697 1810 1750 1860 ,55

890 1865 953 1906 sum
976 1853 1062 1920 vitis,
1081 1870 1137 1907 uos
1155 1851 1304 1927 palmites.
1330 1850 1462 1929 Progredi
1478 1851 1607 1926 voluisu3
1684 1844 1691 1857 ⁹
1727 1844 1762 1860 ”

889 1927 976 1987 sactus
995 1928 1097 1986 esttibi
1112 1927 1246 1988 ria:Per
1265 1949 1312 1986 me
1333 1933 1359 1987 si
1379 1935 1446 2008 quis
1465 1933 1610 1991 introierit
1619 1969 1690 2012 roan.
1706 1979 1759 2028 109·

888 2019 918 2065 et
929 2012 1042 2078 exierit,
1077 2027 1166 2066 asena
1176 2011 1315 2066 inveniet.
1328 2008 1397 2067 Ovis
1410 2009 1496 2068 iactus
1509 2030 1550 2067 es:
1563 2009 1610 2069 itte

887 2086 973 2145 sactus
984 2029 1083 2146 esttibi
1093 2089 1356 2167 pastorzEgoenim
1369 2108 1432 2147 sum
1463 2101 1545 2147 astur
1554 2092 1608 2148 bo·
1619 2123 1691 2168 leae.
1708 2104 1745 2169 m'.

890 2187 944 2224 nus
953 2190 960 2222 :
970 2169 1062 2225 bonus
1069 2179 1172 2244 pastor
1179 2171 1312 2224 animam
1326 2187 1408 2225 suam
1465 2181 1475 2226 t
1483 2189 1537 2247 pro
1548 2173 1609 2228 ori·
1623 2198 1660 2234 ιι.

893 2247 945 2305 bus
967 2249 1037 2303 suis.
1054 2246 1181 2303 Peccator
1203 2246 1277 2307 suisti
1288 2268 1296 2320 3
1316 2245 1363 2303 ille
1384 2247 1471 2306 sactus
1493 2262 1534 2306 est
1556 2247 1610 2308 tibi

891 2324 997 2404 Agnus
1010 2327 1078 2395 Dei,
1086 2329 1137 2404 qui
1147 2324 1224 2382 tollit
1233 2338 1385 2405 peccatum
1395 2328 1506 2385 mundi.
1515 2328 1609 2386 Come·
1618 2366 1705 2413 pm
1720 2377 1751 2426 ,9

890 2401 954 2462 dere
969 2403 1078 2463 voluisti
1084 2427 1094 2481 3
1111 2404 1156 2462 ille
1170 2404 1257 2463 sactus
1269 2417 1308 2463 est
1324 2404 1375 2462 tibi
1392 2426 1494 2464 mensa.
1511 2406 1610 2466 Bibere
1712 2399 1717 2410 ⁸
1754 2397 1760 2410 ⁸

892 2482 1115 2542 voluistiisactus
1125 2496 1165 2542 est
1176 2483 1226 2541 tibi
1235 2482 1438 2563 proculquui
1448 2487 1609 2545 manducat
1618 2516 1758 2579 pmfipp
1778 2488 1787 2500 “

892 2583 988 2622 meam
1001 2584 1130 2634 carnem,
1141 2575 1170 2620 et
1188 2565 1260 2621 bibit
1273 2584 1367 2622 meum
1381 2568 1564 2644 sanguinem,
1576 2569 1609 2624 in

892 2663 938 2700 me
947 2656 1057 2714 manet,
1067 2656 1093 2701 et
1106 2663 1157 2722 ego
1171 2645 1203 2700 in
1213 2664 1255 2701 eo.
1264 2642 1413 2702 Induerete
1422 2644 1532 2704 voluisti
1540 2667 1550 2722 ;
1562 2644 1609 2705 ille

890 2722 978 2781 factus
991 2737 1031 2781 est
1044 2722 1095 2780 tibi
1110 2721 1314 2781 indumentum:
1331 2725 1478 2804 Quotquot
1491 2724 1563 2783 enim
1577 2729 1609 2783 in
1620 2762 1675 2807 cat.
1684 2760 1709 2809 3·
1718 2771 1759 2818 ²⁷·

893 2802 1001 2860 Christi
1024 2804 1167 2881 baptizati
1188 2808 1267 2871 estis,
1294 2805 1443 2862 Christum
1464 2805 1607 2864 induistis.

891 2881 996 2960 Sponsa
1006 2902 1061 2940 esse
1075 2879 1202 2956 voluisti;
1217 2881 1263 2940 ille
1272 2882 1349 2942 suits
1387 2904 1468 2942 usus:
1483 2885 1541 2962 Qui
1550 2885 1607 2942 bn·
1618 2921 1706 2968 pm
1720 2932 1759 2980 ²⁹·

893 2963 939 3018 bet
955 2981 1104 3040 sponsam,
1120 2978 1242 3040 sponsus
1259 2966 1334 3039 est.[
1368 2962 1466 3040 ubere]
1480 2962 1607 3041 voluisti3
1671 3020 1675 3028 ,
1710 2954 1717 2970 ’

891 3040 978 3098 iactus
999 3055 1039 3099 cst
1058 3040 1108 3100 tibi
1131 3041 1355 3121 vir:Despondi
1373 3047 1451 3100 enim
1475 3062 1530 3101 vos
1555 3046 1643 3122 ᾱιιί,ι
1655 3076 1710 3123 cor.
1722 3089 1758 3122 Η,

891 3124 959 3178 uiro
971 3123 1116 3201 virginem
1131 3132 1243 3179 castam
1257 3123 1392 3180 exhibere
1406 3123 1532 3181 Christo.
1547 3122 1606 3182 bie·
1617 3152 1642 3185 α.

891 3199 977 3258 retrix
986 3220 1055 3276 eras,
1068 3213 1094 3258 et
1103 3200 1171 3259 lacta
1184 3221 1212 3258 es
1226 3199 1313 3279 virgo.
1330 3201 1354 3258 0
1369 3222 1410 3260 res
1424 3221 1508 3260 novas
1519 3214 1546 3260 et
1558 3199 1609 3261 ad-

891 3276 1044 3339 mirandas!
1061 3278 1143 3360 Apud
1157 3280 1296 3338 saculares
1307 3279 1408 3361 nuptia
1422 3279 1609 3359 virginitatem

891 3359 1000 3420 solvunt
1006 3383 1016 3437 3
1028 3359 1054 3416 in
1064 3359 1251 3440 spiritualibus
1258 3373 1348 3418 autem
1358 3361 1524 3419 meretricem
1533 3381 1609 3420 acce·

911 3438 943 3510 it,
958 3452 986 3496 et
1006 3437 1111 3515 virgine
1133 3439 1273 3496 castiorem
1291 3438 1363 3496 iecit.
1386 3440 1575 3519 Interpretare,
1590 3461 1608 3498 ο

891 3459 1167 3606 lacedaemonum
1180 3515 1308 3574 meretrix
1321 3516 1389 3575 lacta
1403 3517 1439 3575 sit
1452 3517 1540 3596 virgo.
1551 3519 1608 3576 Cu-

891 3595 962 3653 riosc
974 3594 1111 3673 inquirere
1125 3616 1176 3653 non
1186 3594 1275 3670 valeo;
1288 3594 1333 3653 sed
1344 3595 1398 3656 side
1405 3594 1535 3670 detineor.
1544 3595 1608 3656 Haec

891 3687 981 3733 autem
989 3675 1078 3733 omnia
1091 3674 1209 3754 Spiritus
1217 3674 1300 3732 saneti
1310 3675 1395 3754 gratia
1406 3676 1502 3734 effecit.
1512 3675 1608 3736 Effusa

890 3767 929 3812 est
941 3755 1038 3833 gratia,
1047 3755 1088 3812 Et
1099 3766 1296 3836 apparuerunt
1307 3756 1368 3814 illis
1379 3757 1425 3814 dis
1444 3759 1537 3815 ertitae
1550 3757 1608 3814 lin·
1618 3799 1664 3844 Aa
1683 3810 1697 3843 Ι
1719 3797 1733 3846 ,

889 3853 954 3913 guoe
966 3847 1117 3925 tamquam
1127 3837 1283 3915 ignis,·non
1293 3780 1443 3914 ignimwi
1445 3839 1608 3919 Tamquam
1667 3830 1672 3842 ’
1701 3831 1705 3841 ’
1737 3828 1743 3842 ’

890 3917 974 3993 ignis.
985 3915 1015 3973 Si
1032 3914 1111 3992 ignis,
1124 3910 1259 3992 quomodo
1271 3935 1323 3973 non
1335 3914 1609 3976 ardebantiinterro-

891 4006 937 4072 gat
950 3993 1072 4054 Judaeus.
1092 3993 1128 4052 Et
1143 4015 1191 4073 ego
1204 3994 1326 4053 vicissim
1344 3995 1469 4056 Judaeum
1488 3995 1607 4056 interro-

891 4073 971 4152 gabo,
988 4073 1132 4147 Quomodo
1156 4095 1209 4133 non
1229 4074 1404 4134 comburebat
1424 4075 1432 4133 i
1454 4075 1494 4135 nis
1507 4075 1609 4137 rubum

891 4153 1081 4211 combustibile
1094 4153 1221 4232 lignum?
1233 4153 1309 4228 Quid
1328 4154 1391 4233 igne
1405 4097 1610 4214 veliementius?

890 4230 957 4310 quid
971 4233 1040 4291 rubo
1054 4232 1155 4293 vilius?
1170 4247 1195 4293 et
1216 4255 1302 4311 neque
1314 4232 1417 4312 lignum
1432 4234 1608 4311 exurebatur,

891 4311 1055 4391 ncqueignis
1063 4312 1293 4392 exstinguebatur.
1303 4315 1341 4369 Ac
1353 4334 1462 4371 rursum
1474 4311 1609 4390 quomodo

891 4411 1003 4472 corpora
1022 4393 1104 4451 trium
1117 4412 1264 4472 puerorum
1277 4391 1347 4469 ignis
1361 4413 1412 4450 non
1427 4391 1530 4450 exussit
1535 4414 1544 4469 3
1560 4391 1609 4452 sed

891 4471 986 4530 fornax
996 4471 1023 4529 in
1038 4490 1126 4530 mrem
1138 4491 1215 4530 versa
1229 4483 1279 4547 est,
1292 4485 1318 4529 et
1329 4472 1457 4531 carbones
1470 4485 1609 4550 tamquam

891 4570 966 4611 rosas
989 4550 1143 4610 habebant?
1164 4549 1305 4608 Certamen
1329 4564 1385 4609 erat
1410 4551 1417 4608 i
1440 4551 1481 4609 nis
1503 4565 1529 4611 et
1548 4571 1608 4610 cor·

891 4650 1002 4709 porum3
1022 4652 1053 4688 ac
1066 4650 1178 4709 corpora
1200 4629 1343 4689 victoriam
1367 4571 1515 4690 retulerunt
1528 4651 1616 4698 :nam

1623 1179 1711 1241 apte.
1725 1177 1762 1243 14.

1642 960 1712 1019 pleb·
1727 974 1763 1006 12.
1817 1008 1827 1025 ⁶

145 4701 176 4760 rb
218 4709 300 4781 νεῦμα
311 4705 342 4764 τὸ
352 4706 440 4784 ἅγιονς
455 4707 507 4766 nit
520 4708 551 4767 τὸ
561 4709 654 4791 γοργὸν
665 4713 713 4779 τῆς
723 4710 838 4778 διανοίας
855 4723 873 4770 Β
891 4730 950 4786 quae
973 4730 1032 4781 cera
1053 4708 1178 4767 molliora
1195 4721 1281 4785 erant,
1296 4709 1366 4766 ferro
1381 4708 1502 4768 firmiora
1514 4731 1608 4770 evase·

144 4781 300 4860 δεχομένων.
326 4786 366 4843 Οὐ
388 4785 432 4844 διὰ
452 4792 529 4846 τοῦτο
552 4787 580 4846 δὲ
603 4789 691 4866 μόνον,
709 4788 777 4848 ἀλλὰ
791 4790 837 4849 καί
892 4801 964 4848 runt.
977 4789 1154 4868 interpretare
1168 4787 1237 4846 mihi
1251 4801 1339 4846 vetera
1351 4812 1357 4845 :
1368 4808 1464 4846 verum
1475 4787 1522 4846 illa
1537 4809 1608 4869 prae·

144 4862 195 4939 ρτὸ
205 4868 257 4940 πῦρ
267 4862 314 4929 τὰς
324 4862 439 4932 ἀκάνθας
449 4866 675 4938 ἀναλίσκει,ούτιο
687 4869 717 4927 τὸ
727 4870 837 4968 Πνεῦμα
891 4882 1036 4942 cesserunt,
1056 4881 1086 4926 ut
1105 4867 1258 4926 crederetur
1277 4866 1395 4929 veritati.
1417 4868 1473 4926 Cur
1495 4867 1524 4926 in
1547 4868 1609 4946 igne

144 4941 296 5017 ιαρτήματα
311 4943 424 5023 δαπανᾷ.
438 4944 588 5018 ’tissimus
605 4947 704 5026 θύμος
718 4950 755 5015 είς
769 4949 838 5006 λακ-
891 4947 1010 5027 Spiritus
1024 4947 1154 5006 sanctus?
1176 4947 1221 5006 Ob
1236 4946 1385 5025 agilitatem
1398 4946 1496 5005 mentis
1517 4966 1610 5006 eomun

144 5019 187 5077 καί
202 5018 261 5086 τοῦς
274 5020 382 5090 λέοντας
402 5022 529 5103 ἐρίμωαε.
555 5028 704 5105 Περιῆλθον
718 5031 742 5087 oi
756 5029 838 5094 ἁλιεῖς
891 5026 938 5103 qui
956 5025 1045 5106 ipsum
1059 5038 1241 5107 susceperunt.
1258 5028 1351 5104 Neque
1363 5026 1400 5086 ob
1412 5026 1465 5085 hoc
1481 5039 1607 5104 tantum;

145 5187 185 5227 ost
196 5184 236 5230 τοῦ
247 5184 297 5231 θεοῦ
308 5177 360 5230 baec
372 5177 510 5233 desiderari
520 5181 624 5235 omnino
635 5182 761 5250 ridentur,
773 5189 827 5242 nob-
882 5199 894 5226 ε
910 5170 961 5237 Βία
978 5183 1082 5236 additur
1101 5186 1127 5237 in
1144 5185 1224 5236 veteri
1241 5184 1355 5238 versione
1370 5200 1377 5234 ι
1394 5183 1460 5235 Hoec
1477 5193 1502 5235 te
1516 5187 1611 5239 nescim

144 5267 164 5307 ιν
177 5256 395 5327 adfirmem-siit
433 5294 439 5302 ·
851 5264 922 5329 dicis,
934 5275 958 5315 et
967 5263 1096 5331 disputare
1114 5263 1146 5314 de
1158 5263 1215 5314 Deo
1232 5262 1327 5315 audaci
1344 5260 1482 5313 temeritate
1498 5264 1612 5327 σοιειῆες
1657 5270 1662 5283 ·

144 5331 317 5403 {mingendum
330 5333 429 5388 videtur
443 5346 552 5400 ὴθεληεκς
563 5350 652 5408 γαμετὴ
665 5350 774 5409 γενέσθαι.
1348 5403 1352 5413 ,
1421 5336 1464 5474 ’61

206 5421 277 5459 rom.
300 5423 349 5466 ιιι.
1577 5468 1588 5479 .
