3764 5992
472 470 517 541 oo
541 487 669 543 cernitu
695 489 838 541 seuero.
1355 494 1429 568 979

136 613 202 683 »llo
212 613 293 692 νόριον
307 614 396 674 λαλεῖν
410 616 491 677 ἔστιν.
502 617 595 686 Οίλεονς
608 608 652 678 οὖν
707 624 768 676 nem
788 631 816 676 et
843 631 897 677 nou
926 616 1055 693 loquisttts
1080 624 1120 675 'est
1140 627 1175 674 et
1203 614 1301 697 seipso,
1323 615 1370 675 sed
1391 638 1427 676 cx

136 702 176 753 εῖν.
188 692 275 753 Ὅταν
285 693 342 772 ίδῃς
352 694 497 775 αίρετιιιοίις
509 697 653 774 Ἀριστοτε·
708 695 856 777 prophetis.¹
883 696 973 775 Igitur
994 697 1058 773 'quio
1076 694 1117 753 illi
1146 694 1269 773 quiante
1285 696 1425 755 Christum

136 772 311 848 Πλατωνοιδι,
323 773 395 848 εἰπὲ,
411 779 486 851 ἡμεῖς
500 779 546 856 ἀφ’
555 780 654 837 ἑαυτῶν
708 784 850 851 nesciunt,
874 775 902 834 iu
921 774 1028 833 oomioe
1047 773 1148 833 Christi
1154 795 1213 841 uon
1233 788 1296 835 sunt
1308 776 1425 854 loquuti,

136 878 147 911 ι
167 851 318 931 ἠκούσαμεν
337 853 411 933 παρὰ
425 854 553 935 Χριστοῦ,
570 863 655 917 ταῦτα
709 875 794 933 noque
807 876 842 914 ex
858 854 927 935 lege,
939 871 1025 934 neque
1036 871 1073 913 ex
1085 853 1238 935 prophetis,
1254 854 1302 914 sed
1315 877 1350 915 ex
1362 876 1426 952 pro*-

136 931 212 991 miheu
222 938 307 1002 τοῦτο,
316 932 357 992 δτι
369 938 383 993 6
394 936 439 1013 ἀφ’
454 937 547 993 ἑαυτοῦ
555 937 654 1010 λαλῶν,
672 972 675 983 -
708 935 769 1015 pria
780 936 924 1011 sementia,
938 954 1039 993 errores
1051 933 1157 1012 loquuti
1178 946 1258 993 sunt:
1272 934 1339 994 dicit
1360 935 1424 997 sal-

136 1013 200 1084 ιτὶν,
214 1011 274 1084 ἣτδ
287 1013 375 1072 λαλεῖν
391 1014 435 1092 ἀφ’
451 1015 544 1072 ἑαυτοῦ
557 1016 654 1094 ψευδο·
709 1028 788 1073 vator
802 1037 809 1070 ι
822 1017 887 1094 Ego
902 1036 921 1073 α
938 1019 1047 1093 meipso
1064 1033 1123 1072 uon
1137 1013 1258 1093 loquor,
1273 1018 1349 1073 sicut
1366 1015 1422 1074 illi.
1434 1028 1504 1071 unm.
1524 1028 1562 1082 ιη.

136 1092 240 1172 ,ηρίζιη
253 1091 334 1172 Λέγει
344 1097 358 1152 6
369 1092 508 1173 προφήτης
517 1094 654 1166 Ἰεζεοιιήλ
709 1094 732 1150 Α
746 1092 833 1173 seipso
845 1093 917 1152 cuim
931 1093 1015 1172 loqui,
1028 1106 1105 1152 extra
1118 1091 1204 1171 legem
1218 1092 1291 1172 loqui
1313 1108 1361 1152 est.
1379 1095 1426 1155 Sic
1438 1102 1474 1136 ¹⁰·

137 1171 208 1250 ύριος
231 1173 275 1229 ἐπὶ
288 1170 348 1238 τοδς
361 1171 497 1252 προφήτας
514 1172 573 1241 τοδς
586 1175 655 1243 πλα-
710 1170 794 1249 igitur
809 1186 913 1254 oportet
922 1173 1004 1232 etiam
1014 1193 1062 1231 nos
1071 1172 1157 1250 loqui.
1178 1173 1248 1230 Cum
1259 1172 1427 1233 viderishae·

160 1273 227 1328 μου,
247 1254 295 1309 οὐκ
316 1249 459 1311 ἀπέστειλα
482 1250 588 1318 αὐτούς·
610 1254 656 1334 ἀφ’
711 1251 807 1310 reticos
831 1252 1001 1311 Aristotelico
1015 1252 1059 1310 vel
1077 1250 1214 1310 Platonica
1234 1272 1351 1328 movere,
1372 1252 1427 1327 di'c,

136 1322 202 1397 ,καὶ
215 1329 423 1410 ἐκτῆςιιαρδίας
435 1333 520 1390 αὐτῶν
534 1330 657 1412 φθέγγον-
711 1331 767 1389 Nos
791 1351 807 1388 a
829 1330 917 1392 nohis'
938 1331 975 1391 sis
1007 1350 1060 1391 uon
1089 1330 1429 1411 loquimur:quecumqoe

136 1413 145 1468 l
166 1410 380 1491 ψευδοπροφῆται
403 1412 447 1490 ἀφ’
471 1413 572 1468 ἑαυτῶν
592 1412 657 1485 ἐκή-
711 1408 895 1470 ειιιίίνὶευυσο
969 1410 1028 1486 isto,
1053 1409 1111 1469 hec
1131 1410 1278 1488 loquimur.
1304 1411 1338 1470 Et
1358 1411 1430 1471 uude

136 1489 337 1567 ράποδοόμινος
352 1488 400 1562 τήν
413 1489 553 1563 ὑπόνοιαν,
565 1491 656 1570 λέγει·
712 1488 773 1564 hoc,
788 1489 863 1568 quod
882 1488 906 1549 is
922 1489 970 1568 qui
985 1510 1001 1548 ν
1014 1489 1102 1570 seipso
1117 1489 1247 1567 loquitur,
1262 1491 1429 1572 pseudopro·

136 1572 188 1627 ῦοῦ
199 1571 282 1628 λαλῶ.
293 1568 378 1628 Πόθεν
388 1569 550 1638 ταῦταδτιδ
561 1570 658 1652 Σωτήρ
712 1567 795 1648 pheta
817 1569 872 1643 sit,
889 1569 933 1628 vel
952 1568 1027 1647 lo'qui
1037 1590 1055 1627 ει
1068 1568 1155 1649 seipso
1168 1568 1429 1654 pseudoprophetam

136 1672 144 1720 ς
165 1650 252 1708 Τοῦτο
271 1652 375 1727 πρῶτον
394 1648 545 1734 στήσωμεν.
563 1649 657 1730 Ἐντῇ
713 1647 793 1707 nohis
804 1646 929 1708 iudicet?
942 1646 1017 1707 Dicit
1045 1647 1167 1709 Ezechiel
1189 1648 1320 1729 propheto
1336 1672 1343 1707 :
1357 1652 1430 1708 Viuo
1441 1652 1525 1712 suci.
1543 1649 1579 1712 ιλ.

136 1725 221 1804 εηγίας
238 1727 268 1796 ἐζ
286 1728 384 1785 τουνοί
398 1726 473 1806 ὄχλοι
486 1726 530 1785 τὸν
544 1727 657 1802 Ἰησοῦν,
713 1733 776 1805 ego,
800 1728 873 1786 dicit
892 1729 1038 1786 Dominus
1060 1729 1102 1785 ad
1112 1730 1269 1808 prophetes
1279 1733 1334 1809 qui
1346 1731 1430 1790 serlu-
1440 1731 1465 1777 3.
1476 1730 1499 1775 ⁰·
1514 1742 1549 1773 ¹⁰·

136 1828 183 1879 ιτις
207 1805 259 1866 Καὶ
296 1830 309 1862 ι
331 1805 393 1886 περὶ
414 1807 493 1864 αὐτοῦ
512 1806 658 1887 διαφωνία·
714 1818 785 1863 eunt
795 1807 935 1887 populum
945 1826 1052 1883 meum,
1067 1824 1128 1864 non
1141 1811 1207 1866 misi
1219 1824 1285 1867 eos:
1298 1829 1318 1874 a
1330 1812 1431 1890 seipsis

136 1884 290 1951 atticiano·
307 1883 493 1965 ἄλλοιίλεγοι,
507 1884 579 1960 oo,
591 1886 660 1946 etit
678 1904 696 1951 Ε
715 1884 830 1964 loquuti
854 1898 934 1962 sunt,
957 1897 986 1944 et
1010 1903 1046 1943 ex
1069 1885 1156 1943 corde
1184 1906 1237 1946 suo
1258 1887 1429 1968 loquuntur.

143 1955 220 2031 Εἶδες
233 1967 290 2031 πῶς
303 1962 400 2031 πλάνος
411 1964 558 2038 ίινιενοήδης
571 1966 658 2025 Πάλιν
715 1962 833 2022 Proinde
853 1965 916 2042 quia
929 1962 1201 2045 pseudoprophetes
1213 1964 1307 2046 scipsis
1326 1965 1431 2046 predi*

136 2068 152 2101 ιι
166 2045 301 2112 τοῦΣιοτῆ
335 2043 411 2109 ςτὸν
432 2043 521 2124 ἅγιον,
539 2044 659 2125 λέγωσιν
716 2056 855 2116 casuum,
868 2043 1022 2103 Salvatora
1037 2043 1189 2124 suspicione
1201 2044 1252 2103 hoc
1268 2061 1297 2105 se
1315 2060 1433 2125 purgans

136 2122 235 2202 Ιιλοίτιρ
248 2147 255 2159 ·
269 2124 399 2199 (λιδαμεν,
415 2121 513 2209 Κόριι,
526 2121 567 2182 ὅτι
588 2117 659 2184 εἶπεν
715 2120 802 2181 dicit:
830 2123 895 2202 Ego
908 2143 928 2180 a
941 2126 1050 2203 meipso
1075 2143 1135 2181 non
1156 2123 1268 2204 loquor.
1289 2124 1369 2184 Uu'de
1382 2126 1434 2185 hoc

147 2202 186 2261 ἔτι
203 2204 270 2274 ζῶν,
285 2201 353 2279 μετὰ
397 2209 432 2270 εἰς
444 2202 659 2284 ήριέραςέγείρο·
794 2200 1434 2285 salvatoremdeceptoremess'esuspicatisunt?

136 2279 280 2360 ιίρηταιέίς
294 2280 324 2340 τδ
338 2224 430 2355 δείξαι,
443 2280 484 2339 δτι
497 2283 660 2349 πλάνοςέιο-
741 2279 906 2360 ocprimum
955 2301 1126 2362 ropouemus.
1139 2283 1170 2339 lu
1184 2282 1251 2341 sesto
1264 2285 1434 2364 Scenopegiae

153 2360 253 2428 πλάνος
274 2360 421 2436 ἐνομίζετο,
434 2361 515 2435 λέγει,
528 2361 601 2439 Ἐγὼ
614 2367 661 2423 ἀπ’
734 2359 870 2419 uaerebant
894 2373 941 2418 tur
1008 2362 1110 2435 lesum,
1129 2359 1265 2422 dicentes:
1291 2366 1347 2422 Uhr'
1367 2371 1512 2432 estium..
1531 2401 1553 2429 a.

136 2444 160 2511 l,
175 2441 234 2499 ἀλλ’
254 2439 307 2500 ἀπὸ
319 2441 416 2516 νόμαι,
430 2440 659 2521 ἀπδπροφητῶν,
715 2381 752 2497 λε
762 2453 818 2498 eret
831 2438 866 2499 dc
875 2438 1022 2500 eodiverss
1033 2460 1106 2516 νοις
1118 2440 1166 2499 alii
1184 2438 1321 2516 dicebant,
1335 2445 1434 2502 Bonus
1448 2463 1484 2494 ¹2·
1533 2420 1540 2445 l

136 2545 142 2577 ι
159 2526 205 2578 τοῦ
216 2519 331 2599 Πατρός.
349 2521 390 2579 Οὐ
406 2519 475 2579 κατὰ
489 2519 537 2592 τήν
549 2522 660 2594 δεότητα
716 2529 781 2577 est:
796 2517 844 2577 alii
857 2516 994 2592 dicebaut,
1005 2521 1085 2592 Non,
1098 2521 1152 2579 sed
1162 2521 1272 2581 seducit
1284 2522 1433 2612 populum.

141 2600 256 2679 Πατρὸς,
269 2601 297 2657 ἐν
306 2600 390 2678 νόμῳ,
400 2601 426 2658 ἐν
439 2600 597 2680 προφήταις.
609 2604 661 2662 Ἐκ
716 2596 819 2657 Vidisti
833 2598 969 2676 quomodo
985 2599 1013 2658 in
1032 2598 1213 2679 suspicionem
1237 2615 1341 2660 venerit
1353 2615 1383 2660 ut
1395 2622 1436 2660 se-

136 2679 208 2755 ικρδς
227 2681 303 2738 λαλεῖ
316 2681 353 2746 εἰς
368 2677 473 2737 ίιιλυσιν
487 2684 534 2751 τῆς
546 2681 660 2752 πλάνης.
715 2674 840 2753 doctor?
859 2679 926 2737 ltem
946 2691 1008 2759 post
1028 2692 1147 2737 sanctum
1161 2678 1310 2740 salvatoris
1323 2687 1436 2739 morteto

136 2761 162 2815 οῦ
183 2761 213 2816 οῦ
233 2759 321 2830 λαλῶ,
336 2759 395 2818 ἀλλ’
410 2754 459 2816 ὅσα
471 2757 573 2828 ήκουσα
587 2759 662 2843 παρὰ
715 2754 811 2815 dicum
820 2757 961 2839 pontifices
969 2758 1065 2817 Pilio:
1074 2758 1199 2836 Scimus,
1208 2758 1436 2834 Domine‚sedu·
1450 2771 1533 2816 iturus.
1548 2784 1587 2830 ²7·

136 2846 172 2902 εἰς
185 2837 229 2908 δὲ,
247 2835 297 2897 ὅσα
309 2837 440 2908 ἠκούσατε
453 2838 526 2917 παρὰ
543 2847 589 2900 τοῦ
604 2863 661 2900 οια-
715 2848 824 2897 ctorem
837 2837 924 2899 itum
940 2839 1039 2898 adhuc
1057 2841 1205 2899 viventem
1219 2840 1338 2908 elisisse,
1363 2841 1436 2900 Post
1446 2833 1486 2880 ⁶³·

136 2915 230 2975 αίίολου
246 2918 360 2976 λαλεῖτε.
377 2915 431 2976 Καὶ
443 2913 487 2975 ἵνα
506 2916 574 2998 δείξῃ
589 2919 630 2978 δτι
646 2924 707 2998 δω,
718 2928 775 2975 tres
787 2917 850 2977 dies
864 2937 1024 2997 resurgam.
1039 2916 1104 2975 Haec
1115 2915 1175 2977 ideo
1187 2916 1265 2995 dixi,
1280 2932 1310 2978 ut
1323 2918 1436 2981 demon·

136 2996 188 3073 ιλῇ,
199 2994 227 3053 o
240 3019 295 3054 τισι
305 2997 398 3076 ψεῦδος
411 2995 564 3076 ἐργάζεται,
575 2997 660 3079 λέγει·
680 3015 700 3060 Α
716 3007 831 3055 strarem
852 3018 916 3055 cum
929 2996 1056 3056 hobitum
1066 2995 1151 3056 luisse
1164 2997 1341 3058 seductorem.
1363 2998 1437 3070 Quia

136 3076 225 3148 εῦδος,
241 3077 271 3135 ἐκ
283 3078 335 3134 τῶν
356 3074 429 3134 ἰδίων
444 3076 528 3135 λαλεῖ.
543 3077 616 3158 ’eps
635 3076 662 3148 ἐξ
716 3074 802 3154 igitur
811 3075 935 3137 seductor
944 3075 1110 3152 hahitusest,
1121 3075 1187 3136 dicit
1199 3101 1206 3135 ι
1218 3081 1283 3159 Ego
1295 3100 1314 3137 π
1328 3081 1437 3158 meipso
1446 3094 1517 3140 toan.
1535 3094 1571 3148 rt.

136 3157 165 3228 ὖ,
182 3156 240 3215 ἀλλ’
255 3155 309 3213 dot
325 3158 482 3235 προφητῶν,
496 3158 550 3217 tut
565 3158 660 3236 νόμου·
716 3175 777 3213 non
789 3156 905 3237 loquor,
919 3157 972 3216 sed
981 3157 1018 3214 de
1038 3157 1110 3237 lege,
1129 3158 1166 3215 de
1176 3161 1335 3239 prophetis,
1354 3166 1435 3239 quse·
1450 3167 1487 3198 ¹⁰·

136 3259 141 3286 ι
167 3233 286 3307 ἀλήθεια.
313 3232 419 3315 Ὥσπερ
442 3223 487 3295 οὖν
517 3242 532 3297 6
564 3237 662 3323 θυτήρ
716 3238 956 3316 cumqueaudr'vi
969 3237 1182 3296 aPutretnou
1196 3237 1344 3298 secuudum
1364 3218 1514 3324 divi-{2¹⁸⁰'
1529 3217 1566 3264 ¹⁵·

136 3311 212 3372 lucsco
234 3314 280 3373 καί
303 3314 481 3392 ἀποδυόμενος
502 3316 550 3390 τήν
574 3318 661 3392 κακήν
716 3313 828 3375 nitatem
836 3315 962 3375 audiris
980 3315 1071 3391 Patre,
1086 3316 1115 3375 iu
1128 3316 1187 3396 lege
1205 3331 1231 3376 et
1245 3318 1274 3376 in
1287 3317 1435 3398 prophetis.

141 3392 214 3470 Ἐγὼ
236 3397 282 3453 ἀπ’
302 3396 418 3472 ἐμαυτοῦ
431 3397 460 3455 οὔ
473 3397 564 3472 λαλῶ,
577 3400 613 3464 ὡς
635 3403 660 3457 ot
716 3392 762 3453 Ex
772 3413 885 3474 ρεεοουο
896 3394 984 3453 carnis
998 3393 1128 3471 loquitur,
1145 3409 1177 3472 ut
1197 3396 1285 3455 solvat
1305 3416 1433 3454 errorem.

136 3471 221 3551 ίπερλ
235 3478 280 3532 τοῦ
297 3473 459 3550 Πνεῦματοςι
716 3474 782 3551 Ego
793 3494 814 3531 a
831 3477 940 3551 meipso
956 3493 1015 3531 non
1038 3472 1152 3552 loquor,
1179 3476 1232 3532 sed
1242 3487 1437 3555 quecumque

716 3551 819 3609 audivi
829 3572 848 3609 a
861 3553 963 3610 Putre.
978 3553 1034 3609 Vos
1042 3564 1141 3609 autem
1153 3572 1342 3634 quecumque
1352 3553 1436 3610 audi·
1445 3562 1585 3623 roumalt.

719 3631 800 3689 vistis
811 3650 831 3687 a
848 3642 934 3710 patre
947 3643 1046 3689 vestro
1071 3631 1203 3703 daubolo,
1220 3632 1384 3714 loquhuini.
1399 3630 1436 3690 Et

714 3720 748 3767 ut
754 3706 1079 3787 doustretdiaholum‚
1094 3710 1201 3787 quoodo
1214 3711 1240 3769 iu
1252 3711 1390 3789 aliquibus
1395 3709 1436 3770 lo·

714 3787 820 3865 quitur,
834 3787 1006 3848 mendacium
1022 3788 1136 3870 operosi,
1150 3788 1235 3849 dicit:
1251 3792 1377 3869 Quando
1392 3790 1434 3848 lo·
1447 3815 1508 3861 tois.

714 3870 819 3947 ‘quitur
830 3869 1025 3940 menducium,
1037 3889 1074 3926 ex
1083 3873 1209 3948 propriis
1216 3869 1355 3960 loquitur.
1370 3872 1435 3953 Ego

714 3947 1119 4116 succidisset
1124 3950 1349 4108 tttlthttl
1356 3949 1433 4110 ¹553:

716 4123 784 4242 psus
794 4127 823 4165 se
835 4126 852 4164 a
864 4106 1027 4188 suspicione,
1041 4105 1119 4184 dreit,
1143 4111 1209 4188 Ego
1219 4131 1239 4167 a
1253 4112 1362 4190 meipso
1373 4123 1433 4167 non

729 4203 830 4265 equor,
841 4185 912 4245 sicut
924 4185 1092 4268 deceptores:
1111 4186 1187 4247 sicet
1206 4186 1241 4247 de
1251 4189 1359 4270 Spiritu
1374 4207 1433 4248 sau·

383 4325 386 4332 ,
436 4320 440 4327 ,
583 4326 585 4330 ,
616 4277 617 4280 ’
712 4276 759 4323 cto
772 4263 928 4329 dicendum.

136 4366 153 4401 ιν
166 4349 234 4416 νοῦν,
252 4336 417 4424 παρακαλῶ,
430 4343 543 4424 ἔχοιμεν.
561 4337 660 4405 “Κατίι
757 4345 804 4404 10.
820 4344 962 4416 Caeterum,
972 4344 1148 4423 obsecro,hic
1163 4345 1285 4405 animum
1298 4349 1431 4412 adhibes-

140 4430 186 4482 τοῦ
198 4425 323 4502 Σωτῆρος
336 4422 472 4504 φαίνονται
485 4422 578 4485 πολλοί
592 4428 659 4505 dsc-
715 4443 784 4483 mus.
798 4424 954 4485 Secundum
973 4422 1078 4483 dictum
1090 4423 1239 4485 Salvatoris
1253 4427 1333 4488 multi
1350 4453 1384 4512 op
1404 4453 1434 4490 a·

136 4503 323 4583 ιδοπροφῆται·
335 4505 380 4562 καί
391 4503 479 4582 ἔλεγεν
491 4505 595 4574 δδεῑνα,
607 4504 659 4578 ἐγώ
715 4517 773 4562 rent
794 4502 1035 4584 pseudoprophete
1046 4518 1073 4562 et
1094 4505 1303 4585 pseudochristi,
1323 4524 1350 4568 ct
1366 4509 1434 4570 dreit

136 4582 180 4660 hd
192 4585 258 4659 είμι,
271 4580 357 4650 καθὼς
367 4583 524 4664 γέγραπται,
537 4583 579 4644 ὅτι
589 4585 658 4643 Πολ·
715 4581 836 4661 quidam,
847 4582 905 4662 Ego
914 4604 990 4641 sum:
1003 4595 1028 4641 et
1038 4582 1117 4655 alius,
1130 4583 1189 4664 Ego
1201 4606 1273 4662 sum,
1288 4587 1357 4649 sicut
1366 4590 1435 4648 scri-

136 4661 201 4740 λτῷ
211 4661 322 4738 ὀνόματί
333 4661 590 4743 μοο,λε’γοντες,ἒ’γοί
603 4665 660 4741 εἶμι
714 4677 794 4742 ptum
805 4675 854 4739 est,
869 4663 962 4722 Multi
974 4666 1096 4722 venient
1110 4667 1143 4721 io
1158 4669 1277 4724 nomine
1301 4690 1376 4746 mco,
1390 4672 1434 4728 di-
1443 4691 1499 4735 Luc.
1510 4692 1547 4737 ει,
1557 4689 1581 4736 s,

136 4739 230 4818 ολλοίις
241 4742 438 4814 πλανήσουσιν·
452 4742 522 4801 ἀλλὰ
536 4742 573 4821 ριή
584 4743 658 4801 πλα-
713 4739 832 4801 centes.-
852 4745 917 4823 Ego
942 4762 1006 4802 sum
1017 4739 1163 4819 Christus,
1178 4742 1212 4803 σε’
1224 4747 1332 4808 multos
1351 4749 1434 4808 sedu-

137 4820 290 4892 νῦττενοήδη
302 4819 333 4878 rh
345 4821 429 4897 διορια
441 4827 487 4880 τοῦ
496 4823 611 4901 Χριστοῦ
623 4825 659 4889 είς
714 4827 803 4896 εστιν,Ι
813 4822 867 4880 sed
876 4822 1109 4880 neseducamiui.
1118 4821 1196 4883 Sicut
1206 4824 1291 4904 igitur
1299 4823 1375 4887 erent
1383 4828 1432 4907 qui

138 4919 189 4965 τως
205 4898 428 4975 ἔμελλονπσλλολ
448 4899 658 4981 σχηματίζεσθαι
714 4900 922 4981 suspicabantur
953 4900 1053 4960 Christi
1085 4920 1219 4962 nomena
1245 4903 1432 4987 deceptoribus

136 5001 186 5052 ιον,
201 4977 216 5038 δ
241 4979 279 5055 μὴ
300 4968 387 5059 εἶχον,
400 4978 446 5038 καί
467 4981 566 5040 λαλεῖν.
587 4979 658 5040 Ἀλλ’
675 4994 695 5043 o
715 4980 851 5060 usurpari,
865 4980 905 5040 sic
919 4991 946 5040 et
959 4980 1037 5039 multi
1048 4980 1202 5042 simulaturi
1214 4992 1289 5044 crant
1303 5007 1332 5045 se
1349 4986 1431 5046 hehe·-

136 5080 178 5125 τος
189 5056 327 5138 ἐφαίνετο,
340 5059 385 5117 καί
402 5057 505 5138 ἔλεγεν,
516 5057 659 5139 ίγιίιείμιδ
714 5059 891 5142 cespititium
907 5070 1032 5121 ’σαυοευια
1055 5082 1137 5141 quem
1164 5083 1218 5123 uon
1237 5064 1380 5145 halterent,
1404 5075 1432 5128 'et

150 5219 210 5264 ιιιε
224 5217 268 5277 μιν
284 5218 312 5265 τι
329 5217 407 5281 μορυς.
420 5207 471 5262 Seu
489 5208 542 5261 hoe
560 5211 648 5263 ᾱοπυ-
671 5202 765 5285 φησι]

136 5287 210 5340 salio
220 5286 300 5339 modo
312 5287 397 5357 legisse
409 5288 517 5344 videtur.
525 5289 608 5357 [Fort.
619 5301 646 5346 εδ
