3764 5992
1680 443 1698 482 ρ

647 460 690 507 DE
715 460 837 508 Gnoutt
866 463 897 508 tu
926 462 1234 510 Ttttsstjtat'toato'ss'.
1633 472 1698 539 ly)

168 584 294 642 ἐπέστειλε
307 582 351 643 τὸν
367 586 506 664 Meso-peti]
517 584 585 665 ὑπὲρ
599 591 646 659 τῆς
660 585 792 664 σωτηρίας
807 590 852 658 τῆς
866 590 930 662 ipu-
984 587 1104 665 sustulit,
1120 587 1266 647 inferorum
1288 603 1379 671 portas
1391 589 1529 670 confregit,
1543 590 1700 671 paradisum

167 674 363 756 τέραηῶςρησε
381 675 427 736 διδ
445 683 492 736 τοῦ
509 678 662 759 προφήτου·
676 677 859 763 unificum,
874 677 930 739 οὐδὲ
984 678 1101 758 aperuit,
1127 701 1178 738 non
1201 679 1336 759 angelum,
1359 701 1410 740 non
1432 680 1632 761 archangelum,
1654 681 1701 742 sed

170 767 281 844 ἅγγελος,
292 768 352 826 ἀλλ’
368 767 473 834 αὐτδςδ
486 767 583 851 Κύριος
596 771 691 831 ἔσωσεν
705 775 786 849 ἡμᾶς.
800 773 894 832 Ταῦτα
903 775 932 831 οὐ
985 768 1075 848 ipsum
1087 769 1264 850 Unigenitum
1277 792 1326 852 pro
1336 772 1421 831 salute
1432 786 1521 832 nostra
1536 772 1620 851 misit,
1630 771 1700 831 sicut

171 858 259 937 μορίων
270 861 409 941 στεφάνων
434 862 623 943 λαμπρότεραγ
641 865 681 923 tu
703 864 877 944 ἠγάσθημεν,
891 864 932 926 ὅτι
984 882 1033 942 per
1046 862 1205 942 proplietam
1216 863 1312 941 inquit,
1321 866 1389 922 Non
1401 866 1523 944 legatus,
1536 887 1629 946 neque
1641 887 1699 924 art·
1712 875 1769 923 1εωὶ
1779 873 1851 936 63η,

171 951 349 1030 §animumn
356 977 366 1028 3
390 954 433 1015 ότι
453 955 496 1014 διδ
511 960 643 1030 πίστεωςγ
666 954 706 1016 ότι
718 961 765 1016 τοῦ
780 963 933 1037 μονογενοῦς
982 955 1077 1034 gelos,
1086 955 1138 1014 sed
1147 957 1207 1035 ipse
1217 957 1362 1016 Dominus
1371 958 1470 1017 salros
1481 959 1625 1039 nossecit.
1636 957 1701 1018 Haec

179 1043 200 1103 Γ
194 1047 225 1100 τοῦ
242 1049 286 1102 τοῦ
308 1046 381 1105 Θεοῦ
395 1044 423 1114 ἐξ
444 1048 564 1127 οὐρανῶν
577 1046 746 1116 κατελθόντος
759 1048 824 1128 ὑπὲρ
839 1054 931 1128 tipum
949 1059 968 1105 t)
985 1066 1073 1104 nonne
1083 1047 1214 1107 sexcentis
1228 1047 1410 1128 splendidiora
1422 1050 1617 1109 suatcoronis?
1627 1050 1701 1131 qued

177 1133 205 1194 ίτι
223 1142 265 1195 τοῦ
287 1137 395 1216 Πατρός
416 1137 461 1197 τόν
486 1138 623 1215 ἀγαπητόν
650 1142 728 1198 αὐτοῦ
744 1141 885 1208 δεδωκότος
900 1143 933 1200 δι’
984 1137 1145 1197 sanctificati
1169 1139 1285 1198 sumus?
1299 1140 1372 1217 qnod
1388 1139 1552 1221 justificati?
1566 1139 1639 1221 qnod
1653 1164 1701 1222 ρει

175 1227 292 1302 όμᾶςγθτι
302 1230 417 1306 Πνεῦμα
430 1230 505 1308 άγιον
516 1229 676 1308 ἓδεξάμεθας
691 1230 732 1290 ότι
744 1235 801 1311 μετ’
814 1233 934 1302 εὐκολίας

177 1319 279 1391 ίτίαηςς
286 1321 327 1379 δτι
338 1320 451 1402 χάριτος
460 1321 561 1402 cipriano
568 1321 614 1382 καὶ
625 1323 724 1405 δωρεᾶς
731 1325 932 1405 ἀπελαύσαμενς

177 1411 253 1468 Ταῦτα
259 1410 347 1471 τοίνυν
361 1412 456 1488 εἰπὼν,
470 1412 516 1472 καί
528 1412 572 1473 διδ
583 1418 683 1495 μικρῶν
691 1415 817 1495 ῥημάτων
828 1417 932 1478 ἅπαντα

178 1500 295 1575 δελεάσας,
311 1504 395 1563 πάλιν
409 1508 446 1572 εἰς
459 1504 508 1577 τὴν
525 1504 622 1564 ἐλπίδα
631 1506 675 1565 τδν
691 1505 768 1585 λόγον
779 1507 930 1570 κατέλυσεν.

113 1612 115 1641 i
177 1593 251 1653 [telio
275 1594 340 1678 γδρ,
364 1597 558 1666 Δικαιωθὲντες
571 1589 616 1657 οῦν
629 1600 660 1657 ίκ
675 1597 803 1671 πίστεως,
827 1600 933 1680 εἰρήνην

176 1685 252 1767 ἔγαμεν
272 1688 340 1770 πρδς
362 1690 408 1749 τὸν
422 1690 492 1751 Θεδν
517 1689 562 1749 διδ
573 1698 618 1751 τοῦ
641 1691 738 1772 Κυρίου
754 1697 831 1772 ἡμῶν
845 1695 933 1766 Ἰησοῦ

176 1779 282 1858 Χριστοῦ,
304 1781 340 1839 δι’
366 1771 398 1842 oi
421 1781 466 1840 καί
479 1781 526 1856 τὴν
541 1783 717 1865 προσαγωγὴν
734 1783 885 1865 ἐσχήκαμεν
900 1791 932 1868 τῇ

986 1230 1089 1290 fidem?
1103 1230 1176 1310 quod
1191 1232 1326 1310 unigenito
1340 1233 1391 1291 Dei
1405 1233 1475 1292 Filio
1488 1256 1537 1316 pro
1559 1234 1636 1294 nobis
1647 1232 1699 1294 de-

985 1323 1148 1383 scendente?
1162 1323 1235 1402 quod
1249 1326 1328 1383 Patre
1344 1324 1445 1384 Filium
1471 1348 1550 1386 suurn
1579 1326 1699 1387 dilectis·

987 1415 1086 1475 simum
1111 1429 1219 1497 propter
1243 1439 1290 1475 nes
1316 1416 1459 1476 tradente?
1473 1417 1546 1496 qnod
1568 1418 1702 1500 Spiritum

986 1523 1107 1569 sanctum
1119 1508 1288 1589 accepimus?
1303 1509 1377 1588 quod
1392 1510 1540 1569 cumomni
1555 1510 1702 1570 facilitate?

986 1600 1061 1681 quod
1071 1599 1178 1681 copiosa
1193 1600 1278 1682 gratia
1290 1601 1413 1679 donoque
1433 1601 1511 1683 potiti
1526 1602 1640 1661 sumus?
1653 1600 1703 1663 llis

987 1693 1078 1772 itaque
1090 1692 1170 1752 dictis
1185 1706 1210 1751 et
1226 1714 1286 1751 etim
1300 1691 1393 1775 paucis
1407 1691 1496 1752 verbis
1511 1692 1600 1752 omnia
1614 1691 1702 1752 decla-

987 1799 1081 1862 rasset,
1095 1807 1191 1845 rursus
1205 1784 1456 1844 commemoratione
1471 1784 1528 1866 spei
1541 1805 1701 1858 sermonem,

175 1868 245 1929 πίστει
262 1873 300 1939 εἰς
320 1871 371 1944 την
389 1873 470 1954 χάριν
483 1871 593 1946 ταύτην,
610 1865 843 1954 ἐνῇίστήκαμεν,
866 1878 932 1951 ἕπτ’,-
986 1877 1086 1939 finivit.
1097 1870 1251 1937 Cumenim
1265 1873 1558 1958 dixisset,Justificati
1567 1881 1702 1959 igiturex
1710 1882 1782 1933 Rom·
1793 1883 1817 1931 5·
1833 1898 1853 1929 ¹·

174 1985 241 2039 γεγε·
256 1961 311 2021 Καὶ
326 1961 491 2044 καυχώμεθα
514 1962 559 2023 ἐπί
575 1969 608 2044 τῇ
632 1964 718 2025 ίλπίδι
733 1970 781 2038 τῆς
799 1966 875 2041 δόξης
888 1977 933 2030 τοῦ
982 1969 1046 2048 fide
1056 1991 1158 2049 pacem
1170 1971 1310 2029 ίιαθοιιιιιε
1321 1970 1362 2027 ud
1371 1970 1466 2027 Derim
1474 1990 1527 2049 per
1541 1957 1736 2029 Dominum²¹

172 2055 235 2113 oua.
247 2053 328 2114 Ἐπεί
338 2044 385 2116 οὐν
401 2046 459 2114 εἷπε
472 2055 508 2116 τά
521 2054 570 2135 μίν
583 2057 759 2137 γεγενημένα,
774 2057 809 2118 τδ
824 2058 850 2118 δὲ
864 2062 931 2138 μέλ·
950 2076 969 2122 u
988 2074 1117 2120 nostrum
1140 2063 1241 2120 Jesum
1262 2062 1420 2133 Christum,
1432 2082 1485 2141 per
1504 2083 1587 2142 quem
1602 2074 1630 2120 et
1650 2063 1703 2121 θα·

171 2146 249 2206 loeta·
264 2147 297 2206 τδ
308 2146 359 2225 μὲν
373 2146 426 2228 γδρ
437 2150 628 2219 δικαιωθῆναι,
641 2174 657 2208 κ

114 2286 117 2311 ,
169 2242 231 2317 inira
244 2246 398 2321 οραγῆναι,
412 2241 458 2299 καλ
477 2241 509 2300 τδ
529 2242 563 2300 δι’
577 2244 655 2300 αὐτοῦ
670 2245 709 2321 τῷ
724 2242 814 2326 Πατρί
828 2268 932 2325 προσα-

167 2335 265 2409 χθῆναι,
279 2334 327 2392 καί
351 2334 384 2394 τδ
397 2333 505 2415 χάριτος
520 2335 686 2408 ἀπολαῦσαι,
704 2334 748 2393 καί
761 2335 873 2415 δωρεᾶς,
886 2338 932 2396 καί

166 2423 403 2507 τδάμαρτημάτων
417 2425 618 2504 ἀπαλλαγῆναι,
636 2424 682 2484 καὶ
695 2425 726 2486 τδ
741 2427 847 2507 εἰρήνην
861 2428 931 2509 ἔχειν

165 2516 218 2594 epig
230 2516 274 2576 τὸν
287 2517 372 2592 Θεὸν,
395 2516 442 2576 καί
463 2517 495 2578 τδ
512 2515 588 2596 ἁγίου
606 2517 760 2595 Πνεόματος
780 2531 932 2601 μετασγεῖν,

166 2614 236 2667 ταῦτα
253 2609 442 2689 γεγενημένων
455 2609 513 2670 ἐστί
521 2633 527 2646 ·
548 2608 582 2668 ed
598 2608 626 2670 δὲ
638 2610 769 2687 μελλοντα
782 2602 824 2682 ἦν,
839 2618 857 2684 ἡ
871 2612 931 2682 δόξα

165 2700 238 2773 iusim,
251 2706 269 2773 ό,
282 2698 452 2783 ἀπόρρητος·
463 2701 478 2761 ό
489 2700 534 2759 καλ
544 2701 608 2760 αὐτδ
619 2701 737 2781 ἰπίγαγε
747 2744 755 2772 ,
768 2702 868 2782 λέγων·
883 2704 930 2764 Ἐν

165 2780 341 2869 dier-dmm,
352 2792 400 2852 καὶ
409 2789 573 2872 καυχώμεθα
585 2792 628 2852 ἰπὶ
638 2788 730 2853 ἕλ’πίδι
743 2799 790 2866 τῆς
802 2793 875 2869 δόξης
885 2802 931 2857 τοῦ

986 2256 1109 2316 stamus,
1132 2242 1239 2324 adjecit,
1262 2244 1301 2301 Et
1315 2243 1478 2322 gloriamur
1492 2247 1524 2300 ιἰι
1538 2265 1587 2324 spe
1602 2243 1704 2324 gloriae

986 2335 1052 2392 Dei.
1062 2335 1206 2412 Postquam
1218 2333 1302 2413 igitur
1313 2332 1384 2391 dixit
1396 2332 1496 2413 partim
1510 2334 1633 2415 quaejam
1643 2356 1705 2394 ese-

986 2439 1090 2501 nerant,
1105 2426 1202 2506 partim
1228 2446 1287 2504 qnae
1309 2437 1436 2485 ereatura
1457 2437 1615 2484 erantmam
1629 2424 1704 2504 qnod

982 2516 1125 2597 justificati
1138 2516 1249 2596 quidem
1270 2538 1373 2587 sumus,
1386 2515 1512 2594 quodque
1525 2538 1575 2597 pro
1588 2516 1665 2575 nobis
1678 2530 1704 2576 et

985 2608 1139 2669 immolatus
1152 2623 1189 2669 cst
1201 2610 1222 2667 F
1224 2608 1296 2683 ilius,
1309 2623 1334 2668 et
1343 2607 1415 2688 qnod
1431 2629 1479 2688 per
1493 2629 1554 2666 eum
1568 2629 1703 2669 aceessum

986 2700 1022 2760 ad
1035 2702 1142 2761 Patrem
1157 2701 1333 2777 obtinuimus,
1343 2699 1417 2781 quod
1432 2699 1547 2780 gratiam
1567 2714 1592 2759 et
1602 2700 1704 2762 donum

985 2791 1076 2874 adepti
1097 2815 1207 2870 sumus,
1227 2791 1300 2872 quod
1314 2815 1329 2851 a
1343 2792 1459 2873 peccatis
1477 2791 1583 2851 liberati
1597 2814 1702 2867 suenus,

164 2880 408 2955 θεοῦηδίάλπὶς,
419 2882 513 2965 ὥσπερ
524 2884 604 2962 ίρθην
616 2882 707 2959 εἰπὼν,
721 2887 750 2944 οὐ
762 2885 862 2967 σρόδρα
873 2891 930 2947 ἰκα-
939 2930 975 2970 m
985 2884 1059 2964 quod
1088 2884 1123 2944 ad
1152 2887 1239 2944 Deum
1267 2906 1361 2967 pacem
1388 2882 1534 2960 habemus,
1558 2898 1584 2943 et
1610 2883 1702 2966 Spiri-

164 2971 421 3055 νίτδνμικράμιχον
429 2977 546 3057 ὀρθῶσαι
559 2974 604 3033 καὶ
618 2979 767 3048 ἀναστῆσαι
781 2979 930 3060 ἀκροατήν·
949 2986 968 3030 Α
986 2992 1029 3037 tus
1040 2978 1125 3038 sancti
1136 2975 1278 3060 participes
1288 2977 1401 3051 suimus,
1412 2977 1469 3035 lmc
1480 2999 1514 3035 ex
1528 2975 1560 3036 iis
1570 2989 1632 3036 sunt
1644 2999 1703 3056 quae

165 3062 324 3146 όροτίποεεί
335 3068 432 3142 πάλιν,
445 3067 491 3126 καί
505 3067 598 3127 θέασαι
611 3067 659 3142 alp
671 3067 788 3130 εὐτονίαν
801 3072 911 3132 Παύλου
918 3116 929 3153 ,

164 3155 199 3214 καί
211 3157 255 3232 τὴν
274 3159 422 3241 φιλόσοφον
437 3159 556 3239 γνώμην.
572 3157 635 3219 Ἀπδ
655 3159 707 3242 γὰρ
724 3164 809 3220 αὐτῶν
822 3167 874 3222 τῶν
889 3164 931 3224 δο-

164 3246 265 3309 κεόντων
274 3254 373 3311 λυπεῖν
380 3249 428 3310 καλ
439 3250 559 3331 θορυύεῖν
572 3251 617 3310 καὶ
624 3258 764 3335 ταράττειν
775 3253 819 3313 τδν
831 3257 930 3334 άκροα·

163 3340 210 3412 τὴν,
222 3344 268 3403 ἀπ’
282 3346 374 3403 αὐτῶν
391 3342 492 3402 τούτων
514 3344 658 3404 άναιτλίκει
672 3351 721 3417 τῆς
736 3346 931 3429 παρακλήσεως

163 3433 200 3491 ui
218 3442 261 3495 τοῦ
281 3435 463 3517 καινγῆματος
491 3433 550 3502 τούς
570 3428 720 3516 στεφάνους.
741 3436 852 3510 Ἐπειδὴ
879 3439 931 3523 γδιρ

163 3529 235 3586 ταῦτα
244 3527 336 3587 πάντα
351 3526 495 3597 κατέλεξε,
506 3525 597 3586 λοιπδν
612 3528 706 3607 ἐπάγει
719 3529 819 3610 λόγων·
836 3534 865 3590 οὐ
879 3532 929 3608 μό-

163 3640 197 3675 νω
208 3623 289 3677 ταῦτα
300 3618 386 3698 λε’γω,
397 3618 468 3700 άπερ
482 3610 565 3693 εἶπον,
578 3620 667 3703 φησὶν,
682 3613 735 3680 οἷον
746 3622 790 3697 τδ,
802 3623 842 3682 ότι
853 3624 930 3704 ἡγιά·

163 3714 257 3784 impes,
271 3709 314 3770 ότι
334 3710 543 3789 ίδικαιόιθημεν,
555 3708 600 3770 ότι“
610 3710 654 3771 διδ
677 3718 722 3773 τοῦ
745 3715 907 3794 Μονογενοῦς
921 3761 929 3790 ,

161 3798 194 3857 ότι
210 3800 318 3881 χάριτος
331 3801 539 3881 ἁπηλαόσαμεν,
559 3802 599 3862 ότι
617 3803 744 3883 εἰρήνης,
758 3804 799 3866 ότι
813 3808 928 3888 δωρεᾶς,

161 3889 196 3948 ότι
202 3893 407 3976 ἁμαρτημάτων
420 3893 549 3973 ἀρόσεως,
563 3892 603 3953 ότι
614 3894 771 3974 Πνεῦματος
784 3898 859 3977 ἁγίου
874 3925 929 3960 και·

162 3982 313 4058 νωνίας,ότι
339 3986 400 4062 μετ’
425 3984 544 4052 εὐκολίας
571 3984 694 4063 ἁπάσης,
718 3988 759 4048 ότι
782 3988 827 4049 καλ
846 3991 929 4073 χωρὶς

980 3072 1038 3151 jam
1057 3085 1280 3148 euenerunuquao
1294 3091 1357 3128 uero
1375 3083 1437 3128 sunt
1460 3082 1600 3146 eventura,
1616 3068 1703 3149 gloria

984 3162 1112 3222 nimirum
1131 3176 1170 3222 est
1191 3160 1238 3220 illa
1260 3159 1415 3237 ineffabilis,
1431 3157 1504 3239 qnod
1519 3159 1608 3241 ipsum
1621 3159 1702 3218 etiam

983 3253 1081 3336 adjecit
1090 3253 1182 3314 dicens
1193 3257 1245 3311 :In
1257 3274 1316 3333 qim
1325 3265 1447 3324 sturnus,
1458 3266 1485 3311 et
1499 3253 1702 3332 gloriamurin
1711 3275 1779 3323 am,
1794 3276 1817 3327 5,
1828 3291 1852 3326 τ,

983 3366 1033 3425 spe
1042 3345 1144 3424 gloriae
1156 3345 1214 3402 Dei
1226 3365 1233 3398 .·
1246 3364 1325 3423 porro
1336 3363 1405 3422 spes,
1416 3355 1445 3399 ut
1456 3354 1517 3399 ante
1527 3340 1595 3416 dixi,
1606 3342 1641 3401 ad
1651 3364 1703 3425 pn·

983 3436 1145 3495 sillaniuaem
1156 3433 1306 3492 auditorem
1321 3431 1478 3512 erigendum
1490 3446 1516 3490 et
1527 3432 1701 3492 excitandum

984 3550 1036 3587 non
1050 3526 1197 3586 admodum
1211 3540 1250 3584 cst
1264 3523 1360 3583 idonea
1371 3547 1377 3580 :
1387 3522 1451 3583 vide
1471 3523 1539 3602 quid
1554 3546 1647 3584 rursus
1661 3526 1701 3585 ia·

984 3619 1049 3696 ciat,
1061 3632 1086 3679 ct
1099 3615 1275 3678 constantiam
1289 3613 1368 3673 Pauli
1382 3613 1520 3673 considera
1538 3635 1569 3672 ac
1582 3614 1701 3695 philoso-

983 3708 1093 3788 phicam
1107 3720 1232 3766 mentem.
1248 3703 1292 3762 Ex
1305 3702 1360 3761 illis
1374 3702 1446 3760 enim
1460 3701 1533 3783 ipsis,
1543 3725 1603 3781 qum
1618 3704 1702 3764 tristi·
1800 3710 1809 3726 ⁸

983 3799 1047 3857 tiam
1066 3813 1113 3857 ant
1127 3794 1355 3878 perturbationem
1371 3795 1466 3853 allerre
1488 3793 1658 3870 videbantur,
1675 3813 1700 3858 et

982 3889 1133 3949 auditorem
1153 3887 1273 3964 turbare,
1288 3908 1322 3946 ex
1336 3885 1380 3944 his
1394 3886 1580 3945 consolationis
1595 3901 1620 3946 ct
1641 3888 1701 3969 glo,

982 3981 1105 4041 riationis
1127 4002 1238 4042 coronas
1258 3978 1384 4039 contexit.
1406 3970 1458 4037 llis
1481 3978 1551 4038 enim
1574 3981 1699 4043 omnibus

165 4073 270 4154 popm-v,
293 4076 342 4136 ml
353 4075 575 4157 χωρὶςῑδρώτων,
588 4078 726 4140 &etnim
737 4081 820 4161 μόνῃ,
832 4081 873 4142 ὅτ,
884 4087 927 4143 τὸν
947 4096 963 4141 Β
982 4073 1143 4132 enumeratis
1161 4071 1285 4152 deinceps
1305 4068 1400 4151 adjicit
1418 4068 1590 4131 dicenstNon
1610 4073 1698 4134 solum

164 4166 216 4226 λίαν
225 4168 328 4248 ἔπεμψε
342 4169 387 4228 τδν
402 4175 552 4248 μονογενῆ,
574 4173 614 4231 ότι
627 4173 658 4231 τδ
672 4171 720 4250 μίν
736 4173 837 4250 ἔδωκε,
856 4175 886 4234 τδ
901 4176 927 4234 δὲ

165 4257 337 4338 ἐπηγγείλατο,
364 4259 442 4328 δόξαν
467 4260 589 4341 ἄρρητον,
612 4264 769 4343 άρθαρσίαν,
796 4267 927 4344 σωμάτων

166 4350 305 4426 uiuacis,
330 4351 408 4422 λῆξιν
422 4354 574 4431 ἀγγελικὴν,
588 4356 636 4427 τὴν
654 4356 721 4433 μετὰ
736 4360 851 4439 Χριστοῦ
866 4361 926 4417 δια-

166 4442 252 4519 γωγὴν,
261 4443 310 4515 τὴν
321 4447 349 4503 ἐν
360 4447 478 4526 οὐρανοῖς
494 4446 632 4526 διατριόήν
643 4472 649 4484 ·
661 4453 745 4507 ταῦτα
759 4448 811 4529 γάρ
823 4450 926 4510 ἅπαντα

167 4534 318 4611 παρέστησεν
341 4539 368 4596 ἐν
391 4539 431 4618 τῷ
450 4539 542 4610 εἰπεῖν,
567 4539 621 4599 Καί
646 4540 809 4620 καυχώμεθα
822 4543 864 4601 ἐπ’
879 4546 925 4602 ἐλ-

168 4624 213 4684 πίδι
231 4631 278 4698 τῆς
290 4626 367 4701 δόξης
377 4636 423 4688 τοῦ
437 4631 517 4689 Θεοῦ.
533 4634 574 4690 Οὐ
585 4631 671 4691 τοίνυν
686 4640 769 4692 ταῦτα
786 4633 857 4714 λέγει
874 4635 924 4713 μό-

169 4738 202 4772 νον
214 4717 246 4777 τδ
257 4717 384 4798 γενόμενα
408 4719 455 4778 καί
465 4719 500 4779 τδι
513 4722 642 4800 ἐσόμενα,
657 4722 726 4782 ἀλλὰ
746 4724 791 4783 καλ
814 4727 879 4785 αὐτὰ
894 4725 927 4784 ad

170 4807 280 4868 δοκοῦντα
293 4800 360 4869 εἶναι
373 4811 402 4869 ίν
416 4812 566 4892 ἀνθρώποις
583 4815 705 4894 λυπηρά,
719 4814 753 4884 τὰ
767 4816 926 4896 δικαστήρια

170 4896 239 4978 λόγον,
253 4900 299 4971 τδς
319 4902 480 4984 ἀπαγωγάς,
494 4902 554 4973 τοὺς
579 4905 717 4980 θανάτους,
734 4907 781 4976 τδς
802 4911 926 4984 ἀπειλδις,

172 4986 220 5057 τούς
228 4992 331 5071 λιμαλς,
342 4995 390 5065 τδς
400 4994 550 5075 βασάνους,
561 4997 594 5057 el
603 4996 722 5078 τήγανα,
732 4998 778 5068 τδς
787 5001 928 5080 καμίνους,

981 4166 1039 4225 inec
1050 4166 1104 4240 aio,
1118 4188 1178 4244 qnae
1194 4185 1264 4223 nnnc
1277 4161 1347 4239 dixi,
1361 4162 1435 4240 qued
1456 4162 1584 4223 nimirum
1600 4167 1697 4226 saneti-

981 4258 1052 4316 sreati
1067 4279 1169 4333 sumus,
1179 4256 1253 4335 quod
1261 4254 1411 4336 justificati,
1420 4254 1491 4332 quod
1504 4276 1552 4335 per
1565 4256 1697 4336 Unigeni-

982 4362 1049 4427 tum,
1059 4349 1133 4429 quod
1146 4349 1230 4430 gratia
1244 4347 1322 4430 potiti
1336 4369 1438 4422 sumus,
1451 4347 1524 4426 qnotl
1536 4370 1611 4428 paee,
1623 4351 1697 4428 qnod

980 4441 1060 4516 dono,
1072 4440 1149 4519 quod
1169 4439 1323 4499 remissione
1339 4451 1520 4519 pcccatorum,
1537 4440 1608 4516 quod
1622 4462 1694 4502 com.

980 4533 1159 4594 municatione
1174 4532 1292 4615 Spiritus
1306 4529 1403 4606 sancti,
1414 4529 1487 4609 quod
1498 4530 1572 4589 ouini
1587 4554 1650 4591 cum
1660 4535 1698 4597 sa-

980 4625 1091 4703 cilitate,
1112 4623 1185 4704 quod
1214 4624 1316 4704 absque
1336 4621 1443 4697 labore,
1463 4621 1564 4702 absque
1587 4625 1695 4703 sudore,

978 4717 1051 4796 quod
1065 4717 1121 4776 sola
1135 4716 1200 4793 lide,
1216 4714 1289 4794 qnod
1304 4713 1406 4774 Filium
1423 4714 1496 4772 misit
1516 4714 1695 4796 unigenitum,

979 4809 1051 4888 quod
1073 4829 1157 4866 arnum
1180 4806 1290 4885 quidem
1312 4804 1425 4884 largitus
1439 4818 1493 4881 est,
1504 4807 1617 4866 alterum
1633 4832 1696 4872 veto

978 4899 1115 4982 promisit,
1129 4898 1292 4958 ineffabilem
1308 4896 1432 4977 gloriam,
1454 4896 1693 4981 immortalitatem,

979 4990 1197 5051 resurrrectionem
1207 4988 1586 5072 corporum‚eonditionemct
1596 5007 1695 5055 sortem

174 5079 213 5151 rip
223 5084 364 5157 λιηλασίαν,
379 5085 440 5155 τοὺς
453 5085 602 5167 πολέμους,
623 5088 671 5160 τὰς
689 5092 842 5172 πολιορκίης
850 5140 858 5167 ‚
880 5095 927 5164 ede
943 5114 961 5163 C
979 5082 1136 5162 anigelicam,
1151 5080 1369 5140 consuetudinem
1382 5101 1444 5139 eum
1454 5080 1571 5158 Christo,
1583 5082 1692 5145 habita-

176 5173 315 5253 pipam<
327 5177 926 5259 0:40214‚1&;q120i222{44‚mitanwtpq.
979 5175 1078 5234 tiodem
1099 5175 1125 5234 in
1148 5173 1303 5233 caelisdnec
1325 5172 1397 5231 enim
1419 5173 1510 5232 omnia
1532 5175 1623 5235 serbis
1640 5177 1694 5237 illis

177 5283 209 5320 cu
221 5270 243 5324 ἐν
260 5268 323 5338 τάξει
337 5272 438 5352 δωρεᾶς
452 5270 501 5330 καλ
522 5273 745 5352 κατορθωμάτων.
760 5278 801 5335 Οὐ
817 5275 867 5354 γλρ
884 5281 925 5338 ἐπ’
977 5277 1135 5359 coiaplexus
1148 5289 1198 5355 est,
1217 5275 1389 5336 Gloriomur
1403 5278 1435 5333 ιἰι
1448 5294 1497 5352 spe
1509 5275 1612 5354 glorie
1624 5277 1689 5336 Dei.
1700 5293 1768 5342 ιιωκ.
1779 5295 1801 5344 5.
1818 5310 1841 5343 2.
