3764 5992
669 438 715 487 un
739 436 938 490 uurtrroun
962 441 1136 495 uouruuu.
1165 451 1203 498 n.
1641 440 1707 535 ¹37

167 566 229 626 ίστιν
240 564 366 645 ἀριθμός.
374 564 486 643 ’ratus
495 566 545 644 γῆ,
556 562 779 644 Ἆδάμθγήῖνσς,
789 567 805 625 θ
815 564 939 646 petriad
987 567 1036 646 cit,
1050 568 1098 628 sed
1111 572 1196 631 muita
1210 594 1272 633 cum
1283 576 1386 637 ratione
1402 581 1573 663 insipientia
1585 608 1593 644 ι
1605 584 1707 666 quippe

165 656 278 733 γηγενής.
298 655 357 715 Διά
376 654 407 715 τί
427 648 474 717 α’ίν
496 654 668 724 οάτωςαάτδν
680 656 817 729 iudicatu
830 655 939 734 Ἀναμι-
993 660 1243 741 Cujussapientioe
1252 686 1312 725 non
1320 681 1362 728 est
1370 690 1516 732 numerus.
1525 671 1703 753 Edonum,
1713 688 1791 749 Ριαά.
1806 690 1860 753 rto,

165 748 282 821 μνίταων
297 746 383 806 auru
408 746 454 807 διὰ
476 752 523 808 τοῦ
543 748 671 826 ὀνόματος
686 752 734 820 τῆς
748 747 878 813 εὐτελείας
891 751 941 818 τῆς
993 749 1080 810 adam
1093 766 1230 833 terrenus,
1243 758 1400 838 pulvereus,
1415 777 1511 823 eterra
1524 765 1638 845 genitus.
1649 767 1706 827 Cur
1719 759 1745 805 ⁵·

163 836 223 895 κατὰ
240 837 335 918 φύσιν,
350 836 399 897 καί
409 838 531 920 καθάπερ
546 841 573 898 is
588 840 673 919 στήλῃ
687 841 776 920 χαλκῇ
798 843 832 916 τῇ
855 859 939 918 προο·
991 838 1065 917 igtur
1082 841 1121 901 sio
1135 843 1215 903 illum
1237 847 1496 927 appellavitPSuam
1519 854 1649 914 nimirum
1664 854 1708 916 itti

162 928 249 1007 γγορίρ
261 928 477 1007 κατατιθέμενος
485 929 535 1001 τλν
542 930 720 1003 ταπεινότητα
730 933 778 1001 τῆς
789 925 938 1001 οὐσίας,ίνα
991 929 1126 991 vilitatem
1144 935 1294 995 naturalem
1316 937 1368 998 hoe
1387 941 1495 1003 nominc
1508 944 1536 1004 in
1549 946 1707 1005 memoriam

161 1019 185 1078 τί
195 1022 281 1097 ἀκαμα
303 1020 484 1081 διδασκαλίαν
510 1022 560 1102 ἔχῃ
586 1019 823 1103 μιτριορροούνης·
841 1018 936 1097 ἵναμὴ
991 1024 1175 1098 revocavit‚ct
1190 1039 1328 1106 tamquam
1341 1030 1368 1089 in
1383 1052 1453 1092 cereo
1462 1033 1707 1116 cipposuhstantiae

162 1113 262 1189 μείζονα
277 1117 330 1183 τῆς
353 1112 456 1181 οἰκείας
476 1111 551 1181 ἀξίας
573 1112 672 1173 ἔννοιαν
685 1112 767 1192 λόόῃ.
780 1111 875 1190 Ἡμεῖς
889 1109 938 1189 μὲν
989 1109 1171 1174 humilitatem
1185 1119 1320 1195 exaravit,
1333 1134 1365 1180 ut
1376 1143 1411 1182 ex
1430 1125 1546 1185 nominis
1566 1127 1607 1185 sui
1622 1127 1707 1206 magi·

161 1202 206 1281 γάρ
218 1202 261 1261 ἀει
274 1208 313 1280 γῆ
329 1206 426 1281 ἐσμεν,
449 1202 527 1281 ίσμεν
542 1207 646 1283 septis,
659 1202 706 1263 καὶ
727 1206 774 1263 ἀπ’
796 1205 876 1273 αὐτῆς
889 1204 939 1273 τῆς
988 1203 1070 1262 sterio
1082 1206 1241 1266 modestiam
1254 1208 1339 1269 discat
1349 1255 1358 1286 ,
1370 1232 1457 1291 neque
1469 1217 1610 1296 majorem,
1624 1238 1707 1296 quam

161 1294 248 1371 νιίρσς
260 1297 319 1353 τῶν
336 1295 524 1374 πραγμάτων·
546 1296 643 1361 ἐκεῖνος
667 1294 694 1353 δὲ
709 1293 801 1353 οὐδένα
819 1283 872 1352 εἶδε
886 1292 937 1373 πρὸ
954 1312 974 1359 n
991 1313 1041 1373 par
1062 1295 1107 1371 sit,
1126 1296 1222 1357 desua
1237 1298 1370 1379 dignitate
1389 1304 1544 1385 opinionem
1563 1308 1706 1390 concipiat.

163 1386 236 1445 σἐτυῗι
248 1386 476 1458 τετιλευττμότα,
487 1386 546 1446 οὐδὲ
558 1385 712 1446 διαλυθέντα
724 1389 761 1454 είς
776 1385 858 1459 κόνιν,
869 1383 938 1444 ἀλλά
990 1384 1059 1443 Nam
1072 1406 1121 1446 nos
1142 1388 1252 1465 quidem
1271 1404 1370 1452 terram
1392 1414 1441 1453 uos
1461 1416 1519 1455 esse
1532 1400 1617 1479 probo
1626 1399 1707 1460 novi-

162 1476 223 1537 τολὺ
239 1476 272 1535 τό
284 1477 390 1545 κάλλος
402 1469 435 1549 ἦν
449 1479 520 1557 αὐτῷ
530 1482 576 1535 τοῦ
591 1475 729 1554 σώματος,
750 1476 795 1536 καὶ
817 1475 937 1556 καθάπερ
990 1491 1061 1547 mus,
1072 1473 1153 1553 idque
1174 1478 1252 1538 nobis
1269 1479 1328 1561 ipsa
1345 1503 1436 1541 rerum
1456 1485 1622 1565 experientia
1633 1508 1708 1547 com·

162 1573 255 1649 χμισῶ
285 1568 401 1650 ἀνδριὰς
426 1568 481 1627 ἀπὸ
501 1563 679 1647 χωνεοτηρίοο
703 1567 765 1647 όρτι
791 1566 936 1646 προελθὼν,
990 1578 1097 1643 pentum
1113 1570 1265 1630 estzatille
1278 1574 1705 1658 neminemanteseviderat,qni

163 1658 238 1726 σίτοις
267 1660 444 1737 ἀπέλαμπεν.
467 1655 528 1717 Ἵνα
555 1657 593 1736 μὴ
618 1649 663 1716 eds
684 1657 715 1716 τὸ
735 1658 865 1737 ὑπερέχον
889 1663 937 1730 ιη”ς
990 1671 1104 1717 mortem
1125 1659 1243 1738 obiisset,
1263 1684 1348 1742 noque
1368 1665 1396 1725 in
1413 1666 1527 1727 cinerem
1546 1647 1705 1743 redactum,

163 1750 241 1829 ὕδνοις
258 1753 298 1818 εἰς
320 1749 452 1810 ἀπόνοιαν
476 1749 556 1811 αὐτὸν
569 1749 670 1830 ἐπόρῃ,
691 1748 851 1835 ἀντέστησαν
866 1753 936 1829 αὐτῷ
991 1746 1039 1806 scd
1062 1750 1162 1810 eximia
1182 1750 1302 1834 co'rporis
1314 1756 1520 1837 pulchritudine
1539 1761 1666 1841 pollebat,
1681 1776 1708 1822 et
1754 1746 1757 1751 ¹

163 1842 240 1920 ὄνομα
263 1840 364 1913 ἱκανὴν
390 1838 631 1921 ταπεινοφροσύνης
658 1839 830 1899 διδασκαλίαν
856 1838 936 1919 ἔχον·
991 1852 1127 1918 tamquam
1148 1856 1235 1902 statua
1255 1845 1380 1924 quaedam
1393 1869 1490 1921 aurea,
1503 1870 1563 1929 que
1588 1872 1708 1911 recense

165 1930 252 2009 ἔμελλε
274 1931 333 2013 γὰρ
356 1935 432 2013 αὐτῷ
454 1931 661 1998 καίὸδιάόολος
674 1928 826 2011 προσελθὼν
844 1929 938 1990 διαλέ-
992 1931 1146 2006 conflatoria
1165 1933 1272 1994 fornace
1293 1935 1446 2017 prodiisset,
1466 1938 1504 1999 ita
1525 1940 1655 2020 fulgebat.
1666 1944 1708 2002 Ne

165 2030 250 2103 γιώαι
276 2024 344 2103 περὶ
379 2022 522 2092 ἀπονοίας·
552 2022 660 2101 ἔμελλεν
689 2027 757 2103 ἐρεῖν
783 2022 870 2102 αὐτῷ,
898 2021 939 2081 ότι
992 2021 1076 2102 igitur
1088 2039 1198 2105 propter
1211 2027 1341 2087 eximiam
1356 2030 1472 2110 speeiem
1486 2033 1612 2112 superbia
1631 2032 1709 2093 cifer-

165 2116 271 2177 Ἔσεσθο
287 2115 408 2185 ἀιςθεοί.
420 2115 480 2175 Ἵνα
492 2107 536 2176 oda
556 2113 723 2195 μεμνημένος
740 2117 787 2174 τοῦ
812 2112 940 2191 ὀνόματος
992 2125 1086 2187 retur,
1110 2115 1150 2173 itti
1174 2137 1271 2176 nomen
1291 2120 1435 2200 opposuit,
1455 2122 1532 2202 cujus
1554 2124 1709 2203 magisterio

165 2208 395 2275 ταάδιδόσιιοντος
418 2208 507 2279 αὐτὸν,
523 2205 565 2266 ότι
588 2209 623 2281 γῆ
638 2209 712 2280 ἐστι,
727 2204 861 2284 μηδέποτε
882 2207 939 2264 iso-
992 2204 1157 2266 sufficienter
1171 2207 1206 2266 ad
1222 2208 1403 2271 humilitatem
1414 2212 1709 2276 informareturaaccc·

166 2298 231 2359 ίιίιν
241 2298 426 2379 φαντιίζηται,
442 2296 487 2357 διδ
499 2303 579 2358 τῶτο
591 2295 846 2377 προκαταλαμόάνει
859 2259 984 2363 αάτόύιλἃ
992 2297 1059 2357 dens
1077 2298 1149 2357 enim
1162 2299 1286 2359 diabolus
1304 2301 1339 2360 ad
1353 2303 1512 2385 superbiam
1524 2305 1615 2366 verbis
1629 2306 1708 2366 illurn

166 2390 378 2471 τδουναιδάςτῷ
399 2388 529 2467 ὀνόματι,
542 2387 636 2461 ίκσνὴν
650 2391 721 2470 αὐτῷ
735 2387 839 2460 διάτῆς
853 2410 938 2469 προο-
993 2388 1220 2455 suisincitaturus
1228 2406 1295 2470 erat,
1311 2394 1389 2472 eique
1398 2394 1534 2473 dicturus,
1548 2399 1642 2459 Eritis
1652 2403 1709 2459 sic·
1720 2423 1800 2470 oms
1819 2421 1845 2472 5.

165 2482 267 2561 ηγορίσς
290 2478 539 2559 προαποτιθίμινος
562 2480 769 2561 ἀορσίλαιαντῆς
793 2478 941 2558 μελλούσης
995 2481 1094 2541 uidit.
1110 2483 1150 2541 Ut
1162 2482 1247 2561 igitur
1266 2485 1381 2543 nominis
1404 2486 1446 2545 sui
1467 2487 1670 2567 recordaretur,
1693 2510 1711 2551 a

167 2570 396 2653 ἀπόγεσθαιπαρά
409 2578 458 2631 τοῦ
471 2577 587 2652 πονηροῦ
599 2572 721 2650 δαίμονος
733 2572 884 2643 ίπιόοολῆς,
894 2570 941 2629 καί
995 2593 1049 2651 quo
1070 2586 1169 2633 terram
1198 2596 1227 2633 se
1249 2596 1305 2634 esse
1328 2574 1491 2654 docebatur,
1509 2598 1559 2637 nee
1581 2600 1712 2657 umquam

166 2671 210 2739 τῆς
229 2666 297 2741 πρός
311 2662 365 2735 τὴν
377 2668 430 2743 γῆν
452 2664 529 2723 αὔτὀν
543 2663 753 2743 ἀναμιμνήσκων
771 2662 941 2744 συγγενείας,
996 2664 1125 2743 aqualem
1137 2687 1164 2724 se
1176 2667 1234 2726 Deo
1253 2667 1377 2727 futurum
1398 2667 1532 2749 opinionis
1551 2690 1641 2730 errore
1659 2670 1702 2731 sib

168 2758 209 2817 ui
220 2754 361 2837 ίμραίνων
373 2760 424 2827 τῆς
444 2754 547 2836 φύσεως
560 2753 607 2827 τὴν
621 2753 751 2835 εὐγένειαν
765 2754 881 2826 ἅπασαν,
897 2751 942 2812 καὶ
977 2768 980 2773 ’
996 2756 1127 2836 fingeret,
1140 2771 1282 2839 propterca
1295 2759 1484 2819 conscientiam
1506 2762 1564 2841 ejus
1577 2780 1713 2842 praeccu-

171 2848 303 2927 μσισναιχὶ
326 2846 428 2927 λόγων,
452 2844 495 2904 ότι
520 2844 566 2905 tte
589 2846 659 2905 cirros
679 2868 739 2917 σοι,
765 2843 806 2905 ότι
836 2845 882 2925 ἔσῃ
906 2848 942 2913 ὡς
997 2857 1052 2922 pot,
1064 2858 1091 2903 et
1102 2844 1348 2906 nominissubsidio
1357 2847 1501 2907 sufficienti
1510 2869 1573 2907 eum
1583 2848 1715 2910 adversus

170 2938 507 3015 egibfinpmr‘laoaptttw*
517 2936 661 3013 ὀνόματος,
683 2937 729 2997 χαλ
741 2936 834 3007 ἱκανὴν
849 2936 943 3003 ἔλαθες
997 2928 1107 2989 insidias
1121 2952 1136 2989 ss
1149 2931 1278 2992 scelerato
1303 2932 1423 2993 daemfflle
1436 2935 1576 2995 Slruessdis
1592 2937 1715 2997 cautione

176 3032 337 3111 παραίνεσιν,
351 3028 425 3089 ὥστε
445 3028 482 3107 μὴ
494 3028 616 3097 δέξασθαι
629 3029 678 3102 τὴν
691 3027 854 3107 συμόουλνίν.
865 3028 944 3088 Ἀνσ-
997 3022 1152 3100 praentuuit‚
1168 3021 1236 3081 dum
1254 3037 1279 3082 ct
1300 3046 1355 3083 snae
1377 3045 1440 3083 cum
1453 3039 1524 3085 terra
1547 3028 1715 3107 cognationis

172 3124 295 3199 μνήσθητι
314 3123 367 3191 τῆς
387 3118 502 3200 μητρὸς,
516 3121 570 3180 ἀπὸ
581 3123 628 3193 τῆς
649 3119 801 3199 συγγενείας
816 3118 942 3198 ἐπίγνωθι
997 3111 1075 3170 iilum
1090 3110 1227 3188 admonet,
1237 3127 1263 3173 ct
1279 3135 1385 3174 ornnem
1408 3115 1449 3174 itti
1461 3130 1628 3178 naturaesuat
1638 3118 1716 3179 nobi·

171 3214 212 3287 τίμ
228 3214 380 3284 εὐτέλειαν,
394 3215 446 3291 οὔχ
459 3210 504 3270 ἵνα
516 3210 565 3284 cdv
578 3210 758 3283 ταπεινότητα
769 3212 869 3290 μάθῃς,
881 3212 940 3270 ἀλλ’
996 3202 1100 3261 litatem
1114 3202 1248 3278 declarat,
1261 3204 1312 3263 hoo
1326 3206 1521 3285 propemodum
1538 3207 1579 3268 illi
1600 3207 1692 3269 dicens
1706 3234 1713 3268 ε

170 3306 208 3365 tn
226 3305 367 3383 μηδέποτε
385 3306 423 3370 εἰς
441 3301 565 3361 ἀπόνοιαν
586 3307 711 3385 ἐπαρθῇς,
733 3302 785 3362 Διὰ
804 3302 943 3363 τοῦτοκαὶ
961 3324 979 3369 Β
997 3295 1027 3354 Si
1045 3295 1112 3353 sorte
1131 3294 1232 3354 dixerit
1246 3295 1307 3370 tibi,
1321 3295 1385 3355 Eris
1406 3298 1476 3357 sicut
1497 3300 1583 3375 Deus,
1598 3301 1715 3360 nominis

172 3399 269 3463 nana(
293 3397 397 3475 aqu,
412 3394 448 3453 ‘0
466 3398 570 3473 πρῶτος
588 3394 724 3474 ἅνθρωπος
743 3394 829 3472 Ἀδὰμ
852 3396 943 3470 ἐνγῆς
997 3387 1036 3445 tui
1049 3386 1198 3462 recordare,
1209 3400 1235 3445 et
1248 3387 1393 3447 sufficienti
1406 3388 1589 3449 admonitione
1601 3391 1716 3451 instrue-

172 3485 260 3565 χοϊκός.
271 3486 315 3544 Τδ
339 3484 395 3563 γὰρ
409 3482 494 3561 'Addua
506 3484 658 3564 ἑρμηνεύων
667 3490 732 3562 ἡμῖν
745 3484 772 3543 τί
785 3483 850 3544 ποτί
861 3485 943 3557 ἐστιν,
997 3479 1043 3553 ris,
1056 3493 1085 3538 ut
1099 3500 1131 3537 nc
1142 3479 1285 3538 consilium
1298 3478 1434 3539 admittas.
1447 3481 1598 3541 Recordare
1609 3484 1713 3553 matris,

174 3580 236 3657 θιγε
248 3580 298 3653 τὸ,
310 3576 367 3636 Ἐκ
380 3581 431 3655 γῆς
445 3576 547 3655 χοϊκός·
560 3582 574 3636 ὁ
585 3575 701 3659 δεύτερος
713 3577 874 3656 ἀνθρωπυςὸ
891 3576 942 3635 Κύ·
998 3584 1024 3629 et
1039 3569 1204 3649 cognationis
1213 3589 1326 3647 agnosce
1333 3569 1477 3642 vilitatem,
1491 3591 1545 3629 non
1559 3585 1589 3630 ut
1603 3570 1716 3630 humiti-

177 3693 218 3748 put
239 3668 267 3736 ἐξ
285 3672 412 3747 oppam,
429 3665 497 3726 Ἀλλ’
520 3669 685 3739 ἐπιπηδῶσιν
701 3673 766 3746 ἡμῖν
781 3669 805 3724 οἱ
818 3666 944 3747 αἱρετικσὶ
998 3674 1080 3720 tatem
1100 3660 1197 3735 discas,
1207 3660 1254 3718 sod
1269 3680 1301 3718 ue
1314 3681 1442 3738 umquam
1457 3661 1709 3742 superbiaintume·

175 3760 298 3837 λέγοντες·
310 3757 371 3818 ἰδοὺ
385 3760 434 3817 οὐκ
447 3757 559 3818 ἀνίλαύε
572 3758 659 3838 σάρκα
672 3764 687 3818 ὁ
700 3757 828 3840 Χριστός·
843 3758 877 3819 ‘0
889 3758 945 3818 δεύ-
1000 3774 1068 3813 scas.
1080 3756 1223 3833 Propterea
1237 3750 1338 3810 Paulus
1348 3772 1455 3829 quoquc
1463 3752 1586 3812 dicebat:
1597 3757 1716 3814 Primus
1727 3797 1796 3843 aaran
1828 3816 1839 3839 u
1851 3801 1867 3844 d

176 3874 238 3930 τερος
259 3850 333 3929 γὰρ,
359 3848 452 3928 φησὶν,
472 3847 607 3930 ἄνθρωπος
629 3854 643 3909 ό
665 3848 761 3928 Κύριος
783 3848 809 3915 ἐξ
824 3851 944 3928 οὐρανοῦ.
1000 3846 1087 3903 homo
1102 3846 1229 3902 deterrit
1243 3854 1384 3900 terrenus.
1401 3842 1476 3913 Quid
1489 3842 1561 3902 enim
1574 3844 1609 3903 sit
1627 3843 1786 3903 Adamronu
1811 3816 1825 3857 q
1844 3833 1856 3930 '-

177 3940 277 4007 λκαίεις
289 3942 334 4001 δτι
360 3939 479 4020 δεύτερος
497 3941 649 4022 ἄνθρωπος,
675 3941 720 4000 καί
733 3939 832 4018 λέγεις,
846 3940 887 3999 ότι
898 3943 946 4000 οάκ
1001 3936 1078 3994 nobis
1088 3936 1262 4015 interpretans
1274 3933 1362 3991 aiebat
1392 3931 1463 3992 ittud
1474 3956 1481 3990 ε
1494 3936 1540 3993 De
1559 3948 1639 3995 terra
1658 3920 1816 4044 ter-23⁰⁰*
1832 3934 1867 3965 ¹³·

179 4034 279 4093 ἀνελαόε
296 4032 404 4111 σάρκας
428 4031 481 4089 Καὶ
500 4030 526 4089 τί
540 4032 637 4105 ταύτης
650 4032 839 4112 ἀναισχυντίας
851 4032 945 4111 γένοιτ’
1000 4049 1097 4102 renus,
1105 4027 1248 4086 secundus
1262 4027 1349 4083 lromo
1360 4028 1420 4104 ipse
1429 4027 1574 4086 Dominus
1586 4029 1622 4085 de
1632 4029 1714 4086 coeio.

180 4124 341 4199 ἀνίσοητίς
368 4122 422 4201 γάρ
445 4125 516 4182 ἐστιν
540 4123 840 4205 ἄνθρωποςσοίρκαούκ
860 4123 946 4204 ἔχων;
1001 4119 1056 4180 Sed
1080 4116 1215 4177 invadunt
1241 4138 1289 4176 nos
1308 4115 1489 4187 haeretici,ac
1514 4115 1610 4177 dicunt
1627 4122 1719 4180 :Ecce

180 4217 220 4275 θιά
232 4218 284 4298 γὰρ
294 4220 378 4276 τοῦτο
391 4214 438 4272 καὶ
451 4214 586 4294 ἄνθρωπον
599 4215 644 4275 καλ
658 4215 776 4297 δεύτερον
798 4214 947 4274 αὐτὸνέκσί-
1002 4232 1108 4273 carncm
1123 4208 1245 4268 Christus
1259 4229 1311 4267 non
1325 4205 1596 4266 assumsit:aitenim
1605 4209 1717 4283 Paulus,

181 4310 244 4368 λεπν
266 4309 420 4389 ἄνθρωπον,
433 4306 477 4364 ἴνα
492 4306 549 4385 ἴδῃς
569 4310 648 4366 αὐτοῦ
661 4306 710 4380 τὴν
725 4307 887 4387 συγγένειαν,
902 4307 948 4366 καὶ
1000 4303 1149 4362 Secundus
1176 4302 1273 4370 iromo,
1298 4301 1442 4358 Dominus
1471 4297 1507 4355 de
1529 4300 1610 4359 caeio.
1632 4300 1720 4360 Audis

182 4400 225 4459 isi
235 4405 280 4457 τοῦ
302 4402 420 4478 ἀριθμοῦ
435 4396 480 4455 καί
493 4397 547 4455 ἀπὸ
561 4401 608 4468 τῆς
622 4398 733 4478 φύσεως.
749 4398 798 4466 Τίς
813 4390 857 4458 οὖν
873 4400 947 4471 ἐστι,
1001 4394 1145 4453 secundus
1159 4393 1256 4462 homo,
1275 4404 1301 4449 et
1313 4388 1381 4447 dicis
1400 4406 1462 4444 eum
1482 4407 1591 4448 carnem
1609 4410 1663 4449 non
1678 4412 1721 4449 as·

183 4491 259 4569 ρηεὶν,
279 4495 295 4549 θ
313 4489 436 4567 δεύτερος
460 4487 610 4567 ἀνθρωπος;
623 4489 657 4548 ‘0
680 4488 775 4571 Κύριος
792 4489 818 4557 ἐξ
830 4492 948 4570 οὐρανοῦ.
966 4518 984 4565 (3
1002 4482 1225 4553 sumsisseiQuis
1236 4482 1317 4540 talem
1330 4497 1457 4556 umquam
1471 4477 1667 4560 impudentiam
1674 4483 1721 4541 vi-

183 4580 264 4641 'affe
277 4581 361 4645 εόντες
375 4602 411 4656 με
422 4578 608 4653 σκανδαλίζει,
625 4579 705 4660 φησὶ,
718 4579 763 4639 καί
774 4580 805 4639 τδ
826 4578 949 4656 λέγεσθαι
1003 4574 1212 4653 dit?quisenim
1225 4573 1309 4633 bomo
1320 4592 1376 4631 csse
1386 4585 1483 4649 potest,
1495 4572 1658 4648 quicarnem
1668 4594 1721 4633 non

184 4672 221 4741 ἘΞ
235 4677 357 4751 sipara&
372 4668 462 4729 Ὅταν
488 4670 619 4750 ἀκούσῃς,
637 4670 679 4731 ότι
694 4676 798 4751 πρῶτος
812 4672 950 4749 ἄνθρωπος
1005 4668 1120 4727 habeat?
1135 4665 1239 4725 Idcirco
1257 4667 1328 4723 enim
1342 4677 1368 4722 et
1382 4666 1521 4725 hominem
1532 4676 1558 4722 ct
1573 4663 1721 4724 secundum

185 4762 257 4840 {trip
267 4766 297 4821 ἐκ
306 4766 358 4839 γῆς
370 4761 472 4841 χοϊκός,
484 4755 535 4840 ἀρα
545 4763 635 4841 γε’,ϊνον
650 4764 727 4822 αὐτὸν
741 4761 853 4839 νομίζεις
867 4752 949 4834 sivum
1004 4760 1141 4819 hominem
1161 4754 1328 4838 appellavit,
1344 4769 1374 4814 ut
1393 4779 1455 4816 cum
1470 4778 1504 4815 ex
1518 4774 1647 4831 numero,
1664 4769 1722 4815 turn

186 4846 229 4933 ἀρα
242 4854 504 4935 χοῐκδνὺποπτεύεις
523 4854 601 4930 μόνον
615 4843 698 4923 ε’ίναι,
722 4853 760 4931 μὴ
774 4853 844 4932 ἔχειν
866 4852 893 4910 δὲ
909 4851 951 4912 δύ-
1004 4866 1149 4912 ornatura
1168 4847 1352 4927 cognationem
1366 4849 1425 4928 ejus
1436 4867 1577 4926 agnoscas.
1591 4845 1659 4915 Quis
1670 4846 1723 4927 igi-

188 4968 255 5023 ιαμιν
275 4943 431 5022 ἀσώματον,
444 4941 494 5015 τὴν
515 4944 603 5024 prgis
624 4944 694 5023 λέγω
716 4944 763 5004 καλ
786 4944 834 5016 τὴν
851 4944 952 5014 ἐκείνης
1006 4959 1060 5017 tur,
1081 4940 1180 5020 inquit,
1197 4937 1330 4999 secundus
1344 4952 1384 4996 est
1405 4939 1503 4997 homo?
1518 4939 1662 4996 Dominus
1685 4938 1723 4997 de

191 5036 271 5115 μίαν,
286 5036 339 5096 Καὶ
361 5036 403 5102 τίς
417 5034 541 5095 ἄντοῦτο
555 5036 638 5111 εἴποις
653 5036 758 5117 Ὥσπερ
772 5027 817 5095 eds
831 5036 892 5116 περί
906 5042 951 5095 τοῦ
1006 5036 1088 5095 caelo.
1104 5037 1138 5097 dt
1149 5032 1220 5091 enim
1240 5027 1404 5089 scandalizat
1418 5051 1461 5089 me
1480 5029 1566 5104 locus,
1582 5027 1680 5107 inquit,
1696 5046 1723 5090 et

193 5125 264 5203 ’λδλμ
276 5126 387 5201 ἀκατίων,
409 5125 453 5187 ότι
465 5127 558 5206 χοῖκδς
575 5118 620 5201 ἦν,
635 5130 683 5187 οὐκ
694 5126 793 5207 ἔρημον
806 5130 855 5198 τῆς
864 5130 953 5208 ψυχῆς
1006 5125 1081 5207 quod
1093 5125 1200 5184 dicatur
1213 5124 1250 5181 dc
1263 5122 1343 5180 caelo.
1356 5123 1426 5187 Cum
1444 5120 1521 5180 audis
1534 5119 1654 5201 primum
1667 5120 1722 5180 ho-

195 5216 309 5297 τὐσάιμα
326 5217 499 5286 ὑποπτεύεις·
527 5216 610 5285 οὕτως
637 5216 795 5291 ἀκούων,Ὁ
816 5215 913 5298 Κύριος
926 5217 954 5288 ἐξ
1007 5218 1107 5278 minem
1122 5215 1258 5275 adamum
1271 5233 1327 5272 esse
1347 5212 1382 5271 de
1402 5227 1470 5273 terra
1484 5226 1629 5349 terrerppn,
1644 5233 1723 5272 num-

339 5318 415 5357 τοι.
441 5318 490 5357 ιιι.
1247 5356 1256 5369 ,
