3764 5992
522 439 672 490 nostium
696 440 743 488 DE
767 437 965 490 nunautotttt
988 439 1162 492 nomeu.
1542 449 1607 519 117

55 566 116 624 item
127 565 184 643 ejus
194 573 404 642 argumentum.
419 559 548 621 Hibitam
559 561 624 621 item
636 560 708 621 haue
722 558 757 619 de
770 579 823 640 qua
837 583 909 622 nune
920 564 1037 644 agimus,
1055 579 1199 644 antequam
1212 576 1318 645 tempus
1328 565 1454 646 paschale
1468 566 1606 629 dilabere-

59 670 106 725 tur,
123 666 213 735 aperte
226 666 325 712 narrat
339 674 416 713 num.
431 655 563 713 lsNam
575 657 611 724 si,
627 653 698 712 ἀιιηι
712 653 916 730 semitoniis,
931 657 980 728 ait,
995 661 1215 736 inscriptionem
1232 658 1355 736 legimus
1367 671 1397 718 et
1409 680 1584 722 enarramus
1590 707 1602 735 ‚
1612 670 1638 710 ⁸⁷

58 747 200 805 dimidium
211 746 412 805 solennitatis
421 747 645 816 consumsimus,
661 748 688 803 si
698 746 736 802 ab
752 744 872 802 exordio
884 748 970 805 initio
972 750 1063 828 sacto
1073 751 1105 804 iu
1116 751 1210 827 ipsum
1221 750 1290 807 libri
1298 751 1422 828 pelagus
1439 755 1604 812 orationem

58 841 202 896 ἐπίπαν
214 840 423 917 cepissemus,
437 848 593 918 quantum,
608 854 717 916 queso,
735 839 871 912 temporis
882 838 1130 913 impendissemus,
1147 850 1180 896 ut
1192 839 1233 895 ad
1243 839 1314 898 illas
1331 842 1368 898 de
1381 842 1480 900 Paulo
1497 863 1605 902 narra·

58 933 136 988 uem
146 931 399 1007 perveniremus?
420 927 457 986 Et
475 940 567 1008 postea
585 946 699 986 numero
712 925 806 1003 quinto
827 945 879 984 non
893 928 1005 985 obscure
1018 926 1153 1008 significat
1169 928 1245 987 illam
1267 928 1420 1009 homiliam,
1442 954 1502 1012 quae
1527 933 1605 997 nulla

58 1018 204 1080 utensilia
217 1033 414 1101 praecesserat,
430 1040 487 1079 esse
498 1031 623 1097 quartam
636 1017 664 1075 in
678 1015 844 1097 principium
857 1021 996 1094 Actorum,
1011 1019 1040 1076 in
1053 1039 1107 1097 qua
1121 1019 1252 1096 quaritur
1266 1041 1315 1080 cur
1329 1028 1396 1082 Acta
1409 1026 1604 1105 Apostolorum

59 1111 243 1171 ierteeoste
255 1111 401 1192 legantur.
416 1110 470 1171 Hie
483 1130 600 1189 namque
616 1123 723 1168 sanetus
736 1109 831 1167 doctor
844 1106 907 1166 talia
919 1109 991 1166 fatur
1002 1131 1011 1166 ε
1021 1111 1128 1168 Nonne
1144 1115 1176 1169 in
1190 1114 1288 1190 priore
1309 1115 1395 1172 vobis
1414 1102 1541 1176 collecta
1553 1118 1601 1175 di·

61 1204 145 1261 αὖα
158 1224 196 1262 ea
211 1204 386 1277 miracula,
409 1223 477 1284 quoe
491 1221 606 1261 crucem
625 1212 749 1281 sequuta
762 1210 840 1272 sunt,
856 1204 892 1260 iis
902 1202 1017 1280 majora
1034 1221 1099 1281 quoe
1109 1205 1203 1281 ipsam
1215 1219 1425 1282 precesserant
1438 1211 1602 1269 exstitisse?

10 1340 12 1351 .
59 1296 186 1354 dmueid
191 1296 321 1356 ostendi
332 1291 949 1368 uobiseteamiraccllisetcadiscipulorum
958 1292 1160 1350 benevolentia
1167 1306 1215 1360 ;et
1225 1309 1376 1374 quopacto
1384 1311 1474 1356 antea
1484 1300 1603 1379 quidem

10 1366 18 1487 ἱ
58 1388 174 1448 Christus
185 1391 352 1468 imperans
362 1399 496 1447 mortuos
505 1387 677 1460 suscitabat,
686 1396 789 1463 postea
798 1400 871 1439 uero
880 1400 1030 1439 servorum
1040 1383 1103 1460 ejus
1113 1384 1216 1439 umbra
1226 1383 1352 1462 idipsum
1355 1389 1527 1463 prestabat,
1546 1400 1600 1460 etc,

59 1479 198 1557 qmunuia
208 1479 320 1539 diserte
330 1491 479 1538 narramur
487 1476 516 1536 in
525 1476 572 1535 illa
581 1489 677 1554 quarta
689 1474 807 1534 liomilia
820 1472 849 1531 in
857 1471 1023 1553 principium
1041 1477 1169 1531 Actorum
1182 1493 1254 1531 urim.
1272 1475 1300 1531 7.
1316 1474 1379 1534 Haec
1392 1475 1476 1554 igitur
1486 1476 1602 1539 homilia

61 1584 160 1651 mian
171 1572 257 1632 illam
268 1571 300 1631 in
315 1569 487 1653 principium
497 1571 627 1628 hetorum
641 1568 737 1648 procul
748 1565 833 1626 dubio
849 1563 982 1640 sequitur.
997 1563 1053 1634 Qui
1063 1585 1128 1623 vero
1137 1563 1237 1623 fuerint
1248 1565 1289 1623 illi
1301 1565 1424 1647 πρόεδροι
1439 1567 1488 1646 qui
1501 1580 1560 1628 turn
1571 1569 1600 1630 in

61 1661 104 1737 lat,
117 1677 176 1723 turn
187 1663 220 1723 in
234 1661 372 1743 sequemi
384 1660 499 1722 homilia
514 1673 707 1738 memorantur,
723 1659 751 1718 in
762 1658 828 1720 Vita
842 1656 1028 1736 chrysostomi
1039 1655 1074 1715 ad
1088 1657 1188 1717 calcem
1200 1677 1312 1738 operum
1325 1659 1481 1718 adornanda
1494 1658 1601 1740 disqm·

62 1765 124 1814 taur.

87 1845 130 1904 bie
139 1845 309 1924 insequente
319 1842 518 1927 posthabitam
530 1842 678 1903 Humiliam
689 1842 716 1901 in
728 1840 807 1918 illud,
823 1842 939 1901 Paulus
950 1854 1049 1900 autem
1058 1844 1156 1902 adbuc
1164 1847 1280 1923 spirans
1291 1846 1451 1917 minarum,
1460 1856 1511 1904 etc.
1522 1842 1599 1905 illam

61 1937 192 1998 Moneta
210 1938 334 2012 habuit,
354 1957 417 2016 que
431 1936 588 1996 inscribitur
607 1935 654 1995 De
667 1938 819 1994 nominum
833 1937 1003 1993 mutatione.
1018 1934 1100 2005 Quod
1116 1949 1308 2013 argumentum
1322 1935 1369 1993 ille
1382 1934 1410 1993 in
1423 1935 1478 1994 fine
1497 1956 1600 2016 praeoe·
1688 1980 1693 1988 .

60 2029 125 2089 luds
136 2029 266 2089 bomilia
279 2042 416 2110 coeperat,
431 2027 484 2087 hac
493 2028 629 2110 proposita
642 2026 797 2107 questione,
812 2046 861 2084 cur
872 2024 967 2098 Paulo,
981 2047 1029 2084 eur
1041 2027 1129 2102 Petro,
1143 2047 1193 2086 cur
1204 2026 1266 2086 aliis
1277 2026 1304 2084 in
1319 2025 1413 2086 Veteri
1426 2027 1599 2088 Testamenta

60 2136 171 2181 uatum
181 2142 293 2181 nomen
304 2120 400 2180 fuerit
414 2119 449 2178 Id
463 2121 536 2179 enirn
547 2120 604 2202 ipse
615 2134 706 2179 namet
717 2140 793 2178 num.
810 2122 839 2177 ἢ.
851 2121 954 2200 Neque
967 2123 1056 2192 enim,
1069 2119 1116 2194 ait,
1131 2121 1168 2178 de
1183 2123 1269 2180 rebus
1281 2121 1447 2179 trivialibus
1464 2125 1600 2198 quastio-

61 2235 111 2273 ιιι
120 2216 275 2274 babeam
281 2215 388 2285 bodie,
399 2213 452 2272 sed
460 2213 497 2271 de
511 2233 554 2284 re,
567 2233 632 2295 quoe
644 2216 728 2292 capit
740 2212 857 2292 quidem
869 2212 1004 2270 hesterno
1014 2212 1199 2292 dieproponi‚
1211 2232 1271 2270 non
1279 2215 1376 2292 potuit
1386 2225 1485 2272 autem
1493 2214 1602 2272 solutio

58 2308 212 2383 questionis
227 2306 361 2388 afferri,
382 2316 501 2385 propter
512 2324 613 2362 eorum
633 2303 862 2376 multitudinem,
877 2306 1077 2384 quasuerant
1088 2307 1121 2361 in
1135 2305 1262 2363 medium
1273 2305 1402 2384 prolata.
1426 2306 1506 2384 Quid
1515 2293 1601 2364 'idad

56 2401 203 2475 porroest?
220 2400 276 2458 De
290 2399 448 2456 nominum
471 2400 655 2476 impositione
677 2399 798 2478 questio
811 2407 885 2468 erat,
906 2415 971 2475 quoe
983 2396 1065 2454 Deus
1078 2399 1189 2455 sanctis
1210 2400 1354 2476 imposuit.
1381 2395 1416 2455 Et
1435 2395 1600 2475 quibusdam

58 2488 228 2571 sepositis:
243 2489 343 2548 Pauli
358 2488 506 2569 praciam
512 2489 659 2570 facinora
673 2508 796 2547 narrme
808 2488 1007 2565 cupiebamus,
1022 2488 1143 2566 jamque
1154 2487 1284 2545 bistorioe
1303 2490 1495 2567 attigeramus
1512 2507 1600 2545 exor-

58 2581 124 2640 liem
133 2606 146 2652 ,-
156 2597 185 2641 et
195 2584 249 2642 nte
263 2583 369 2640 *uerbis
381 2593 552 2660 conceptum
563 2584 681 2640 initium
693 2583 873 2639 narrationis
884 2581 1066 2637 invenimus:
1077 2578 1177 2638 Saulus
1188 2591 1278 2636 autem
1288 2577 1378 2637 adhuc
1392 2579 1498 2659 spirans
1511 2578 1600 2640 minas

58 2671 180 2732 stadem
195 2673 227 2732 in
239 2671 399 2752 discipulos
414 2670 533 2731 Domini.
547 2672 695 2730 Continuo
711 2672 841 2730 turbavit
853 2690 905 2729 nos
919 2673 1087 2728 immutatio
1102 2673 1239 2745 nominis,
1257 2683 1282 2728 et
1302 2683 1397 2729 cetera
1410 2670 1445 2728 de
1458 2671 1600 2731 nominum

59 2765 201 2839 tudone,
216 2785 283 2843 quae
296 2763 427 2844 pluribus
441 2763 487 2822 ille
499 2762 684 2844 prosequitur3
698 2763 736 2822 ita
750 2777 781 2822 ut
791 2762 849 2822 haec
861 2760 974 2820 bomilia
985 2760 1021 2819 sit
1034 2781 1082 2819 ceu
1098 2761 1323 2841 complementum
1338 2760 1522 2841 precedentis.

88 2855 159 2915 haue
171 2855 326 2915 homiliam
339 2869 470 2933 sequutus
483 2870 523 2914 est
540 2876 627 2914 sermo
641 2855 698 2928 ille,
712 2855 758 2934 qui
773 2867 833 2936 post
846 2852 978 2912 Homilias
995 2852 1022 2912 iu
1042 2853 1171 2914 Genesim
1184 2874 1271 2912 nonus
1284 2866 1441 2912 numeratur
1453 2877 1460 2910 ε
1472 2853 1520 2913 ubi
1536 2854 1599 2914 dure

61 2944 112 3018 ila,
123 2944 159 3006 de
173 2946 284 3025 quibus
295 2947 411 3028 jamjam
425 2947 540 3027 winus,
553 2945 673 3006 homilia
686 2947 786 3006 diserte
800 2958 991 3018 memorantur,
1005 2958 1031 3002 et
1041 2943 1075 3004 de
1087 2943 1235 3004 mutatione
1245 2944 1495 3021 nominishbrahae,
1512 2944 1600 3025 deque

59 3034 159 3093 albeum
170 3034 322 3093 nominum
333 3033 516 3114 propriorum,
530 3054 589 3112 qua
601 3034 629 3092 in
639 3035 733 3094 Veteri
744 3037 915 3097 Testamenta
925 3050 997 3112 sunt,
1010 3036 1208 3116 significatione
1219 3049 1358 3096 tractatur.
1371 3037 1403 3094 ln
1414 3036 1466 3095 boc
1477 3056 1600 3098 sermone

60 3125 157 3203 poinde
166 3139 256 3204 atque
266 3126 296 3184 in
311 3124 526 3205 precedentibus
542 3124 673 3201 homiliis,
687 3127 769 3207 longo
782 3127 913 3209 proemio
930 3141 1044 3188 ususest
1060 3128 1277 3208 chrysostomus.
1294 3127 1362 3186 llinc
1376 3127 1489 3206 querela
1501 3126 1599 3209 populi
1640 3138 1646 3147 '

62 3218 220 3293 munebmi,
230 3217 302 3276 hine
313 3216 531 3298 reprehensiones
543 3216 571 3275 in
581 3217 817 3298 Chrysostomum,
831 3220 867 3279 oh
879 3220 989 3279 nimiam
999 3240 1096 3300 nempe
1104 3219 1297 3299 prooemiorum
1309 3218 1500 3299 prolixitatem.
1513 3220 1599 3301 Cujus

62 3309 224 3385 querimonia
245 3309 390 3368 occasione
400 3306 493 3388 paucis
506 3308 603 3388 elapsis
613 3308 711 3368 diebus
721 3309 796 3369 illam
809 3309 843 3370 de
851 3311 966 3371 ferendis
977 3311 1230 3392 reprehensionibus
1243 3312 1385 3371 homiliam
1397 3312 1502 3385 hahuit,
1515 3334 1600 3391 quain

62 3419 97 3459 nos
108 3403 135 3460 in
147 3403 218 3460 serie
234 3401 420 3460 Homiliarum
432 3399 467 3459 de
480 3393 620 3459 nominum
634 3401 782 3461 mutatione
799 3404 924 3484 ponimus
932 3427 941 3479 ;
956 3404 1020 3482 quia
1034 3404 1103 3484 ipsa,
1121 3404 1183 3462 licet
1198 3404 1225 3462 in
1239 3404 1317 3484 prius
1335 3403 1415 3464 editis
1428 3404 1558 3464 distracta
1571 3419 1599 3466 et
1650 3426 1652 3430 ⁴

63 3493 193 3572 proculab
207 3494 272 3552 aliis
287 3492 386 3574 posita,
401 3513 458 3551 sese
475 3491 568 3572 prodit
582 3493 633 3552 hoc
645 3492 740 3553 ordine
754 3495 905 3575 ponendam
919 3517 985 3569 esse,
998 3516 1073 3554 num.
1093 3497 1122 3569 5,
1137 3494 1181 3553 his
1194 3495 1288 3558 verbis
1300 3519 1307 3552 e
1320 3498 1367 3554 De
1384 3497 1483 3555 Paulo
1498 3510 1599 3555 autem

63 3605 141 3643 sermo
159 3589 248 3644 nobis
264 3606 360 3665 nuper
379 3597 453 3655 erat,
474 3586 595 3665 quando
610 3588 648 3645 de
662 3584 1065 3654 nominibusdisserebamus,
1089 3590 1349 3668 querebamusque
1367 3608 1420 3645 cur
1435 3589 1599 3668 aliquando

64 3677 165 3751 mulus,
181 3691 291 3759 postea
305 3698 377 3736 vero
391 3677 508 3736 Paulus
526 3690 652 3737 uocatus
663 3680 765 3754 suerit.
780 3680 855 3738 Inde
874 3698 947 3737 uero
970 3680 1093 3758 digressi
1112 3696 1212 3736 sumus
1226 3678 1268 3734 ad
1284 3690 1416 3735 uetemm
1431 3680 1598 3758 historiam,

66 3789 208 3853 omnesque
216 3775 272 3851 qui
280 3773 405 3828 nomina
412 3770 825 3830 babuerunteeaminavimus.
837 3769 929 3848 Pergit
939 3768 1019 3827 etiam
1029 3768 1058 3825 in
1067 3767 1118 3825 hac
1127 3767 1264 3839 concione,
1276 3788 1308 3826 ac
1317 3768 1444 3846 disquirit
1456 3790 1505 3828 cur
1515 3771 1601 3831 Paulo

66 3881 146 3921 mmen
159 3876 303 3921 mntmum
321 3862 367 3938 sit,
381 3874 407 3920 et
417 3881 467 3920 cur
476 3879 529 3918 non
541 3860 630 3921 statim
645 3861 682 3920 ab
691 3862 749 3943 ejus
760 3859 941 3935 conversione,
951 3857 998 3917 sed
1008 3878 1061 3916 non
1071 3857 1178 3917 modico
1193 3871 1254 3938 post
1270 3858 1347 3918 illam
1359 3871 1478 3942 tempore
1489 3862 1525 3922 sit
1539 3884 1601 3922 mu·

66 3965 147 4013 uum.

10 4056 12 4061 ’
93 4045 164 4105 lianc
176 4046 325 4123 aliquanto
335 4043 494 4124 interposito
509 4057 628 4124 tempore
638 4046 744 4126 excepit
753 4044 875 4104 Humilia
887 4043 915 4102 in
928 4040 1009 4116 illud,
1019 4042 1134 4101 Paulus
1147 4041 1328 4114 vocatus,.in
1340 4044 1418 4123 cujus
1432 4043 1521 4104 medio
1532 4044 1605 4106 idern

63 4135 140 4216 puin
147 4137 238 4216 tangit
246 4147 451 4214 argumentum,
459 4149 485 4195 et
495 4149 551 4195 tres
560 4135 663 4216 priores
675 4136 801 4196 homilias
813 4147 1016 4206 commemorat,
1027 4133 1071 4192 his
1079 4132 1184 4192 verbis:
1194 4135 1284 4209 Num,
1291 4138 1318 4193 si
1328 4136 1533 4210 recordamini,
1545 4149 1604 4197 tres

63 4232 179 4309 integros
190 4231 257 4287 dies
270 4229 310 4286 de
319 4227 384 4286 solo
397 4229 452 4285 ltoc
463 4231 580 4285 nomine
589 4228 758 4288 disseruisse
768 4250 813 4288 me
824 4231 914 4301 scitis,
924 4228 994 4285 dum
1005 4246 1114 4284 causas
1123 4227 1277 4306 afferrem,
1288 4229 1324 4284 ob
1337 4248 1411 4307 quas
1421 4248 1486 4286 eum
1495 4229 1604 4288 Saulus

62 4333 140 4378 autea
151 4331 326 4394 exaretur,
342 4319 458 4377 Paulus
474 4318 580 4377 deinde
593 4333 719 4378 uocatus
738 4332 792 4391 est,
816 4332 846 4378 et
863 4339 953 4400 quom
968 4320 1004 4376 ob
1019 4337 1079 4375 rem
1094 4336 1154 4373 non
1171 4318 1328 4374 statim‘ad
1336 4318 1429 4396 fidem
1447 4339 1604 4380 conversus

60 4412 131 4470 lanc
141 4411 376 4491 appellationem
386 4413 510 4490 accepit,
526 4411 579 4468 sed
588 4411 630 4468 ad
638 4413 761 4470 multum
773 4425 884 4489 tempus
897 4430 1002 4467 nomen
1011 4410 1143 4477 retinuit,
1163 4407 1244 4486 quod
1253 4407 1301 4465 illi
1309 4422 1447 4487 parentes
1458 4414 1604 4490 imposue-

60 4508 140 4560 rant?
163 4501 276 4573 Quibus
290 4513 347 4558 tres
359 4499 440 4557 hasce
453 4497 555 4577 priores
572 4496 606 4557 de
620 4499 760 4557 nominum
774 4501 922 4562 mutatione
938 4498 1064 4558 homilias
1078 4498 1117 4556 ita
1138 4495 1237 4556 diserte
1257 4513 1458 4573 commemorat,
1475 4515 1506 4560 ut
1524 4502 1600 4562 nulla

61 4591 170 4672 supersit
181 4589 331 4651 adversum
344 4587 501 4670 suspicandi
512 4608 601 4648 causa.
616 4589 665 4647 lite
676 4610 758 4669 porro
765 4604 882 4669 quatuor
892 4581 1010 4650 homilia
1021 4590 1050 4648 in
1063 4589 1140 4670 prius
1153 4587 1234 4647 editis
1249 4590 1347 4649 misere
1361 4590 1518 4669 distractae,
1533 4607 1559 4653 et
1571 4608 1602 4654 ut

60 4682 93 4741 ita
102 4682 189 4742 dicam
201 4681 343 4763 dissipatae
354 4693 448 4754 eram,
462 4692 493 4738 nt
505 4700 558 4738 non
571 4680 624 4738 nisi
640 4680 744 4761 ingenti
756 4681 848 4743 labore
859 4697 950 4764 posset
963 4703 1056 4741 earum
1066 4681 1146 4740 series
1158 4681 1313 4749 intemosci‚
1330 4683 1446 4762 quemad
1451 4684 1566 4744 modum
1576 4701 1602 4747 et

61 4773 229 4852 pzoetmm
241 4774 304 4833 aliae
317 4786 436 4852 quatuor
450 4770 480 4830 in
488 4777 616 4840 Actorum
632 4771 833 4853 inscriptionem
846 4798 856 4852 3
875 4789 976 4854 quanto
989 4787 1079 4832 autem
1092 4773 1120 4831 id
1136 4773 1267 4831 lectorum
1284 4772 1426 4855 dispendio
1452 4773 1599 4852 acciderit,

63 4884 150 4929 aarum
161 4871 191 4948 ii,
203 4872 252 4951 qni
268 4869 313 4932 vel
328 4867 499 4950 primoribus
517 4866 602 4926 labris
615 4888 671 4925 rem
684 4868 892 4928 ecclesiasticam
907 4865 1231 4943 literarium-attigerunt.
1261 4864 1270 4880 '

98 4963 198 5034 Prima.
210 4962 336 5025 oemtndae
350 4976 380 5022 et
392 4975 498 5041 quartu
516 4959 635 5021 homilia
653 4961 839 5042 interpretatio
853 4957 950 5017 Latina
962 4968 1001 5013 est
1015 4953 1158 5013 Frontonis
1172 4951 1279 5034 Ducaei,
1295 4953 1381 5015 tertiae
1394 4968 1461 5018 vero
1479 4955 1600 5019 homilia

69 5057 332 5136 mptmrimus,
347 5052 414 5135 quia
429 5051 569 5115 scintilla
582 5051 678 5113 incerti
691 5055 782 5114 versio
797 5072 850 5113 non
865 5061 989 5109 aestuata
1004 5059 1071 5108 erat.

676 5222 984 5259 φ
