3810 6000
337 461 383 507 ua
407 459 525 509 unnuts
550 460 728 524 arosroar,
756 460 886 508 urrann
914 462 1149 512 susrrunnnrrs
1176 465 1346 529 nonrcunr,
1367 468 1442 514 arc.
1574 448 1640 540 347

127 586 226 658 ίιήσισιν
244 584 299 644 ἀπὸ
317 588 365 656 τῆς
377 587 430 644 τῶν
446 583 658 665 κατορθωμάτων
672 585 793 662 μνήμης,
809 585 876 663 μετὰ
930 586 998 645 riam
1016 587 1141 664 excitata,
1155 609 1216 648 cum
1236 590 1403 671 eleemosyna
1419 589 1454 649 ad
1480 591 1642 671 precandum

125 682 160 748 τῆς
174 675 349 747 ίλεημοσίνης
368 676 413 735 ίπί
432 675 479 742 τίς
493 675 572 755 εὐχὰς
582 674 736 756 apponet«,
750 676 796 735 καί
810 700 876 752 μνη-
928 677 1097 756 accedamus,
1113 694 1138 738 et
1149 678 1293 759 diligenter
1308 681 1398 740 omnia
1418 703 1477 760 qua
1491 682 1564 741 dicta
1582 698 1644 743 sont

127 766 259 845 ρυνυίωμεν
274 767 343 844 μετὰ
356 765 491 845 ἃκριῦείας
506 766 610 826 ἅπαντα
627 766 661 826 alr
676 767 816 846 εἰρημένα·
831 767 876 825 καί
930 767 956 826 in
968 771 1095 828 memoria
1108 772 1277 844 retineamus,
1287 773 1560 833 etanteomniaillaru
1572 796 1642 855 pau-

66 850 73 897 i*
125 859 164 937 ιρί
175 882 202 936 γε
214 862 268 916 τῶν
281 858 370 917 ἄλλων
383 858 508 918 ἁπάντων
530 856 630 931 ἐκείνην
653 884 697 937 μοι
716 858 764 931 τὴν
788 859 876 918 εἰκόνα
931 878 1024 935 perum
1039 858 1192 938 imaginem,
1208 883 1261 938 qua
1275 882 1319 919 eos
1330 860 1389 919 dixi
1404 883 1452 940 pro
1466 863 1568 921 loribus
1585 885 1644 922 ora·

125 954 254 1027 διαιηρεῑτε
271 950 411 1022 διηνεκῶς,
422 952 481 1008 καθ’
494 951 527 1022 ἣν
540 940 613 1009 εἶπον
627 949 686 1017 τοὺς
698 950 813 1023 πένητας
824 950 876 1032 πρὸ
930 949 992 1006 torii
1012 951 1165 1025 consistere,
1177 951 1297 1031 idipsum
1310 953 1337 1011 in
1358 953 1453 1011 animae
1469 975 1547 1013 usum
1569 978 1642 1035 prae-

125 1045 163 1100 ιῶν
175 1043 259 1118 θυρῶν
273 1039 384 1098 ἑστάναι
396 1044 448 1098 τῶν
461 1040 605 1122 εὖκτηρίων
618 1041 705 1114 οἴκων,
719 1039 817 1113 ταύτην
832 1041 877 1101 ἐπὶ
929 1052 1037 1109 stantes,
1048 1041 1121 1119 qnod
1135 1041 1163 1099 in
1182 1043 1301 1123 corporis
1317 1064 1395 1101 usum
1409 1043 1467 1102 lons
1481 1044 1599 1104 exhibet.
1615 1048 1645 1106 Si

124 1131 158 1196 τίς
175 1133 261 1208 ψυχῆς
288 1129 500 1207 ἀναπληροῦντες
521 1128 569 1201 τὴν
589 1129 690 1211 χρείαν,
712 1131 745 1203 ἣν
764 1129 808 1190 ἐπὶ
829 1135 875 1189 τοῦ
929 1131 1002 1189 enim
1014 1132 1113 1191 horum
1123 1154 1253 1192 memores
1262 1135 1387 1193 continue
1398 1149 1511 1193 mentem
1522 1135 1645 1195 ablueri-

124 1217 229 1296 σιἰματος
250 1222 269 1290 ἡ
289 1218 384 1298 κρήνη.
403 1215 449 1280 Ἂν
470 1218 522 1299 γὰρ
549 1227 625 1281 τοῦτο
655 1210 726 1297 ὦμεν
752 1223 877 1292 διηνεκῶς
931 1222 1027 1296 rimus,
1045 1224 1191 1304 poterimus
1204 1238 1230 1284 et
1248 1246 1330 1305 puras
1345 1246 1434 1305 preces
1448 1224 1484 1284 ad
1498 1227 1646 1286 Dominum

124 1309 293 1388 μεμνημένοι,
313 1314 430 1391 συνεχῶς
455 1312 661 1389 ἀπονιπτόμενοι
680 1315 725 1373 τὸν
740 1314 877 1393 λογισμὸν,
931 1315 1056 1395 allegare,
1069 1316 1182 1374 multam
1199 1314 1272 1396 apud
1286 1318 1375 1376 Deum
1386 1317 1517 1377 fiduciam
1527 1318 1646 1379 obtinere

124 1400 282 1482 ιιίαρᾶςμὲν
296 1403 461 1479 δυνησόμεθα
474 1401 521 1470 τὰς
535 1403 614 1483 εὐχὰς
627 1408 765 1477 ἐπιτελεῖν,
777 1404 877 1476 πολλὴν
932 1422 957 1466 et
966 1407 1069 1467 caelesto
1075 1428 1188 1487 regnum
1196 1410 1332 1486 consequi,
1347 1409 1433 1489 gratia
1446 1424 1472 1468 et
1483 1410 1647 1490 benignitate

125 1491 349 1555 ίίίπιοποίσπσθαι
361 1493 435 1574 παρί
448 1501 495 1555 τοῦ
512 1497 581 1555 Θεοῦ
597 1495 646 1568 τὴν
659 1496 879 1577 παῤῥησίαν,καὶ
933 1499 1041 1557 Domini
1056 1499 1140 1559 nostri
1154 1502 1215 1560 lesu
1231 1500 1344 1578 Christi,
1361 1503 1405 1560 cui
1418 1501 1502 1579 gloria
1516 1514 1543 1560 ct
1556 1502 1644 1582 impe·

66 1628 69 1650 ,
126 1586 161 1655 τῆς
172 1585 307 1662 βασιλείας
319 1591 373 1645 τῶν
386 1589 502 1664 οὐρανῶν
512 1589 657 1666 ἐπιτυχεῖν,
672 1589 764 1670 χάριτι
776 1589 821 1649 καὶ
835 1614 878 1670 pr·
933 1591 1005 1649 rium
1021 1590 1049 1651 in
1064 1591 1161 1651 saecula
1174 1593 1342 1650 saeculorum.
1352 1595 1444 1650 Amen.

66 1664 71 1732 l
127 1675 323 1758 ίανίροιπίιρτοῦ
344 1675 444 1757 Κυρίου
464 1681 541 1754 ἡμῶν
561 1678 650 1751 Ἰησοῦ
665 1681 797 1761 Χριστοῦ,
817 1670 840 1761 ᾧ
861 1687 879 1753 ἡ

130 1766 176 1834 lale
196 1768 242 1828 καί
264 1769 295 1828 τὸ
318 1768 414 1848 κριίτος
434 1771 470 1836 είς
494 1768 553 1838 τὼς
572 1774 668 1838 αἰῶνας
694 1778 746 1833 τῶν
768 1773 879 1834 αἰώνων.

132 1857 205 1935 nn.

586 2546 649 2618 AD
675 2548 914 2624 llOMlLlAM
940 2549 990 2620 lN
1018 2548 1183 2635 lLLUD,

254 2791 426 2848 wrm
442 2787 737 2849 SUSTINERETIS
755 2786 960 2847 MODICUM
981 2786 1084 2863 QUID
1104 2786 1371 2848 INSIPIENTIAE
1392 2793 1503 2850 MEAE.

167 3009 263 3071 Nullam
271 3011 315 3070 vel
327 3010 380 3070 loci
389 3011 431 3070 vel
447 3009 577 3091 temporis
591 3023 681 3069 notam
692 3028 748 3089 prae
762 3028 790 3066 se
802 3006 853 3065 lert
864 3005 923 3064 haec
936 3005 1058 3066 homilia.
1072 3007 1128 3068 Sed
1138 3009 1157 3066 ai
1166 3009 1244 3068 Pauli
1256 3010 1385 3071 laudibus
1396 3035 1473 3074 orsus
1487 3015 1648 3097 Chrysosto·

139 3119 188 3176 uus,
199 3104 252 3183 ejus
271 3103 396 3184 exemplo
417 3123 549 3181 quemque
572 3100 649 3159 docet
670 3096 860 3158 abstinendum
874 3117 978 3178 semper
993 3119 1077 3157 essea
1096 3101 1213 3180 propriis
1233 3101 1372 3180 laudibus,
1384 3119 1515 3181 quantum
1536 3109 1649 3169 facultas

137 3187 195 3265 lent,
206 3205 230 3249 et
247 3190 401 3269 siquando,
416 3203 528 3269 urgente
543 3210 618 3266 casu,
634 3201 744 3267 cogatur
754 3185 889 3265 quispiam
903 3209 933 3246 ea
953 3210 1162 3249 commemorare
1175 3213 1235 3269 quae
1250 3193 1278 3252 in
1294 3215 1373 3253 suum
1391 3211 1496 3256 vertant
1510 3198 1648 3270 honorem,

136 3277 256 3341 idsnmma
269 3305 333 3342 cum
345 3280 527 3340 moderatione
541 3279 723 3361 praestandum
738 3299 804 3338 esse.
818 3277 943 3359 ldipsum
954 3301 1019 3338 vero
1033 3282 1174 3340 confirmat
1186 3285 1311 3366 exemplo
1323 3286 1439 3346 Davidis
1454 3303 1480 3347 et
1494 3289 1648 3350 Samuelis:

66 3380 77 3477 ρ
134 3373 235 3431 ttnrlnl
260 3372 306 3434 vel
321 3374 410 3434 obiter
434 3373 530 3452 tangit,
558 3393 611 3451 quo
633 3371 776 3430 internosci
790 3371 877 3431 valeat
893 3371 1075 3432 Autioehiaene
1097 3395 1131 3432 an
1147 3376 1376 3458 Constantinopoli
1401 3378 1470 3438 hanc
1496 3382 1649 3441 concionem

66 3484 76 3581 ρ
133 3459 246 3524 hahuerit.

66 3586 71 3643 ιῐ
158 3556 401 3638 Interpretationem
427 3556 521 3615 incerti
551 3554 705 3636 eujusdam,
732 3574 791 3632 quae
816 3552 905 3612 minus
929 3552 996 3612 bene
1015 3554 1170 3614 concinnata
1194 3571 1259 3633 erat,
1281 3561 1474 3641 expunximus,
1499 3582 1649 3641 novamque

66 3648 74 3725 ,ί
129 3645 311 3709 adornavimus.

1109 3845 1299 3855 ---—-—..-

129 3858 299 3869 ——-—
310 3860 470 3869 ...-.——--

198 4004 262 4064 ΕΙΣ
282 4004 335 4066 ΤΟ
356 4000 631 4062 ΑΠΟΣΤΟΛΙΚΟΝ
652 3999 799 4071 ΡΗΤΟΝ,
901 4004 921 4048 Α
1020 3999 1072 4055 ΙΝ
1087 4001 1172 4060 Hoc
1192 4000 1398 4064 APOSTOLI
1415 4008 1588 4086 DICYUM,

181 4188 297 4268 Ὀρελον
311 4186 448 4265 ἀνείχεσθέ
458 4209 508 4264 μου
521 4160 614 4262 μικρὸν
625 4185 659 4262 τῇ
672 4182 814 4262 ἀφροσύνῃ.
937 4181 1046 4241 Utinam
1069 4183 1234 4244 sustineretis
1247 4186 1384 4246 modicum
1398 4189 1465 4268 quid
1488 4191 1647 4274 insipientia
1659 4227 1680 4258 ι,
1692 4215 1747 4260 tor.
1761 4228 1799 4262 ιι.

1241 4299 1313 4337 mete.
1661 4287 1680 4322 ¹·

152 4459 286 4528 Ἅπαντες
300 4459 348 4537 μίν
369 4460 437 4537 ριλῶ
461 4460 521 4524 τοὺς
542 4457 643 4536 ἁγίους,
658 4457 776 4533 μάλιστα
795 4456 822 4514 δὲ
835 4456 880 4515 τὸν
975 4457 1000 4512 l.
1015 4456 1115 4516 Omnes
1124 4458 1248 4536 equidem
1255 4482 1316 4519 amo
1326 4476 1440 4540 sanctos,
1451 4465 1570 4525 maxime
1580 4489 1644 4527 vero

115 4551 241 4632 μαᾶρῑῦν
252 4551 371 4623 Παῦλον,
391 4549 422 4608 τὸ
443 4557 533 4616 σκεῦος
548 4552 595 4618 *dt
609 4547 735 4626 ἕκλῠγῆς,
753 4546 801 4618 τὴν
813 4545 880 4605 odl-
931 4544 1040 4604 beatum
1054 4547 1178 4621 Paulum,
1191 4572 1238 4610 vas
1251 4551 1396 4628 electionis,
1406 4554 1644 4633 tuhamcaelestem,

114 4667 195 4723 πιηγα
212 4641 262 4714 τὴν
280 4641 411 4721 οὐροίνιον,
429 4641 473 4700 τὸν
497 4638 737 4720 νυμφαγωγὸν,τοῦ
754 4637 880 4715 Χριστοῦ.
932 4636 1032 4696 Christi
1043 4639 1206 4719 pronubum.
1226 4641 1258 4700 ld
1269 4665 1332 4703 vero
1343 4643 1414 4717 dixi,
1430 4667 1573 4727 meumque
1582 4672 1645 4730 erga

114 4735 200 4795 Τοῦτο
219 4733 247 4794 dl
273 4723 356 4804 εἷπον,
377 4731 423 4791 καὶ
445 4732 473 4792 ὃν
489 4729 550 4809 περί
565 4728 642 4788 αὐτὸν
656 4729 741 4808 ἔρωτα
759 4726 828 4806 ἔχω,
845 4730 881 4793 τίς
932 4727 1168 4788 illumamoremin
1178 4731 1297 4792 medium
1305 4734 1419 4814 protuli,
1428 4751 1457 4794 ut
1469 4738 1645 4818 ejusdemnos

112 4827 192 4905 μέσον
207 4824 351 4903 ὶξτίνεγκα,
364 4821 407 4881 ἵνα
421 4823 467 4881 καί
486 4827 554 4898 ὑμᾶς
568 4818 706 4886 κοινωνοῦς
716 4817 820 4889 ποιήσω
835 4823 880 4878 τοῦ
932 4817 1076 4902 participes
1096 4821 1239 4882 efficerem.
1256 4826 1326 4883 Nam
1340 4826 1388 4904 qui
1399 4847 1542 4908 corporum
1555 4853 1645 4892 amoro

110 4920 230 5000 ρίλτρου.
251 4917 288 4976 Οἱ
303 4914 351 4993 μίν
370 4911 422 4994 γὰρ
443 4914 489 4973 τὸν
502 4911 653 4990 σωματικὸν
673 4909 759 4992 ἔρωτα
771 4911 881 4990 ἐρῶντες
932 4911 1056 4989 flagrant,
1064 4909 1102 4986 id,
1114 4913 1203 4990 etjuro
1212 4913 1331 4993 quidem,
1343 4917 1504 4978 erubescunt
1514 4922 1644 5001 profiteri,

108 5011 219 5078 είκόιως
229 5005 553 5087 αἰσχίνοντοιιὸμολογεῑν,
565 5004 611 5062 dra
619 5001 664 5061 καί
675 5000 781 5069 ἑαυτοὺς
789 5023 882 5060 καται-
934 5014 1026 5081 utpote
1041 5002 1088 5080 qui
1108 5001 1146 5061 sic
1168 5016 1193 5061 ct
1206 5003 1257 5063 sihi
1270 5004 1412 5087 pudorem,
1427 5023 1454 5068 et
1474 5013 1575 5072 eaeteris
1593 5013 1646 5075 da.

107 5103 265 5183 σχίνοντες,
276 5098 323 5162 καί
339 5094 400 5163 τοῦς
410 5096 552 5162 duodenne
571 5091 744 5174 βλάπτοντες·
761 5097 785 5151 οἱ
800 5091 827 5151 δὲ
838 5093 882 5152 τὀν
900 5107 917 5153 n
936 5092 1217 5171 mnuminserant:qni
1227 5116 1292 5158 vero
1299 5097 1433 5177 spirituali
1442 5101 1536 5163 andem
1544 5126 1643 5187 arnone,

1460 5210 1509 5269 25.
