3764 5992
370 469 406 517 ru
432 468 560 518 nrcruu
586 467 698 536 ννννιν,
727 471 817 520 nono
842 470 906 520 vos
932 470 1122 543 resonare,
1144 438 1221 522 nro·
1485 453 1554 525 283

134 591 199 655 νοιδν
222 582 305 668 eim,
324 593 355 653 οὗ
384 591 429 653 διέ
441 592 490 667 την
511 593 587 674 φύσιν
612 600 660 656 τάῖ
677 593 786 673 ύδατος,
802 600 821 648 C
838 598 875 656 ele
895 598 1045 677 spirituali
1067 611 1261 680 consequente
1278 621 1328 661 eos
1351 613 1438 681 petro
1450 624 1459 658 ι
1468 613 1554 681 petra

134 685 200 744 ιτδν
214 687 264 757 τῆς
276 683 404 766 χορηγίας
418 685 526 765 τρόπον,
539 686 689 767 ἐπήγαγεν·
702 687 782 749 'Erre
838 701 937 749 autem
956 703 1020 751 emt
1036 691 1181 752 Christus.
1200 691 1273 769 Non,
1286 691 1384 772 inquit,
1405 704 1502 753 natura
1516 691 1556 751 la·

134 780 162 839 ta
175 781 226 849 τῆς
235 782 418 855 πνευματικῆς
427 778 620 850 ἀκολουθούσης
632 779 730 860 πέτρας
744 806 750 818 ·
768 786 785 853 ἡ
838 780 922 860 pidis,
937 782 986 843 sed
998 782 1133 864 operantis
1146 783 1198 843 Dei
1209 783 1297 846 virtus
1307 784 1394 846 sontes
1404 784 1466 845 illos
1476 783 1556 844 emit·

134 860 202 942 tir
222 873 239 929 θ
259 870 382 950 Χριστός.
407 868 517 950 Ούχίὴ
541 871 616 952 φύσις
635 877 681 933 τοῦ
698 872 788 944 λίθου,
838 872 919 933 tebet.

134 962 181 1021 Μ’
196 968 215 1035 ἡ
230 960 340 1040 δύναμις
349 968 396 1023 τοῦ
408 964 575 1042 ἐνεργοῦντος
590 966 661 1049 §eoi
674 964 721 1032 τὰς
730 989 787 1036 πη-

134 1055 201 1125 nee.
224 1052 268 1113 ue

134 1148 188 1203 ῦθα
199 1074 306 1217 irrisis
322 1143 488 1205 Παύλουτοῖ
499 1145 789 1229 Σαμοσατίυνςαίρεσιν
880 1143 909 1204 5.
921 1141 959 1202 Et
971 1142 1018 1203 hio
1031 1141 1110 1204 Pauli
1121 1143 1287 1205 samosateni
1308 1142 1435 1206 baresim
1456 1143 1556 1204 radici·
1585 1207 1613 1236 au
1628 1131 1711 1236 cm}

134 1260 148 1297 ι
169 1235 323 1319 πρόρριζον.
339 1235 440 1319 Εἰγδρ
453 1242 469 1297 ὁ
483 1239 598 1320 Χριστὸς
613 1231 646 1312 ἦν
665 1245 680 1300 ὁ
702 1240 791 1301 πάντα
841 1246 885 1295 tus
898 1235 998 1297 evellii.
1011 1236 1123 1298 sienim
1147 1237 1272 1298 Christus
1285 1237 1332 1297 illa
1356 1239 1447 1299 omnia
1460 1260 1557 1322 opera·
1619 1211 1711 1300 ίίνοναιε·

145 1330 247 1401 uersu
267 1332 326 1396 πῶς
347 1330 429 1390 etate
451 1334 482 1391 tx
500 1328 561 1391 τότε
581 1321 648 1390 ε’ίναι
660 1331 792 1411 λέγωσιν,
841 1328 934 1402 batur,
957 1327 1093 1406 quomodo
1112 1329 1203 1409 ipsum
1227 1328 1293 1388 hinc
1308 1331 1422 1412 coepisse
1440 1330 1631 1410 dicunt‚⁰''¹¹²·

134 1419 197 1503 ιμία
215 1420 297 1481 «cete
309 1419 517 1497 ἐτοιενςὋταν
535 1421 586 1505 γάρ
606 1423 659 1505 πρὸ
680 1424 728 1503 μὲν
744 1429 792 1498 τῆς
842 1440 904 1480 cnm
915 1417 1004 1478 bieria
1015 1419 1105 1500 ipsum
1120 1419 1310 1500 genuirecrm
1318 1423 1391 1481 eninr
1404 1443 1435 1481 m
1457 1444 1517 1502 qure
1530 1423 1560 1484 in

143 1511 183 1573 ‘td
202 1512 276 1574 md
290 1511 338 1585 τὴν
362 1514 461 1593 άρημον
487 1514 613 1596 φαίνηται
634 1516 791 1595 συμὸάνςα,
843 1510 948 1572 deserto
972 1524 1045 1591 gesta
1065 1524 1140 1588 sunt,
1156 1524 1218 1570 anie
1240 1511 1358 1571 Mariam
1371 1512 1440 1573 faeie
1454 1514 1519 1593 elul,
1534 1527 1561 1576 et

134 1602 282 1667 inemo
301 1605 417 1686 Χριστὸς
433 1597 467 1678 ἦν
485 1606 640 1678 πεποιηκὼς
661 1608 730 1668 κατὰ
745 1607 794 1681 τὴν
809 1617 829 1664 D
845 1603 970 1664 Christus
981 1603 1132 1665 secundm
1147 1605 1227 1665 Pauli
1240 1627 1335 1667 vocem
1345 1606 1394 1667 illa
1409 1608 1500 1668 omnia
1517 1609 1561 1668 le-

134 1698 183 1757 λον
197 1695 301 1778 φωνὴν,
317 1696 421 1778 ἀνάγκη
439 1697 487 1756 καί
502 1698 554 1780 πρδ
575 1704 621 1759 τοῦ
643 1698 722 1760 τέκον
736 1699 797 1760 τού-
845 1695 929 1772 cerit,
943 1716 1048 1756 necesse
1070 1711 1110 1757 est
1129 1696 1208 1756 illum
1220 1711 1248 1757 et
1261 1710 1323 1758 ente
1339 1712 1448 1780 partum
1460 1713 1489 1762 et
1500 1713 1563 1762 ante

139 1787 197 1869 πρὸ
214 1793 270 1849 τῶν
281 1789 382 1849 ε’νδίνων
395 1788 473 1849 ebrie
487 1780 555 1850 εἶναι
566 1789 681 1851 τούτων·
699 1792 729 1851 οὐ
743 1791 796 1874 γὰρ
845 1786 1052 1869 parturitionem
1066 1786 1162 1847 luisse:
1173 1809 1259 1868 neque
1274 1787 1403 1870 enimqui
1416 1811 1468 1851 non
1479 1789 1563 1851 exsti-

134 1878 199 1958 ιμνλ
224 1879 262 1939 ὢν
287 1882 401 1962 ἐνεργεῖν
425 1880 534 1958 ἔμελλεν
560 1880 630 1941 οίτιο
656 1882 796 1960 θαυμαστὰ
847 1878 932 1955 timet,
951 1893 1006 1939 tam
1031 1879 1168 1939 mirabilia
1187 1894 1268 1959 atque
1289 1880 1459 1942 incredibilia
1481 1884 1562 1964 opera

134 1969 216 2040 άδαξα
229 1971 507 2054 πράγματα.”ίδσπερ
521 1971 548 2031 δὲ
566 1973 659 2049 εἰπὼν,
674 1971 716 2033 ὅτι
727 1974 798 2034 Πάν-
846 1984 988 2051 patrasset.
1012 1971 1088 2033 Sicut
1105 1987 1196 2032 autem
1218 1994 1281 2032 cum
1303 1971 1392 2048 dixit,
1410 1995 1503 2035 omnes
1515 1996 1564 2056 per

149 2066 203 2135 τῆς
222 2062 358 2137 θαλάσσης
376 2065 493 2136 διῆλθον,
513 2062 562 2136 τὴν
591 2064 724 2142 εὐγένειαν
749 2070 798 2138 τῆς
847 2083 922 2122 mare
936 2062 1102 2141 transivisse,
1117 2062 1245 2130 Ecclesiae
1259 2065 1427 2150 nobilitatem
1440 2066 1489 2126 din
1503 2078 1564 2128 ante

134 2155 181 2225 tq
215 2154 348 2228 ἐδήλωσεν
376 2155 477 2214 άνωθεν
509 2156 795 2234 προδιατυπουμίνην·
847 2154 921 2235 typis
932 2176 1086 2236 expressam
1094 2155 1304 2217 deelaravittsic
1311 2178 1373 2217 cum
1383 2157 1463 2235 dixit,
1472 2180 1565 2220 omnes

134 2248 216 2324 lube,
228 2248 272 2309 Τὸ
292 2248 358 2309 etet
378 2251 475 2328 βρῶμα
488 2249 666 2325 πνευματοιδν
686 2248 796 2331 ἔφαγον,
847 2243 970 2306 eamdem
982 2266 1070 2306 eseam
1083 2246 1251 2328 spiritualem
1271 2248 1428 2329 comedisse,
1444 2250 1564 2332 idipsum

139 2346 222 2403 τοῖίτο
243 2339 324 2400 πάλιν
345 2338 463 2419 ᾐνίξατο.
490 2340 619 2420 ίίαθάπερ
642 2341 695 2420 γὰρ
714 2344 740 2401 ἐν
762 2347 796 2422 σῇ
847 2337 946 2398 iterum
968 2338 1161 2400 subindicavit.
1187 2340 1425 2413 Quemadmodum
1449 2343 1521 2402 enim
1536 2344 1565 2404 in

134 2430 168 2513 riq
191 2433 246 2511 σύγ
276 2429 366 2514 ίτέρου
397 2429 446 2510 μὲν
473 2428 597 2508 σώματος
619 2433 797 2502 ὁπλούσιος,
847 2428 969 2490 Ecclesia
978 2450 1034 2490 non
1049 2429 1127 2490 aliud
1139 2452 1236 2513 corpus
1254 2433 1343 2511 dives,
1358 2433 1436 2494 eliud
1448 2456 1563 2517 pauper,

134 2520 294 2597 δίπίνης,
309 2521 370 2582 οὐδὲ
395 2522 485 2603 ἐτέρου
502 2519 551 2600 μὲν
578 2511 653 2588 οὗτος
667 2521 798 2602 αἵματος,
847 2544 897 2583 neo
911 2522 996 2582 alium
1009 2522 1167 2603 sanguinem
1176 2523 1232 2601 bic,
1248 2522 1334 2585 alium
1347 2526 1394 2585 ille
1407 2525 1517 2607 accipit:
1526 2526 1566 2586 sio

134 2614 286 2682 Ιδένιεῖνος·
304 2612 375 2674 oben
392 2613 438 2675 καί
451 2613 528 2685 τότε,
549 2615 601 2694 οὐχ
619 2613 707 2691 ἕτερον
722 2615 799 2694 pleb
848 2628 874 2674 et
887 2614 935 2674 illo
948 2628 1068 2696 tempore
1083 2635 1136 2675 non
1149 2614 1226 2676 aliud
1242 2615 1319 2677 dives
1339 2638 1437 2677 manna
1450 2618 1564 2699 accepit,

134 2730 145 2777 ς
163 2705 305 2786 ἐλάμδανε
327 2706 429 2784 μάννα,
449 2706 538 2786 ίτερον
553 2705 581 2766 δέ
599 2706 724 2779 θπίνης·
741 2707 799 2769 οὐδὲ
848 2705 925 2766 aliud
940 2727 1043 2789 pauper
1049 2730 1058 2784 3
1075 2727 1123 2766 nec
1146 2706 1256 2767 alterins
1277 2708 1325 2768 ille
1344 2708 1437 2785 fontis,
1455 2709 1566 2769 alteriue

134 2796 182 2879 pbr
206 2800 307 2866 ίνιεῖνος
321 2796 435 2878 μετέσχε
455 2802 562 2877 πηγῆς,
578 2797 669 2879 ἐτέρας
684 2797 712 2861 δέ
724 2790 832 2867 cireen
848 2798 894 2857 bio
904 2812 931 2858 et
944 2797 1132 2879 indigentioris
1139 2799 1275 2882 particeps
1284 2799 1406 2861 lnit2sed
1416 2801 1486 2861 siout
1493 2822 1566 2861 nuno

134 2889 243 2975 νείμας·
263 2887 333 2950 άλλδ
355 2888 447 2969 ὥσπερ
460 2895 505 2948 νῦν
529 2895 546 2962 ἡ
573 2889 641 2962 αὐτὴ
665 2891 800 2971 τράπεζα,
847 2888 942 2949 eadem
956 2889 1013 2971 ipsa
1029 2911 1120 2952 mense
1142 2889 1264 2972 idipsum
1276 2892 1417 2973 poculum,
1432 2891 1504 2952 idem
1524 2891 1567 2952 ci·

134 2981 297 3063 ,ηιήριοη
315 2985 334 3053 ἡ
362 2980 430 3052 obeb
454 2981 538 3062 τροφὴ
563 2980 648 3042 άπασι
662 2980 801 3062 πρόκειται
848 2983 901 3041 bus
913 2982 1039 3043 omnibus
1054 2982 1109 3042 buc
1128 2981 1342 3064 ingredientibus
1354 2985 1528 3045 ollerturrita
1540 2998 1567 3045 et

134 3077 203 3137 ὅθι
215 3076 354 3134 εἰσιῶσιν·
370 3070 438 3131 olto
450 3073 495 3132 rud
511 3072 572 3132 τότε
583 3071 615 3132 τδ
626 3072 691 3133 etet
703 3072 801 3158 μάννα,
849 3087 914 3135 tunc
932 3074 1053 3157 idipsum
1074 3095 1184 3153 manna,
1199 3074 1272 3135 idn
1290 3076 1350 3137 lons
1362 3077 1489 3145 omnib'us
1500 3098 1568 3159 pro-

146 3164 227 3245 πηγὴ
248 3164 335 3224 άπασι
347 3163 497 3246 προύκειτο.
518 3164 573 3225 Καί
594 3165 627 3226 τὸ
648 3163 803 3244 δὴθαυρα·
849 3165 1007 3251 ponebatur.
1027 3165 1161 3246 Quodque
1182 3167 1347 3249 stupendum
1363 3168 1566 3229 admirandum·

134 3256 332 3341 ιδπεράδοξον,
355 3257 534 3339 ἐπεχείρησάν
558 3258 625 3319 ποτέ
643 3282 713 3339 τινες
733 3257 803 3319 κατὰ
851 3278 903 3336 que
920 3271 970 3332 est,
992 3272 1124 3319 tentavere
1141 3258 1254 3338 quidam
1279 3260 1328 3322 illo
1351 3275 1472 3343 tempore
1491 3261 1565 3343 plus,

134 3350 285 3413 ὺνένιεῖνον
309 3349 390 3411 πλέον
409 3348 530 3418 συλλέξαι
543 3354 590 3410 τοῦ
614 3349 736 3423 δέοντος,
755 3350 802 3412 καί
850 3370 932 3427 quam
942 3370 1011 3431 opus
1024 3363 1090 3427 erat,
1106 3349 1242 3430 colligere,
1256 3351 1379 3431 nihilque
1388 3353 1491 3433 profuit
1511 3352 1566 3412 illis

134 3440 257 3505 utam
274 3447 322 3516 τῆς
342 3441 503 3511 πλεονεξίας.
517 3440 588 3502 Ἀλλ’
610 3442 659 3511 ἕως
683 3443 732 3522 μὲν
752 3442 801 3515 τλν
850 3441 974 3501 avaritia.
991 3445 1096 3504 Verum
1109 3440 1193 3501 donec
1212 3444 1392 3521 equalitatem
1411 3445 1566 3522 servabant,

144 3533 257 3612 ἐτίμων,
270 3532 349 3612 ἐμενε
361 3534 393 3594 τὸ
405 3533 493 3611 μάννα
512 3534 600 3613 μάννα
612 3534 653 3594 δν·
667 3534 760 3609 ἐπειδὴ
775 3533 802 3595 δέ
851 3555 948 3594 manna
966 3535 1090 3595 manebat
1103 3555 1201 3595 manna
1208 3559 1217 3609 ς
1229 3535 1279 3594 ubi
1294 3556 1359 3595 vero
1372 3536 1434 3617 plus
1447 3537 1567 3619 accipere

134 3634 186 3688 νεῖν
198 3625 382 3704 ἐπεθύμησαν,
396 3630 414 3697 ἡ
428 3624 565 3695 πλεονεξία
583 3626 613 3686 τδ
628 3627 715 3705 μάννα
733 3626 803 3687 σκύ-
851 3625 1005 3701 studebant,
1016 3625 1131 3686 ενενίνίε
1147 3646 1244 3685 manna
1260 3627 1288 3685 in
1300 3646 1405 3687 vermes
1424 3629 1565 3689 mutabat:

134 3717 240 3791 ῃίησε·
263 3717 352 3778 καίτοι
372 3742 405 3798 γε
425 3720 455 3777 σθ
476 3717 545 3796 μετὰ
570 3722 619 3791 τῆς
639 3723 692 3779 τῶν
714 3720 802 3780 άλλων
809 3717 976 3809 287ιγιιαννννίν
989 3717 1042 3777 boc
1054 3738 1108 3776 non
1118 3738 1180 3776 cum
1188 3716 1348 3779 detrimento
1361 3719 1477 3780 aliorum
1486 3721 1568 3781 beie-

135 3816 217 3873 πνῖτο
237 3808 360 3870 ἐποίουν·
382 3810 413 3869 ού
427 3809 479 3891 γάρ
499 3810 532 3883 δὴ
552 3811 584 3870 ἐν
599 3814 647 3883 τῆς
667 3816 714 3871 τοῦ
734 3814 803 3884 πλη·
818 3828 837 3871 ιι
852 3810 916 3868 bant
932 3832 939 3867 ι
955 3809 1096 3869 nonenim
1115 3808 1235 3889 proximi
1249 3831 1337 3871 escam
1358 3813 1489 3894 rapiendo
1506 3815 1569 3896 plue

134 3902 262 3973 ιάζσντις
280 3905 394 3983 τροφῆς,
407 3899 490 3968 obrue
507 3901 581 3962 edroi
593 3903 675 3962 πλέον
696 3902 803 3963 συνέλε-
851 3900 1028 3982 colligebant,
1041 3913 1167 3961 attamen
1182 3902 1246 3981 quia
1258 3902 1322 3984 plns
1333 3905 1568 3986 concupiscebant,

134 3996 159 4059 λ’
183 3993 262 4073 άμιες
289 3992 382 4066 ἐπειδὴ
412 3998 460 4053 τοῦ
481 3993 600 4061 πλείονος
622 3994 804 4074 ἐπεθύμησαν,
851 3992 973 4054 damnati
986 4006 1056 4053 sunt.
1073 3992 1149 4053 Licet
1162 3995 1233 4053 euim
1247 3995 1406 4076 proximum
1419 4019 1472 4058 non
1485 3999 1571 4079 larde-¹

134 4086 257 4161 ίεθησαν.
278 4088 313 4146 Εἰ
326 4084 380 4166 γδρ
395 4084 441 4145 καί
455 4083 537 4164 μηδὲν
551 4086 596 4145 τδν
616 4085 728 4160 πλησίον
743 4088 803 4157 ηδί-
853 4095 921 4159 rent,
935 4081 988 4142 sibi
1001 4095 1089 4141 tamen
1102 4083 1254 4142 maximum
1266 4083 1398 4145 damnum
1410 4087 1568 4159 afferebant,

134 4178 177 4241 tt’
201 4176 312 4245 ίπντυθς
330 4175 365 4237 τέ
387 4175 501 4256 μέγιστα
524 4175 719 4253 κατίύλαπτον,
741 4179 806 4261 πρὸς
854 4174 978 4236 cumhoc
991 4173 1137 4255 colligendi
1148 4174 1229 4236 modo
1244 4176 1365 4238 avaritiae
1380 4193 1568 4239 assuescerent.

134 4266 176 4331 [ιν
195 4270 236 4348 τῷ
253 4266 346 4350 τρύπιρ
368 4268 417 4338 τῆς
430 4268 562 4346 συλλογῆς
584 4265 684 4338 ταύτης
703 4273 804 4328 συνεθι·
853 4271 945 4347 ltaque
960 4267 1080 4349 idipsum
1092 4268 1174 4328 simul
1184 4282 1283 4329 etesca
1302 4282 1360 4330 erat
1373 4284 1399 4330 et
1411 4271 1463 4330 Dei
1476 4271 1569 4351 cogni-

134 4360 244 4425 .Ὦστε
258 4364 325 4438 apori
341 4359 373 4419 τὸ
385 4358 451 4418 αὐτὸ
472 4358 517 4418 καὶ
530 4358 614 4440 τροφὴ
630 4350 661 4432 ip
675 4359 721 4418 καί
744 4365 803 4419 beo-
853 4358 933 4419 tionis
953 4357 1075 4418 doctrina
1090 4383 1097 4419 :
1115 4358 1197 4418 simul
1223 4379 1334 4441 corpora
1361 4361 1517 4435 nutriebat,
1544 4377 1572 4422 et

134 4450 326 4521 νδιδασνιαλία·
346 4455 414 4530 θμοῦ
439 4449 485 4509 καί
505 4449 539 4509 τδι
561 4449 674 4528 πύματα
698 4450 804 4532 ἔτρεφε,
853 4451 993 4512 erudiebat
1005 4452 1141 4526 animnm3
1152 4471 1237 4530 neque
1248 4452 1382 4512 nutriebat
1401 4455 1571 4530 tantum,sed

134 4572 142 4605 ι
168 4542 262 4629 ψυχὴν
290 4541 446 4603 ἐπαίδευεν·
474 4544 521 4601 οθνι
545 4540 636 4623 ἐτρερε
664 4542 691 4602 δὲ
715 4543 805 4622 μόνον,
854 4544 960 4604 etiama
975 4543 1069 4602 labore
1081 4542 1226 4603 eximebat.
1240 4544 1333 4622 Neque
1343 4545 1416 4605 enim
1435 4567 1503 4628 opus
1514 4561 1572 4609 erat

134 4638 160 4702 ιλ
179 4636 272 4699 ιιένων
296 4635 476 4708 ἀπήλλαττεν.
501 4637 542 4695 Ob
568 4633 620 4716 γάρ
641 4633 694 4694 ἔδει
720 4635 805 4704 ζεῦξαι
852 4636 966 4716 jungere
977 4635 1071 4710 boves,
1084 4648 1205 4695 aratrum
1217 4635 1334 4715 trahere,
1344 4638 1389 4698 rel
1402 4652 1501 4699 terram
1511 4641 1573 4701 sul·

134 4722 205 4793 Ιὅτε
222 4728 336 4810 άροτρον
349 4725 459 4787 ἑλκύσαι
467 4726 548 4805 ,Ῐοθδί
565 4730 706 4806 ἀνατεμεῖν
724 4727 806 4787 αύλει-
857 4748 926 4803 rare,
943 4727 986 4788 vel
999 4749 1048 4808 per
1061 4748 1162 4786 annum
1176 4742 1344 4808 exspectare;
1358 4729 1406 4790 sed
1417 4732 1509 4794 subito
1520 4755 1572 4814 ap·

134 4822 176 4885 ίδέ
200 4821 320 4883 ἐνιαυτὸν
335 4824 493 4898 ἀναμεῖναι,
516 4820 575 4878 ἀλλ’
595 4819 804 4900 ἑσγεδιασμένην
821 4832 840 4879 n
856 4819 971 4900 positam
982 4818 1116 4879 habebant
1135 4839 1263 4897 mensam,
1277 4835 1420 4902 recentem,
1433 4846 1534 4885 noram
1547 4838 1574 4885 et

134 4913 318 4996 γιςράπιζαν,
329 4911 483 4993 πρύσρατον
497 4910 542 4970 νιαί
554 4911 651 4993 νεαρὰν
672 4911 718 4971 καλ
735 4912 803 4992 ἐρή-
856 4911 1043 4990 quotidianam
1054 4912 1204 4991 :rebusque
1223 4911 1289 4992 ipsis
1304 4911 1441 4975 discebant
1455 4938 1573 4998 evange·

134 5003 407 5084 ιαδτδιύαγγιλινδν
416 5003 684 5084 ἐκεῖνοπαράγγελμα
699 5004 743 5064 διδι
752 5009 805 5065 τῶν
856 5003 938 5063 licum
958 5002 1030 5063 illud
1053 5017 1296 5084 preceptum,non
1310 5004 1406 5066 debere
1418 5010 1573 5093 quempiam
1582 5019 1669 5066 Mareu.
1683 5017 1709 5064 6.

134 5095 803 5176 θεοδςίπαίδνυε,τδμὴμεριμνᾷνεἰςτήναύριον·
857 5095 1003 5156 sollicitum
1023 5116 1079 5157 esse
1102 5095 1394 5158 incrastinum:nulla
1406 5101 1508 5184 quippe
1520 5103 1574 5164 uti·
1583 5079 1622 5143 ³4¹

134 5268 322 5332 educatae]
1404 5264 1453 5323 t9.
