3764 5992
107 446 179 523 662

429 468 459 514 S.
487 463 626 513 Jonnn'ts
652 457 834 509 cntttsosn.
863 452 1020 505 atterunt).
1049 456 1322 505 consenuerunt).

109 614 172 653 nam
187 612 249 652 eum
262 587 555 663 caritatem,bonorum
566 584 689 645 omnium
698 596 828 657 matrem,
883 584 971 662 μτγῆς
985 582 1245 664 διαζωγραροῦντες·
1264 574 1321 641 ’καί
1347 579 1404 662 γὰρ
1432 584 1485 652 τῆς
1509 583 1663 659 ποθωμένηε

110 687 138 746 in
150 706 193 745 me
217 695 362 743 scatentem
375 680 489 739 habeam
497 725 507 753 ,
531 679 588 737 haee
601 677 720 757 requiro.
736 676 829 753 Neque
883 677 971 754 ψυχῆς
988 672 1031 732 διθ
1045 673 1145 734 τούτων
1166 672 1359 756 ἀκριύέστερον
1378 677 1430 747 τῆς
1445 673 1590 741 συνουσίας
1603 676 1663 733 ἐστ’-,ν

110 775 269 858 simpliciter
276 790 432 853 corpoream
439 769 829 852 prasentiamexpetit,verum

109 863 409 929 eorumfaciemintueri
419 863 510 943 gestit.
522 862 737 921 Abundantius
744 858 815 919 enim
820 902 829 935 ,

109 958 209 1038 inquit,
218 960 429 1041 festinavimus
433 956 552 1035 faciem
569 966 701 1013 oestrum
719 952 829 1010 videre.

110 1053 291 1131 Conspectum
304 1048 389 1129 igitur
405 1045 527 1128 expetis,
540 1044 608 1104 lacus
622 1058 663 1121 tu,
685 1043 831 1120 vultusque

111 1140 249 1224 spectandi
270 1139 419 1223 cupiditate
430 1138 550 1217 stagras?
566 1139 602 1198 Et
624 1135 736 1215 quidem
749 1134 832 1197 velro-

110 1248 234 1312 menter,
247 1232 335 1311 irquit
344 1255 351 1288 :
361 1229 437 1311 quod
446 1230 504 1289 illie
515 1249 643 1288 sensuum
654 1227 832 1286 instrumenta

111 1324 223 1384 collecta
245 1322 309 1384 sint.
325 1321 424 1381 Nudus
444 1322 516 1381 enim
538 1319 644 1379 animus
662 1340 752 1400 perse
770 1338 833 1377 curn

111 1414 196 1477 altero
213 1412 305 1473 animo
316 1414 490 1494 conjunctus,
505 1411 669 1487 mediocre,
682 1409 835 1469 uccaudire

110 1506 261 1588 quidquam
273 1506 372 1588 poterit
385 1528 391 1562 :
405 1518 433 1564 at
443 1505 466 1564 si
477 1504 545 1564 milri
555 1524 681 1583 corporea
692 1501 833 1583 praesentia

111 1600 165 1659 frui
179 1600 331 1679 contingat,
357 1610 383 1656 et
396 1596 500 1674 aliquid
517 1596 574 1675 ipse
587 1594 696 1666 dicam,
713 1606 738 1653 et
751 1594 786 1652 ab
802 1593 836 1652 iis

115 1712 185 1770 quos
205 1712 267 1750 amo
288 1689 409 1750 vicissim
431 1688 551 1748 audiam.
573 1686 717 1767 Propterea
740 1686 837 1747 faeiem

118 1801 238 1849 vestram
254 1784 352 1844 intueri
373 1805 457 1861 areo,
471 1784 499 1843 in
518 1804 571 1861 qua
588 1782 681 1861 lingua
695 1796 752 1853 est,
778 1804 838 1861 qum

112 1899 209 1941 vocem
219 1876 332 1951 emittit,
341 1876 479 1955 animique
487 1896 563 1934 sensa
570 1874 692 1933 enuntiat
702 1920 710 1947 ‚
722 1888 748 1935 et
763 1875 837 1935 auris

111 1991 172 2048 qnae
180 1968 263 2028 verba
272 1966 390 2048 excipit,
403 1980 428 2025 et
437 1966 508 2027 oculi
517 1968 563 2045 qui
573 1965 658 2024 animi
670 1980 759 2025 motus
776 1966 838 2047 pin-

111 2073 201 2139 gunt:
218 2058 316 2118 etenim
329 2057 460 2117 adamatae
478 2057 575 2117 animae
589 2058 723 2119 consortio
742 2058 838 2118 melius

112 2173 161 2232 per
174 2151 221 2210 illa
231 2151 286 2210 frui
298 2150 371 2210 licet,

153 2245 201 2303 15.
214 2245 303 2321 Atque
314 2255 344 2300 ut
364 2240 500 2321 intelligas
521 2253 653 2320 quantum
670 2240 755 2319 hujus
769 2259 835 2300 con·

112 2348 224 2417 spectus
244 2333 521 2414 cupidit·1teardeat,
545 2345 719 2413 posteaquam
741 2332 833 2405 dixit,

113 2428 147 2487 A
149 2428 328 2486 bundantius
325 2427 556 2507 festinavimus,
564 2423 617 2483 hac
626 2423 744 2483 dictione
756 2424 836 2487 mini-

112 2540 156 2579 me
168 2531 306 2578 contentus
317 2516 369 2575 luit
376 2561 386 2590 ,
400 2536 498 2576 verum
514 2515 674 2597 subjungit,
686 2520 724 2574 Iu
741 2517 834 2575 multo

112 2612 265 2671 desiderio.
278 2609 556 2668 Acmoxcaeterissese
565 2606 835 2667 admiscercnonsus·

106 2702 200 2764 tinens
208 2747 218 2779 ,
234 2722 328 2763 verum
345 2700 485 2761 ostendeus
499 2722 528 2760 se
542 2698 603 2760 aliis
617 2701 706 2760 acrius
725 2722 832 2778 amare,

113 2811 210 2877 postqu
230 2818 258 2855 m
279 2795 326 2854 hu
347 2794 438 2856 serbis
459 2815 524 2853 usus
544 2808 601 2867 est,
620 2794 834 2855 Abundantius

886 770 1047 828 ἀπολαῦσαι.

932 2245 985 2305 Καί
997 2245 1040 2305 ἵνα
1056 2244 1142 2327 μάθης
1152 2248 1209 2313 πῶς
1221 2244 1356 2306 ἐκκαίεται
1374 2250 1413 2317 εἰς
1427 2250 1481 2323 τὴν
1492 2253 1607 2333 θεωρίαν
1616 2256 1664 2313 eri·

891 2360 957 2414 την,
978 2337 1068 2413 εἰπὼν,
1082 2336 1281 2421 Περισσοτέρυνς
1291 2340 1519 2421 ἐσπουδάσαμεν,
1534 2348 1583 2404 οὐκ
1602 2344 1664 2425 ἦμέ-

891 2434 940 2503 σθη
954 2432 988 2509 τῇ
1004 2429 1073 2499 lein
1084 2429 1185 2508 ταύτῃ,
1197 2431 1256 2488 ἀλλ’
1271 2430 1418 2511 ἐπήγαγεν,
1436 2434 1606 2517 1ἘνπσλλῗΙ
1619 2441 1663 2497 im·

891 2521 983 2605 θυμία.
999 2514 1068 2582 Εἶτα
1085 2526 1131 2584 οὗκ
1154 2522 1310 2603 ἀνεχόμενος
1325 2525 1421 2584 ἐαυτὸν
1434 2528 1508 2605 μετὰ
1523 2534 1578 2589 τῶν
1592 2531 1663 2589 ἀλλων

890 2614 1081 2694 ἐγκαταμίξαι,
1106 2613 1176 2674 ἀλλά
1203 2613 1319 2689 δεικνὺς,
1346 2617 1387 2675 δτι
1418 2619 1601 2701 σφοδρότερον
1622 2626 1662 2679 niu

890 2706 977 2769 ἀλλων
988 2709 1072 2787 φιλεῖ,
1084 2705 1174 2779 είπίον,
1188 2704 1229 2765 ἀει
1243 2707 1448 2788 Περισσοτέρως
1459 2714 1663 2789 ἐσπουδάσαμεν,

891 2798 937 2859 καί
947 2792 1115 2877 ἠθελήσαμεν
1130 2801 1213 2858 ἐλθεῖν
1227 2798 1292 2879 πρὸς
1313 2803 1396 2878 ὑμᾶς,
1414 2801 1571 2883 ἀπέρρηξεν
1586 2805 1663 2862 ἑαυτὸν

110 2890 320 2969 festinavimus
334 2907 371 2946 ac
385 2890 548 2968 cupivimus
562 2890 666 2945 venire
679 2887 720 2943 ud
734 2907 800 2959 vos,
819 2910 834 2946 a
855 2900 874 2946 Β
890 2895 943 2951 τῶν
954 2894 1068 2964 λοιπῶν,
1080 2890 1125 2949 καλ
1145 2889 1223 2968 μόνον
1235 2888 1349 2965 στήσας,
1363 2891 1521 2972 ἐπήγαγεν·
1534 2895 1608 2973 Ἐγὼ
1625 2896 1664 2971 μὲν

114 2979 226 3058 reliquis
245 2979 365 3059 seipsum
384 2978 552 3058 segregavit,
569 2976 711 3055 solumque
735 3000 763 3037 se
779 2993 834 3038 sta-

115 3085 192 3132 tuens
203 3071 276 3131 dixit
282 3117 293 3144 ,
307 3074 372 3152 Ego
386 3072 504 3152 quidem
514 3070 628 3130 Patulus
640 3070 730 3129 semel
742 3083 769 3130 et
785 3075 836 3132 ite-

115 3185 199 3225 rum:
212 3164 277 3223 hine
288 3164 415 3225 videlicet
423 3162 565 3222 ostendens
578 3183 606 3221 se
622 3162 835 3241 vehementiore,

115 3280 197 3337 quam
220 3258 303 3329 alios,
326 3256 416 3317 studio
432 3256 459 3315 in
480 3255 509 3316 id
531 3254 695 3314 incubuisse.
724 3258 834 3330 Postea,

114 3349 242 3430 quoniam
271 3350 299 3409 id
330 3350 443 3409 minime
471 3361 629 3427 assequutus
655 3361 711 3424 cst,
744 3347 830 3407 literis

115 3462 169 3501 non
183 3455 337 3516 contentus,
355 3439 458 3500 socium
472 3460 551 3499 suum
573 3439 766 3512 Timotheum,
790 3439 837 3518 qui

116 3533 257 3594 literarum
278 3534 363 3593 instar
387 3532 440 3615 ipsi
459 3534 568 3591 futurus
592 3545 675 3609 esset,
693 3531 729 3591 ad
751 3545 839 3591 extre·

0 3627 194 3688 l'‘⁸³·³·mum
218 3627 317 3704 mittit;
339 3624 543 3708 propterquod
564 3624 678 3706 adjecit,
694 3626 765 3683 Ideo
780 3646 840 3683 uon

118 3728 199 3787 ultra
213 3730 396 3785 sustinentes.
420 3727 445 3783 0
465 3723 592 3784 dictionis
612 3722 780 3782 nobilitatem
808 3743 840 3781 ac

892 2986 997 3050 Παῦλος
1012 2984 1057 3043 καί
1072 2982 1142 3052 δπαξ
1157 2983 1203 3043 καὶ
1218 2983 1272 3057 δίς,
1288 2982 1387 3052 δεικνὺς
1402 2985 1445 3045 ὅτι
1460 2986 1548 3047 πλέον
1565 2993 1615 3048 τῶν
1628 2989 1666 3047 ἀλ·

891 3076 945 3135 λιυν
957 3073 1125 3143 ἐσπούδαζεν.
1152 3066 1221 3134 Εἶτα
1243 3074 1334 3147 ἐπειδὴ
1355 3077 1403 3136 οὐκ
1429 3078 1549 3160 ἐπέτυχε
1572 3080 1666 3145 τοίττι,

891 3170 940 3227 οὐκ
954 3168 1074 3247 ἀρκεῖται
1094 3175 1149 3232 τοῖς
1167 3166 1339 3246 γράμμασιν,
1354 3167 1424 3228 ἀλλά
1436 3168 1548 3247 πέμπει
1575 3172 1622 3231 Ι’τὸ
1633 3197 1668 3232 xs-

894 3258 1015 3340 φάλαιοκ,
1027 3258 1071 3318 τθν
1082 3258 1129 3317 σύν
1140 3262 1212 3338 αὐτῷ
1222 3259 1362 3337 Τιμόθεον,
1373 3260 1419 3320 τὸν
1431 3262 1494 3320 ἀντὶ
1509 3264 1667 3344 γραμμάτων

893 3351 1017 3430 ἐσόμενον
1038 3354 1125 3433 αὐτῷ·
1149 3350 1188 3409 διὸ
1205 3350 1251 3409 καλ
1278 3351 1372 3431 ἐπάγει
1390 3353 1498 3434 λέγων·
1518 3357 1570 3417 Διὸ
1583 3359 1669 3435 μηκέτι

894 3442 1040 3523 στέγοντες.
1050 3438 1089 3503 Ὦ
1108 3444 1187 3502 πάλιν
1202 3442 1296 3513 λέξεως
1317 3442 1447 3523 εὐγένεια·
1465 3445 1490 3505 dl
1508 3448 1613 3529 ρήσεοις
1634 3450 1669 3510 δύ

895 3560 973 3614 ναμις
983 3582 991 3609 ,
1001 3534 1050 3608 τὴν
1062 3536 1206 3595 ἀκάθεκτον
1219 3537 1355 3597 αὐτοῦκαὶ
1367 3537 1560 3620 ἀκαρτέρητον
1573 3544 1669 3621 ἀγάπην

902 3631 1030 3700 δηλοῦσα.
1047 3626 1162 3696 τΚαλῶς
1176 3628 1207 3687 ἀν
1222 3652 1262 3695 τις
1277 3628 1509 3710 ἐμπυριζύμενος,
1532 3635 1580 3693 καί
1593 3639 1669 3707 ζητῶν

894 3725 940 3779 τοῦ
952 3724 1120 3800 ἐμπυρισμοῦ
1132 3716 1302 3800 παραμυθίαν
1312 3718 1372 3780 τινθ
1385 3724 1482 3801 εὑρεῖν,
1492 3724 1585 3786 πάντα
1598 3735 1670 3786 κινεῖ·

116 3818 190 3895 rim,
206 3817 292 3898 ipsius
305 3817 457 3891 caritatem,
468 3838 528 3895 qnae
542 3816 619 3875 nullo
639 3817 714 3875 freno
724 3812 840 3875 coerceri
858 3820 877 3868 G
895 3808 963 3869 οὕτω
976 3809 1008 3883 δὴ
1033 3802 1106 3877 οὗτος
1130 3809 1327 3888 ἀναπτόμενος,
1345 3811 1510 3891 ἀγχόμενος,
1525 3818 1671 3897 καιόμενος,

114 3931 148 3971 ae
160 3909 268 3970 tolerari
294 3923 398 3990 posset,
421 3907 690 3969 commonstrantem!
713 3910 751 3969 Et
770 3912 841 3969 sicut

115 3998 607 4081 cumquisignisardoredellagrans,
620 4014 702 4079 atquc
722 4000 840 4060 incendii

113 4094 241 4156 solatium
253 4093 365 4172 aliquod
378 4092 499 4153 iuvenire
517 4092 644 4169 studens,
664 4093 771 4153 nullum
787 4116 839 4154 uon

114 4185 234 4269 lapidem
248 4199 357 4246 movet:
372 4184 466 4244 eodem
479 4183 561 4244 modo
576 4184 622 4243 hic
641 4206 763 4265 quoque,
777 4208 840 4246 enm

115 4277 309 4355 incenderetur,
319 4277 517 4360 prefocaretur,
532 4276 755 4349 inflammaretur,
760 4293 841 4359 prout

114 4370 212 4431 licebat
226 4383 251 4430 et
261 4369 320 4429 lieri
341 4380 462 4450 poterat,
479 4367 689 4429 consolationem
702 4370 840 4449 excogita-

116 4462 165 4522 vit.
181 4462 250 4521 Non
259 4460 404 4542 cnimjam
415 4464 592 4520 sustinentes
605 4504 613 4532 ,
628 4458 718 4537 inquit
730 4505 739 4536 ,
760 4466 840 4522 misi-

116 4573 181 4612 mus
204 4554 407 4625 Timotheum,
423 4553 570 4632 evangelii
583 4555 766 4625 ministrum,
790 4575 838 4614 so-

116 4647 195 4705 cium
206 4656 235 4705 et
248 4644 413 4725 adjutorem
428 4654 570 4714 nostrum,
586 4663 618 4701 ae
633 4642 787 4703 membrum
809 4644 836 4704 in

896 3902 965 3962 renel
978 3903 1008 3963 τθ
1021 3906 1154 3984 ἐγχωροῦν
1165 3903 1213 3978 clu
1225 3902 1337 3975 δυνατὴν
1349 3904 1478 3978 ἐπενόησε
1492 3914 1670 3992 παραμυθίαν.

896 3995 1003 4067 Μηκέτι
1023 3995 1076 4079 γθρ
1090 3996 1240 4071 στέγοντες,
1256 3995 1349 4076 φησίν,
1365 3996 1532 4078 ἐπέμψαμεν
1546 4004 1670 4081 Τιμόθεον

896 4090 940 4149 τὸν
959 4090 1078 4151 διάκονον
1093 4098 1139 4151 τοῦ
1153 4090 1319 4170 εὐαγγελίου,
1337 4089 1382 4150 καλ
1400 4095 1530 4173 συνεργὸν
1542 4099 1635 4175 ἡμῶν,
1646 4098 1670 4153 :i

896 4184 1103 4263 ἀναγκαιότατον
1118 4182 1197 4261 μέλος
1215 4183 1407 4252 διασπάσαντες
1425 4188 1507 4263 ἡμῶν
1523 4192 1573 4259 τῆς
1588 4212 1669 4249 eume

896 4274 967 4347 σίας,
982 4274 1029 4335 καλ
1045 4274 1131 4347 λύπην
1143 4274 1319 4354 ἀλλαξάμενοι
1335 4274 1431 4349 λύπης.
1445 4276 1517 4338 Ὀτι
1541 4280 1595 4360 γάρ
1618 4280 1669 4339 οὐδὲ

895 4366 995 4427 ἐκείνου
1009 4366 1138 4427 ἀπουσίαν
1153 4368 1268 4436 εὖκολως
1290 4368 1391 4451 ἐρερεν,
1407 4367 1478 4428 ἀλλά
1501 4370 1549 4430 διὰ
1570 4372 1670 4431 reims:

894 4456 1018 4519 εἵλετοτθ
1035 4457 1180 4541 βαρύτατον
1197 4467 1285 4533 τοῦτο,
1300 4460 1345 4519 καί
1361 4465 1436 4519 τοῦτο
1457 4460 1525 4520 αι’ντίο
1542 4463 1669 4533 ἐδήλωσεν

895 4548 987 4619 είπὼν,
1001 4549 1193 4628 Ιίύδοκήσαμεν
1210 4552 1418 4631 καταλειφθῆναι
1431 4549 1519 4626 μόνοι.
1532 4548 1572 4610 Ὦ
1587 4556 1669 4632 qua-pi:

894 4639 963 4719 μετά
984 4639 1119 4722 ἀκριθείας
1131 4640 1196 4721 πρὸς
1213 4640 1295 4713 αὐτὴν
1312 4640 1471 4713 ποιωθείσης
1491 4642 1543 4715 clu
1557 4645 1667 4723 ἀγάπην.

116 4735 212 4815 primis
224 4734 529 4796 necessariumnnostro
548 4748 618 4794 coetu
633 4735 790 4809 avellentes,
807 4758 838 4797 ae
854 4737 874 4783 D
893 4730 1004 4805 Ἐπειδὴ
1028 4732 1079 4812 γθρ
1098 4733 1210 4812 ἀδελφοῦ
1236 4729 1370 4811 ἐχωρίσθη
1395 4730 1469 4803 ἑνὸς,
1501 4735 1668 4813 μεμονῶσθεέ

115 4844 257 4885 moerorem
273 4845 386 4885 moerorc
407 4836 609 4882 commutantes.
627 4826 697 4883 Nam
717 4824 790 4902 qnod
804 4847 836 4885 ne
891 4849 973 4907 quet,
990 4824 1035 4883 καλ
1047 4829 1132 4884 ταῦτα
1145 4824 1282 4892 τοσούτους
1296 4823 1364 4904 ἔχων
1379 4827 1436 4900 μεθ’
1452 4828 1561 4887 ἑαυτοῦ.
1577 4829 1666 4888 Teisa

117 4914 203 4995 ipsius
230 4915 338 4995 quidem
358 4914 506 4975 absentiam
521 4914 599 4975 facile
621 4917 719 4994 ferret,
739 4938 835 4977 rernm
890 4918 923 4991 δὴ
934 4922 1051 4999 συνεχῶς
1065 4917 1164 4996 μελέτα
1178 4916 1224 4976 καί
1237 4916 1319 4993 αὕτη,
1333 4915 1379 4976 καί
1392 4915 1448 4997 ὅσῳ
1458 4940 1503 4977 σοι
1516 4918 1549 4978 τὸ
1559 4930 1667 5000 πρᾶγμα

151 5090 206 5139 ‘lu
216 5088 303 5139 Graeco
320 5085 383 5139 Nori
393 5085 549 5137 Testamenti
566 5096 636 5135 textu
654 5084 745 5153 legitur
760 5096 783 5140 to
801 5093 875 5157 πολλῇ
903 5094 979 5157 πολλῇ
991 5094 1086 5153 aarum.

123 5176 235 5221 mauu.
248 5180 321 5234 atque
330 5166 365 5217 ita
376 5166 435 5235 legit
445 5164 578 5225 tollimus
587 5162 674 5231 liquet,
686 5178 710 5216 et
720 5164 756 5216 sic
765 5165 874 5216 ltalxelmt
936 5168 949 5205 b
961 5164 1066 5217 Goisliu.
1079 5173 1106 5220 τὸ
1117 5172 1238 5235 tapetium
1250 5179 1293 5218 τῶν
1303 5168 1339 5217 σὺν
1351 5170 1422 5231 αύτῷ,
1432 5180 1484 5215 non
1498 5165 1576 5217 mnle.

124 5244 210 5297 ‘Ain
229 5244 388 5299 Pmonlanns
407 5257 468 5298 teste
488 5244 617 5295 Frontone
637 5246 739 5295 Ducteo.
763 5244 832 5297 Edit.
857 5256 878 5297 ἐν
937 5243 1005 5295 eAlii
1017 5250 1233 5315 θμπνρεζθμενοςώε
1244 5252 1271 5295 ἀν
1280 5264 1313 5301 τες
1323 5252 1449 5309 καιόμενος,
1463 5250 1501 5297 καί
1511 5256 1598 5309 ζητῶν.
