3764 5992
767 473 947 524 ammona.
1550 463 1623 562 679

77 620 165 680 τριον,
185 600 209 658 οἱ
230 598 258 658 δέ
278 599 314 666 εἰς
332 597 441 679 ἀδιλφδν
455 594 572 679 ἐγίνοντο
589 596 709 679 πονηροί.
724 597 778 657 Καὶ
791 597 850 657 ost
903 612 1083 679 εερετιαειιιιῑ,
1093 621 1126 660 ac
1133 601 1321 684 tnrpecrimen
1331 603 1360 665 in
1371 609 1623 689 eomoonjeeerunr,

77 692 191 749 ἐνταῦθα
205 690 319 762 ἔστησαν
332 696 379 763 τῆς
392 690 504 756 κακίας·
520 691 579 750 ἀλλ’
594 688 786 770 έπηγωνίζοντο
796 696 851 759 τοῖς
903 690 1049 752 barbaram
1060 692 1188 754 videlicet
1199 696 1340 757 mulierem
1350 698 1445 760 tratres
1455 713 1621 763 enormen·

76 781 215 863 προτέροις
238 782 295 856 ἀεὶ,
319 782 365 841 καλ
382 781 507 850 λαόόντες
531 781 609 859 μόνον
632 783 660 840 lv
684 779 782 863 έρημίφ
805 780 851 840 καλ
903 795 962 860 tes,
982 805 1013 843 ao
1024 784 1111 845 multo
1124 786 1304 848 sceleratiores
1317 811 1346 849 ea
1358 812 1386 851 se
1398 792 1556 872 prebentes.
1569 778 1621 856 llla

77 873 202 953 ἔσφαξαν,
224 873 270 932 καλ
289 875 433 948 ἀπέδοντο,
454 874 500 934 καὶ
521 875 612 933 δοῦλον
636 876 691 931 ἀντ’
716 872 849 953 ἐλευθέραν
866 881 887 928 Ι)
903 875 975 934 enim
987 877 1015 935 in
1026 877 1154 954 alienum,
1165 878 1195 938 hi
1206 879 1235 939 in
1245 882 1355 941 fratrem
1366 883 1484 964 improbi
1497 898 1525 945 et
1534 886 1621 947 scele-

75 964 214 1040 ίποίησαν,
240 964 305 1024 Ιἰιοιλ
334 966 452 1025 δουλείαν
480 964 528 1038 τὴν
553 963 678 1045 έοχάιην.
703 964 774 1025 Ούτε
799 964 850 1045 γάρ
903 966 955 1024 rati
968 981 1050 1028 erant.
1067 972 1150 1031 Acne
1164 969 1207 1030 his
1220 972 1330 1050 quidem
1346 975 1621 1058 finibusimpmbita·

76 1057 217 1137 ὁμοφύλοις
234 1057 312 1132 τισὶν,
327 1057 396 1116 ἀλλά
416 1057 559 1137 βαρόάροις
573 1054 791 1137 ἑτερογλώσσοις,
804 1057 850 1115 καὶ
903 1070 956 1116 tem
964 1079 1039 1118 suam
1046 1059 1321 1144 circumscripserant:
1331 1087 1437 1139 rernm,
1449 1080 1480 1126 ut
1487 1067 1522 1128 ad
1529 1069 1621 1150 priora

75 1157 131 1214 τοῖς
146 1151 182 1216 εἰς
199 1149 332 1232 βάρόαρον
348 1151 455 1208 ἀπιοῦσι
469 1149 559 1230 χώραν
574 1148 704 1217 ἐξέδωκαν
717 1149 761 1208 τδν
773 1150 851 1207 ἀδελ·
903 1169 1008 1230 semper
1024 1151 1130 1231 aliquid
1146 1152 1292 1230 adderent,
1311 1159 1384 1216 omni
1398 1159 1491 1220 studio
1507 1161 1620 1221 labora·

77 1239 140 1320 φόν·
154 1246 169 1300 δ
182 1241 210 1301 δέ
231 1242 298 1308 θεὸς
316 1241 500 1322 λαμπρότερον
520 1240 597 1300 αὐτόν
618 1246 711 1315 ποιῶν,
730 1239 850 1321 ἠνείχετο
902 1241 969 1300 bant
983 1264 1117 1323 :eumque
1130 1245 1158 1304 in
1171 1246 1276 1308 deserto
1287 1249 1348 1308 loco
1359 1250 1447 1310 solum
1458 1253 1528 1313 nacti
1534 1255 1621 1335 jugu-

76 1336 129 1390 τῶν
146 1332 299 1411 γινομένων,
313 1333 359 1392 καί
378 1332 565 1412 έμακροθύμιι,
581 1332 705 1392 κινδύνων
719 1332 850 1398 κινδύνους
902 1331 1002 1408 larunt,
1018 1349 1044 1394 et
1061 1326 1245 1397 vendiderunt
1263 1353 1343 1418 atque
1356 1361 1392 1401 ex
1410 1341 1497 1402 libero
1510 1365 1620 1406 sermm

76 1424 281 1505 διαδεχομένων.
299 1424 377 1484 Μετδι
387 1424 439 1506 γάρ
453 1425 497 1484 τὸν
512 1425 603 1506 φθόνον
616 1425 661 1485 καί
674 1424 721 1497 τλν
736 1423 849 1505 αἰσχρὰν
902 1422 1055 1499 olfecerunt,
1073 1438 1099 1482 et
1111 1424 1223 1504 quidem
1234 1427 1406 1487 acerbissimo
1420 1430 1559 1492 servitutis
1573 1452 1620 1512 ge-

77 1517 203 1589 διαύολὴν
219 1523 307 1598 σφαγῇ
322 1517 490 1599 παρέδωκαν,
503 1519 548 1577 καί
562 1517 666 1597 δουλεία
680 1521 782 1597 σφαγῆς
795 1539 848 1596 χα-
901 1533 974 1572 nere.
992 1516 1085 1592 Neque
1098 1517 1169 1574 enim
1181 1516 1303 1596 ejusdem
1318 1519 1434 1579 nationis
1452 1520 1618 1600 hominibus,

74 1608 223 1691 λεπωτέρα.
237 1608 284 1681 Μὴ
299 1609 350 1690 γάρ
366 1634 412 1687 μοι
427 1608 605 1690 παραδράμῃς
622 1611 712 1676 ἁπλῶς
729 1607 760 1666 τδ
773 1610 848 1687 εἰρη-
901 1605 1135 1682 vernmbarbaris,
1144 1607 1230 1666 aliena
1239 1608 1332 1689 lingua
1339 1611 1487 1690 utentibus,
1500 1613 1619 1694 ipsisque

76 1698 154 1777 μένον
166 1723 172 1734 ·
184 1702 243 1759 ἀλλ’
257 1700 379 1770 ἐννόησον
391 1698 482 1771 ἡλίκον
497 1691 529 1772 ἦν
542 1700 678 1781 μειράκιον
691 1697 805 1777 εὐγενές,
819 1700 847 1757 έν
864 1706 883 1752 Β
900 1695 981 1755 etiam
991 1697 1019 1755 in
1030 1697 1175 1757 barbaram
1186 1699 1324 1778 regionem
1335 1701 1496 1763 abeuntibus
1509 1705 1620 1766 tratrem

74 1790 145 1871 οἰκία
161 1797 277 1874 πατρικῇ
292 1791 389 1873 τραφὲν
405 1791 473 1869 μετά
487 1790 635 1871 ἐλευθερίας
648 1790 763 1861 ἁπάσης,
779 1787 847 1867 μετὰ
899 1785 1080 1849 dediderunt:
1093 1791 1167 1850 Deus
1178 1812 1243 1852 vero
1255 1791 1395 1853 clariorem
1405 1815 1467 1854 eum
1480 1810 1511 1857 ut
1524 1796 1620 1858 rodde-

73 1884 181 1963 ἀγάπης
193 1886 292 1966 πατρὸς
302 1883 445 1958 τοσαύτης,
459 1882 551 1963 ἀθρόον
561 1882 613 1942 ὑπὸ
627 1883 745 1963 ἀδελφῶν
759 1886 847 1960 ἀπεμ-
899 1892 958 1956 ret,
974 1881 1126 1961 patiebatur
1138 1903 1169 1942 ea
1181 1905 1241 1963 qna
1253 1882 1363 1959 fiebant,
1379 1898 1405 1945 et
1417 1907 1480 1948 cum
1491 1889 1619 1970 periculis

72 1978 235 2048 ποληθῆναι,
258 1974 330 2035 οὐδέν
349 1974 463 2054 ἐχόντων
484 1976 614 2054 ἐγκαλεῖν,
635 1973 679 2032 καί
703 1973 846 2055 βαρόάροις
900 1972 1073 2033 succederent
1081 1973 1210 2055 pericula,
1221 1975 1410 2056 longanimiter
1422 1976 1561 2042 tolerabat.
1573 1982 1617 2042 ln-

73 2067 213 2137 έκδοθῆναι
227 2065 439 2146 ἑτερογλώσσοις,
453 2066 498 2125 καὶ
512 2065 602 2137 ἤθεσιν
618 2065 785 2141 ἀλλοκότοις,
800 2065 846 2126 καλ
899 2062 1226 2126 vidiamenimacfoedam
1234 2067 1399 2129 calumniam
1407 2069 1493 2131 caedes
1502 2074 1618 2156 excepit,

73 2159 238 2239 αὐτοθηρίοις
259 2161 367 2234 μᾶλλον,
387 2157 405 2229 ἢ
421 2157 578 2237 ἀνθρώποις·
603 2158 649 2217 καλ
672 2159 776 2232 ἄπολιν,
800 2157 845 2218 καὶ
900 2168 926 2213 et
939 2155 1012 2215 caede
1027 2158 1143 2216 atrocior
1158 2158 1283 2219 servitus,
1300 2161 1395 2239 Neque
1410 2163 1481 2222 enim
1495 2162 1618 2226 levitera

74 2249 242 2328 μετανάστην
253 2295 261 2324 ,
276 2251 321 2308 καί
340 2248 455 2323 οἰκέτην,
473 2249 519 2307 καὶ
541 2247 611 2317 ξένον
631 2251 688 2307 ἀντ’
709 2247 844 2332 ἐλευθέρου
899 2259 925 2304 te
941 2245 969 2305 id
985 2247 1061 2326 quod
1072 2247 1131 2307 dixi
1144 2250 1362 2331 praetereundum
1372 2275 1380 2308 ε
1390 2272 1486 2314 verum
1499 2255 1528 2315 in
1538 2278 1618 2318 men·

73 2343 119 2401 καλ
130 2341 238 2402 πολίτου
250 2341 385 2420 γενέσθαι,
395 2341 440 2400 καλ
452 2340 582 2413 τοσαύτης
595 2339 784 2400 ἀπολαύσαντα
798 2344 845 2412 τῆς
899 2351 953 2397 tem
967 2338 1018 2397 tibi
1032 2339 1125 2399 veniat
1131 2385 1142 2417 ,
1160 2355 1291 2419 qnantum
1304 2355 1378 2420 erat,
1394 2344 1513 2406 nobilem
1526 2348 1617 2410 adole-

73 2433 227 2513 εὐημερίας,
241 2433 307 2514 πρὸς
316 2432 365 2505 τλν
376 2433 492 2513 ἐσχάτην
505 2437 695 2513 κατενεχθῆναι
709 2433 890 2514 relaturo-m
899 2443 1026 2506 acenteta,
1037 2431 1065 2491 in
1078 2446 1187 2513 paterna
1199 2433 1281 2493 domo
1294 2454 1356 2493 cum
1367 2436 1442 2496 omni
1452 2437 1577 2501 libertate
1586 2463 1620 2503 ao

75 2525 133 2607 ρίαν
143 2525 263 2594 δουλείας
275 2527 344 2598 ἀήθη
355 2525 418 2585 όντο
429 2528 487 2605 μεθ’
501 2524 649 2607 θπερὸολῆς
664 2525 787 2601 ἀπάσης,
799 2525 845 2586 καλ
862 2530 882 2577 Α
899 2536 972 2583 tanto
985 2523 1071 2605 patris
1081 2523 1338 2604 amoreodueatum,
1349 2527 1441 2588 subito
1451 2530 1620 2611 sirenibus,

71 2618 246 2697 πικροτάτους
267 2617 521 2692 tetartemoria,
544 2617 589 2677 καί
614 2618 679 2697 πρδς
702 2618 844 2700 ἀλλοτρίαν
897 2613 945 2692 qui
960 2614 1030 2675 nibil
1042 2616 1116 2694 quod
1130 2617 1180 2697 ipsi
1191 2617 1339 2698 objicerent
1360 2617 1506 2698 habehant,
1522 2623 1618 2703 vendi,

71 2712 117 2770 καὶ
134 2711 267 2793 βάρύαρον
280 2719 293 2745 ·
302 2717 489 2792 μετενεγθῆναι
502 2716 562 2790 γῆν.
575 2710 644 2771 Ἀλλ’
654 2710 721 2771 ,οὐδὲ
733 2713 845 2771 ένταῦθα
897 2718 977 2785 elque
990 2706 1114 2768 barbatis
1125 2707 1235 2769 diversa
1247 2707 1341 2789 lingua
1355 2711 1501 2789 utentibus,
1515 2711 1616 2776 lntmo-

71 2804 164 2864 ίστατο
185 2802 219 2862 τά
241 2802 327 2877 δεινά,
354 2805 413 2863 ἀλλ’
437 2803 575 2863 ἐπιόουλαί
598 2803 680 2863 πάλιν
703 2803 844 2873 έπιύουλάς
898 2798 988 2875 nibus,
1001 2798 1153 2879 belluisque
1164 2799 1255 2882 potius
1268 2822 1350 2880 quam
1364 2801 1522 2865 hominihus
1534 2804 1617 2885 dodi,

72 2896 220 2977 διεδέχοντο
237 2896 303 2975 μετὰ
315 2896 348 2957 τδι
359 2895 482 2976 ὀνείρατα
495 2899 581 2956 ἐκεῖνα
596 2895 631 2956 τδι
646 2897 784 2973 θαυμαστὰ
798 2897 844 2955 καί
897 2904 923 2949 et
934 2905 1068 2951 extorrem
1075 2892 1292 2972 atqueexsulem,
1304 2913 1336 2952 ac
1346 2909 1486 2955 servumet
1497 2898 1618 2980 peregri-

70 2985 179 3059 τὴντῶν
190 2988 310 3067 ἀδελφῶν
321 2991 398 3046 αὐτοῦ
409 2985 585 3066 προσκύνησιν
594 2992 843 3069 προαναφωνοῦντα.
897 3004 964 3043 num
973 2984 1112 3044 liberalem
1117 2985 1246 3066 juvenem
1255 2983 1340 3064 effici,
1352 3006 1384 3045 ae
1394 3000 1454 3068 post
1465 3001 1568 3049 tantam
1579 2991 1618 3051 ie·

71 3078 205 3146 Λαὸόντες
222 3078 275 3160 γάρ
294 3080 371 3138 αιἐτδν
388 3069 459 3139 οὗτοι
477 3083 502 3137 οἱ
519 3078 630 3161 ἔμποροι
652 3081 682 3138 ού
704 3078 844 3159 κατέσχον,
896 3074 1035 3153 licitatem,
1049 3074 1247 3136 ard-extremam
1260 3075 1399 3136 servitutis
1412 3077 1593 3142 calamitatem
1607 3127 1616 3156 ,

70 3171 130 3228 ἀλλ’
143 3170 242 3251 ἑτέροις
252 3168 328 3229 αύτδν
338 3169 417 3229 πάλιν
427 3169 543 3250 χείροσιν
552 3170 679 3231 ἀπέδοντο
690 3170 844 3251 βαράάροις.
898 3168 975 3249 cujus
988 3189 1098 3250 prorsus
1112 3166 1229 3227 insolens
1242 3180 1311 3244 erat,
1325 3167 1445 3247 devolvi,
1461 3169 1617 3233 crudelissi-

70 3252 196 3333 Οἶσθαδέ
211 3262 302 3334 ἡλίκον
315 3269 391 3322 τοῦτο
407 3264 442 3329 είς
454 3273 590 3347 συμφορᾶς
606 3261 693 3342 λόγον,
703 3263 734 3322 τδ
746 3261 844 3322 δεσπό-
898 3281 1008 3340 mosque
1023 3259 1147 3320 dominos
1160 3259 1281 3340 accipere
1289 3304 1299 3336 ,
1321 3274 1402 3340 atque
1416 3260 1444 3322 in
1458 3263 1575 3325 alienam
1588 3278 1616 3325 et

68 3376 116 3420 τας
129 3353 261 3420 τοιούτους
275 3356 306 3412 έκ
319 3352 443 3413 τοιούτων
462 3355 595 3432 ἀμείὸειν.
611 3357 699 3414 Τοῦτο
711 3352 763 3434 γάρ
780 3357 844 3414 δυσ·
896 3353 1041 3412 barbaram
1062 3365 1161 3410 terram
1181 3351 1290 3412 abduci.
1305 3351 1378 3423 Quin
1399 3373 1432 3412 ne
1445 3353 1490 3413 hic
1505 3355 1617 3434 quidem

69 3446 218 3525 κολωτέραν
231 3453 302 3506 ποιεῖ
320 3444 368 3517 τὴν
388 3446 515 3520 δουλείαν,
529 3444 591 3505 όταν
606 3444 652 3505 καί
673 3444 739 3513 ξένοι
763 3447 844 3507 πάλιν
897 3444 1032 3503 malorum
1046 3443 1108 3502 finis
1129 3458 1195 3518 erat,
1211 3464 1306 3502 verum
1319 3457 1381 3524 post
1393 3443 1554 3505 admiranda
1568 3446 1617 3507 illa

69 3543 93 3596 οί
114 3536 260 3614 κτώμενοι,
280 3537 327 3597 καὶ
350 3542 402 3597 τῶν
426 3537 561 3620 προτέρων
582 3527 634 3597 ώσι
652 3537 843 3618 χαλεπώτεροι.
897 3535 1042 3610 insomnia,
1057 3556 1118 3615 quae
1134 3534 1351 3615 pra-nuntiabant
1364 3535 1420 3594 sore
1432 3537 1619 3619 utipseafra·

70 3629 124 3688 Kal
138 3629 238 3707 γίνεται
250 3627 297 3687 ι’έν
309 3628 436 3710 Αἰγύπτῳ
450 3634 483 3710 τῇ
496 3630 621 3710 θεομάχῳ
630 3630 690 3688 τότε
701 3628 788 3709 ἐκείνη
799 3630 844 3689 καλ
862 3643 879 3687 Β
898 3625 985 3684 trihus
998 3625 1165 3700 adoraretur,
1174 3623 1280 3683 insidiis
1290 3646 1399 3685 rursum
1410 3626 1515 3687 insidiae
1525 3650 1616 3690 succe-

69 3719 233 3800 μαινομένῃ,
260 3719 316 3779 ὅθεν
336 3720 370 3780 τό
394 3721 554 3802 ἀναίσρυντα
577 3721 715 3798 στόματα,
739 3719 795 3779 ὅθεν
817 3725 844 3780 αἱ
896 3714 1005 3777 debant.
1021 3719 1092 3777 Nam
1106 3738 1139 3776 ne
1154 3717 1205 3797 ipsi
1217 3715 1327 3795 quidem
1339 3731 1500 3780 mercatores
1511 3721 1560 3800 qui
1571 3743 1618 3782 ao-

69 3813 223 3891 βλάσφημοι
240 3813 369 3891 γλῶσσαι.
391 3812 443 3872 Καὶ
464 3813 564 3891 γίνεται
585 3815 649 3892 παρ’
670 3812 841 3891 Αἰγυπτίοις,
896 3823 1029 3890 ceperant,
1038 3829 1099 3867 eum
1108 3807 1286 3883 retinuerunt,
1297 3828 1392 3868 verum
1403 3809 1617 3893 improbioribus

67 3894 105 3961 ών
115 3902 161 3963 καλ
175 3895 211 3971 εἷς
223 3904 320 3984 ἤρκεσε
335 3904 413 3983 μόνος
422 3904 467 3963 τὸν
482 3903 565 3985 μέγαν
580 3903 699 3965 Μωύσέο
709 3903 842 3987 δραπέτην
894 3910 1006 3961 'rursum
1014 3899 1137 3960 barbaris
1145 3897 1333 3960 vendiderunt.
1340 3901 1399 3960 Non
1405 3914 1432 3960 te
1438 3901 1616 3983 fugit‚quanti

68 3995 115 4055 καὶ
130 3995 233 4076 φυγάδα
250 4002 369 4069 ποιῆσαι.
390 3997 443 4056 Καὶ
463 3995 555 4068 ίπειδὴ
576 3997 669 4078 μικρὸν
684 3996 840 4057 ἀνέπνευσεν
896 3992 930 4052 ad
947 3992 1126 4052 calamitatem
1145 3992 1273 4051 momenti
1292 3990 1336 4067 sit,
1352 3993 1418 4053 tales
1432 3991 1557 4054 dominos
1571 4008 1615 4055 ta·

68 4091 141 4162 έκεῖ,
159 4093 205 4148 τοῦ
225 4086 410 4170 φιλανθρώπου
431 4091 519 4162 Θεοῦ,
539 4094 584 4147 τοῦ
600 4089 634 4149 τά
648 4088 784 4172 παράδοξα
802 4092 839 4150 ot·
895 4084 968 4143 libus
983 4083 1101 4143 dominis
1121 4097 1294 4144 commutare.
1316 4083 1374 4142 Hoc
1389 4083 1461 4144 enim
1479 4084 1612 4146 molestio-

67 4186 256 4258 κονομοῦντος,
273 4180 317 4239 τὸν
334 4180 424 4260 άγριον
437 4186 505 4261 θῆρα
519 4181 563 4241 τδν
577 4181 747 4261 ὠνησάμενον
762 4183 839 4243 αὐτὸν
894 4198 951 4236 rem
978 4174 1135 4235 servitutem
1152 4173 1259 4251 reddit,
1289 4196 1351 4234 cum
1377 4177 1481 4236 externi
1506 4199 1616 4239 rursum

66 4272 226 4344 ποιήσαντος
238 4271 382 4351 πρόδοτον,
402 4275 496 4341 εὐθέως
515 4274 587 4355 αὐτῷ
601 4274 840 4356 σκάμματαπαρς-
894 4283 957 4329 sunt
974 4269 1022 4349 qui
1040 4281 1153 4346 emunt,
1179 4289 1210 4326 ac
1227 4267 1365 4348 prioribus
1378 4269 1532 4328 atrociores.
1549 4273 1614 4331 Post

66 4364 209 4432 σκευάζετο
224 4363 314 4438 πολιν,
334 4365 380 4425 καλ
394 4366 509 4438 στάδιον,
527 4367 573 4425 καὶ
589 4365 777 4445 παλαίσματα,
793 4368 839 4427 καλ
893 4361 921 4420 in
937 4360 1088 4442 AEgyptum
1108 4359 1269 4440 ingreditur,
1286 4374 1345 4418 tum
1358 4380 1420 4418 cum
1435 4361 1493 4418 Deo
1507 4360 1621 4421 bellum·

66 4459 184 4533 ἀγῶνες,
208 4455 253 4515 καὶ
276 4457 382 4537 ἱδρῶτες
410 4457 578 4539 σφοδρότεροι
606 4461 659 4517 τῶν
694 4457 838 4541 προτέρων.
893 4468 1037 4534 gerentem,
1057 4466 1083 4510 et
1102 4452 1193 4510 surore
1211 4451 1397 4523 laborantem,
1426 4450 1499 4510 unde
1518 4451 1612 4532 impu-

65 4549 172 4607 Ἰδοῦοα
194 4546 247 4627 γάρ
266 4550 343 4610 αὒτδν
367 4550 467 4618 ἀδίκοις
488 4553 630 4630 ὀφθαλμοῖς
642 4555 658 4622 ἡ
671 4552 838 4629 κεκτημένη,
892 4546 985 4606 dentia
1008 4566 1066 4616 oro,
1085 4543 1157 4602 unde
1179 4541 1269 4622 impiae
1285 4541 1384 4622 linguar
1398 4542 1612 4624 promanabant:

64 4639 111 4698 καλ
126 4643 163 4719 τῷ
176 4640 268 4699 κάλλει
278 4646 325 4713 ιη”ς
338 4642 422 4721 ὄφεως
436 4645 514 4702 αὐτοῦ
526 4648 700 4724 χειρωθεῖσα,
713 4642 758 4701 καλ
769 4642 839 4703 κατὰ
855 4652 874 4699 c
892 4635 967 4719 apud
980 4635 1125 4717 AEgyptios
1145 4632 1207 4710 fuit,
1231 4653 1348 4711 quorum
1367 4633 1418 4707 'vel
1439 4655 1510 4694 unus
1524 4635 1614 4717 potuit

62 4731 161 4810 κράτος
176 4733 274 4791 ἁλοῦσα
293 4737 332 4814 τῷ
347 4733 442 4807 πάθει,
458 4733 551 4793 λέαινα
571 4733 630 4792 ἀντί
651 4735 774 4814 γυναικός
788 4734 838 4794 ὑπὸ
893 4750 1022 4811 magnum
1048 4729 1153 4786 lttosem
1171 4724 1319 4806 fugitivum
1345 4739 1372 4784 et
1406 4726 1525 4787 exsulem
1548 4726 1611 4787 rotl-

61 4829 112 4895 τῆς
127 4823 273 4883 ἀκολάστου
285 4824 382 4895 ταύτης
400 4825 540 4902 ἐπιθυμίας
562 4824 673 4903 ἐγένετο.
689 4828 742 4887 Καὶ
757 4826 838 4885 πάλιν
891 4825 963 4884 dere.
975 4825 1014 4882 Ac
1025 4833 1197 4901 posteaquam
1206 4817 1375 4897 aliquantum
1385 4818 1442 4878 illic
1453 4818 1613 4900 respiravit;

63 4915 182 4983 σύνοικος
196 4919 210 4974 θ
225 4914 351 4994 πολέμιος
363 4909 396 4990 ἦν
414 4915 533 4976 ἐναντίαν
557 4926 611 4984 τοῖς
633 4916 771 4999 προτέροις
789 4917 837 4990 τὴν
891 4915 965 4998 quod
979 4911 1105 4975 videlicet
1126 4911 1259 4991 benignus
1275 4912 1348 4970 Deus
1362 4933 1404 4970 res
1418 4910 1453 4970 ab
1471 4910 1613 4971 hominum

99 5101 113 5137 b
131 5097 214 5148 Iidem
231 5105 268 5153 καὶ
282 5103 365 5153 δούλων
381 5105 482 5154 δουλείαν
498 5110 540 5162 τὴν
558 5111 697 5172 πικροτάτην
712 5111 826 5164 εποὲηοαν.
852 5098 969 5153 Humilia
981 5100 1007 5149 in
1026 5109 1152 5166 martyres
1172 5094 1392 5164 EgyptioaTom.
1408 5097 1449 5162 11,
1462 5113 1487 5163 p.
1501 5074 1612 5163 otor:

99 5194 110 5216 ⁸
128 5176 210 5227 Iidem
223 5188 380 5246 ἀπενεχθῆναι.
853 5185 964 5246 Αἰγύπτου
983 5189 1022 5237 τῆς
1041 5185 1154 5242 θιομάχου
1166 5183 1202 5227 καί
1218 5183 1388 5240 μανικωτάτης,
1401 5183 1439 5229 καί
1455 5184 1505 5231 ὅθεν
1516 5185 1547 5231 τὰ
1556 5185 1615 5232 ἀθια

100 5258 113 5294 ¹²
133 5254 229 5308 Eodem
254 5257 304 5310 iere
322 5258 397 5311 verba
418 5269 522 5324 usurpat
538 5257 736 5329 chrysostomus
755 5259 828 5312 initio
854 5270 973 5327 στόματα,
985 5265 1035 5310 δθιν
1047 5265 1069 5310 αἱ
1081 5262 1213 5326 βλάσφημοι
1226 5260 1332 5321 γλῶτται.
