3764 5992
106 373 179 465 488
425 391 456 442 s.
483 391 624 443 tuturus
648 386 831 442 euersosr.
859 386 1017 440 ιιιιιιιιι.
1045 388 1316 441 σοιειιιιτιιοι.

108 516 234 578 occurrit
252 519 336 576 milti.
350 514 462 596 Semper
476 514 548 575 enim
561 513 734 620 cogitatione
759 534 824 595 spe-
878 536 969 593 γματα
978 510 1047 592 μίγα
1057 514 1162 594 ρρσνιῑν
1176 512 1343 594 παρεσκεόαζ
1344 535 1380 583 εν,
1329 510 1453 580 ζάλλ’
1469 511 1487 582 ἡ
1502 503 1650 622 προσδοκία

108 609 199 670 cubat
207 610 244 670 ad
254 607 366 668 illum
345 622 479 683 timorem,
493 607 616 687 operiens
626 627 700 683 eum,
717 626 826 686 sperans
878 610 930 665 τῶν
943 608 1105 686 λιιι-,πρῶν’
1080 630 1127 665 ουκ
1146 606 1186 665 ela
1202 630 1236 682 με
1257 604 1408 683 ἡσυχάζειν.
1432 605 1466 662 Ei
1489 602 1535 660 καὶ
1551 601 1602 671 ἡ
1585 623 1652 679 αγαν

110 699 405 783 exspectansque31deo
416 719 478 759 cum
487 697 649 770 advenisset
659 717 711 755 non
724 709 827 777 pertur-
879 695 1008 775 ιθημερία
1030 695 1242 777 τρυρᾷνέποίει,
1253 698 1311 756 ἀλλ’
1325 692 1506 773 ἡάγωνία
1470 716 1524 752 των
1542 695 1650 758 ἐλπιζο-

1 810 2 814 ’
9 803 51 851 ..3
62 801 100 849 ιθ
110 793 190 854 bault
200 793 302 853 illum
316 794 418 871 Neqm
427 811 531 871 pacem
543 792 634 849 babiti
643 788 827 866 ‚inquit,rte·
880 786 965 865 pirou
979 787 1026 861 τὴν
1036 787 1125 847 ἄδειαν
1138 788 1301 847 desiluere·
1314 790 1338 845 εἰ
1349 786 1394 845 καί
1408 784 1442 844 τδι
1453 807 1575 864 παρυντα
1587 786 1652 841 απο·

111 905 169 966 que
181 888 288 966 quievi,
299 885 351 945 sed
361 884 435 942 milti
444 886 528 941 vertit
539 885 594 941 ira.
602 882 664 940 Non
673 879 756 954 dixit,
765 882 846 939 Non·
879 878 968 939 λαόειν
978 878 1135 957 ἠνάγκάζεν,
1145 883 1230 939 ἀλλ’
1216 905 1233 952 η
1246 885 1299 939 τῶν
1309 878 1536 959 προσδοκωμένων
1548 874 1653 956 φροντὶς

110 995 205 1056 pacem
214 975 343 1049 babe0,n
325 993 411 1052 neque
420 973 542 1055 quiesco,
556 972 681 1053 praesenti
693 985 826 1052 temporo·
879 969 979 1043 ταύτην
991 970 1121 1030 διέκοπτε.
1135 972 1187 1031 Διά
1197 980 1273 1031 τοῦτο
1287 971 1354 1050 άπερ
1368 970 1525 1048 ἐμελίιησεν
1538 966 1631 1027 ἐπί
1598 990 1648 1023 των

110 1065 173 1142 scd,
193 1069 264 1126 Non
280 1069 394 1146 quievi,
410 1065 546 1147 preterito
570 1077 698 1145 tempore.
713 1061 827 1122 Etiamsi
844 1067 863 1114 Ε
881 1065 1024 1140 λογιαμων,
1037 1085 1122 1120 ταυτα
1133 1062 1195 1121 ἰδὼν
1208 1063 1299 1121 ἐπὶ”
1265 1086 1315 1121 των
1328 1061 1493 1143 πραγμάτων
1508 1057 1648 1136 συμόάντα

111 1157 185 1217 enim
213 1179 304 1218 rerum
327 1158 490 1238 prosperitas
519 1152 828 1236 arrogantiamsuade·
881 1152 1006 1233 γενναίως
1015 1152 1169 1232 ἤνεγκε,τά
1180 1155 1264 1214 παλαι
1276 1153 1452 1233 μελετηθέντα
1462 1150 1649 1227 παλαίσματα,

113 1249 178 1325 bat,
192 1247 241 1309 sed
267 1247 431 1330 exspectatio
447 1246 566 1306 tristium
588 1267 642 1306 nou
656 1245 761 1304 sinebat
786 1263 830 1302 me
882 1242 1016 1323 καίτάτῇ
1038 1245 1184 1327 προσδοκίᾳ
1199 1246 1416 1325 προειλημμένα,
1430 1252 1515 1305 ταῦτα
1534 1241 1654 1322 παρόντα

114 1339 259 1418 quiescere.
295 1341 467 1418 Quamquam
493 1336 631 1398 affluentia
658 1336 829 1395 vehementer
884 1335 989 1415 βλέπων
1005 1339 1053 1395 οὐκ
1062 1336 1303 1418 ἐταράττετοὌτι
1316 1338 1369 1417 γάρ
1382 1336 1441 1397 οὐδὲ
1451 1336 1592 1415 παρόντων
1602 1337 1661 1398 τῶν,

113 1431 274 1491 hortabatur
292 1431 327 1490 ad
337 1430 463 1506 deliciae,
473 1429 521 1490 sed
529 1430 658 1510 asperitas
667 1447 760 1486 eorum
770 1447 830 1503 quae
882 1431 1007 1511 χρηστῶν
1017 1428 1119 1509 σφόδρα
1132 1429 1231 1488 τούτων
1247 1431 1387 1509 ἀντέχετο,
1399 1430 1511 1488 ἄκουσον
1521 1426 1549 1485 τί
1564 1446 1653 1506 φησιν·

114 1523 351 1605 exspectabantur,
364 1521 525 1602 profligabat
536 1519 706 1579 securitatem
716 1540 723 1574 ι
733 1531 759 1576 et
768 1517 831 1576 licet
884 1523 919 1581 El
934 1520 961 1580 δὲ
975 1520 1021 1579 καλ
1035 1520 1181 1601 εὗρράνθην
1194 1524 1293 1580 πολλοῦ
1307 1521 1421 1581 πλούτου
1436 1518 1578 1598 γινομένου
1592 1538 1653 1594 μοι,

116 1635 232 1696 praesens
243 1614 358 1673 felicitas
369 1625 474 1692 cogeret
483 1611 538 1670 lrui
549 1610 641 1683 rebus,
658 1623 746 1668 tamen
758 1609 830 1666 sutu-
885 1615 908 1671 ei
933 1611 1064 1682 κατέταξα
1084 1612 1192 1692 χρυσίον
1208 1615 1283 1692 ἶσχόν
1298 1638 1363 1692 μου,
1377 1615 1400 1670 εἰ
1422 1608 1487 1689 λίθῳ
1515 1610 1655 1668 πολυτελεῖ

115 1724 207 1763 rorum
215 1703 371 1763 sollicitudo
381 1704 547 1804 voluptatem
556 1699 708 1781 interrupit.
716 1698 831 1777 Ideoque
884 1703 1060 1778 tmeuoma
1073 1709 1097 1763 εἰ
1112 1704 1139 1763 δὲ
1154 1704 1200 1764 χαλ
1210 1707 1253 1764 ἐπ’
1265 1704 1454 1816 ἀναριθμήςρις
1463 1698 1562 1778 ἀθέμην
1576 1697 1655 1778 χεῖρά

116 1794 244 1872 quoniam
255 1793 463 1875 premeditans
454 1812 482 1851 ιο
491 1792 582 1851 animo
590 1812 639 1851 suo
650 1791 708 1851 baec
717 1805 831 1850 ventura
885 1815 946 1870 μου
956 1793 981 1851 Γ
984 1791 993 1849 ί
1003 1789 1102 1870 λέγεις,
1113 1791 1252 1873 ἄνθρωπε,
1263 1795 1358 1853 Οὐκ’
1334 1790 1470 1905 ευρραίνου
1479 1811 1526 1846 του
1508 1787 1654 1846 πλούτου

115 1899 290 1970 prospexerat
303 1885 384 1944 rebus
396 1884 481 1958 laetrs
492 1883 550 1942 baee
570 1897 716 1943 certamina
725 1895 831 1963 postea
840 1945 877 1987 Μ
864 1883 1067 1999 0περιῤῥὲρνσιίς
1080 1907 1136 1943 σοι·
1130 1886 1298 1962 ,οὐδαμῶς,
1312 1883 1387 1964 ρησί.
1405 1880 1443 1941 Τί
1462 1880 1576 1953 δήποτες
1589 1876 1655 1936 Ὅτι

116 1976 360 2056 quamacciderunt
369 1975 475 2035 fortiter
484 1989 511 2035 et
523 1975 643 2034 animose
655 1973 778 2055 pertulit,
790 1986 831 2032 ut·
848 2002 869 2049 A
885 1975 1003 2050 ᾔδιιν’
974 1998 1053 2035 αυτου
1037 1975 1126 2035 ‘'rb
1109 1999 1222 2034 αστατον
1236 1975 1283 2034 καί
1294 1975 1424 2057 διαρρέον,
1436 1972 1509 2051 ᾔδειν
1522 1970 1554 2028 τὸ
1564 1971 1655 2044 κτῆμα

116 2069 247 2149 potejam
260 2067 327 2127 olim
341 2066 376 2126 ad
389 2067 436 2125 illa
459 2065 642 2127 exercitatus:
657 2078 684 2124 et
703 2064 833 2144 quoniam
885 2070 914 2127 οὗ
939 2066 1059 2147 μόνιμον.
1080 2068 1157 2129 ιΚαί
1179 2072 1247 2149 ὁρω
1244 2068 1315 2147 μίν,
1341 2065 1464 2148 φησίν,ἥ
1447 2065 1522 2137 ἥλιον
1538 2061 1654 2141 ἐπιφαύ-

117 2180 149 2218 ea
161 2158 359 2239 exspectatione
368 2159 426 2238 jam
438 2172 555 2239 ceperat,
569 2178 622 2217 non
633 2171 672 2216 est
683 2157 832 2238 perturba-
886 2183 999 2235 σκοντα,
1011 2160 1057 2221 καί
1079 2160 1250 2234 ἐκλείποντα,
1262 2162 1375 2232 σελήνην
1399 2160 1427 2218 δὲ
1447 2158 1602 2237 φθίνωσιν
1627 2154 1655 2212 ὠ

118 2263 163 2309 tus
172 2270 235 2309 curn
246 2262 364 2309 cerneret
374 2250 422 2308 illa
431 2248 532 2308 adesse.
540 2247 623 2320 Quod
632 2261 723 2308 autem
732 2269 766 2307 ne
774 2262 833 2306 tum
886 2252 938 2333 γὰρ
950 2255 992 2312 ἐπ’
1007 2256 1093 2312 αὐτῶν
1104 2256 1187 2312 ἐστιν.
1202 2252 1241 2314 Ὃ
1255 2252 1283 2312 δὲ
1297 2253 1368 2331 λέγει
1376 2249 1516 2324 ,τοιοῦτόν
1528 2249 1611 2306 ἔστιν.
1622 2246 1656 2304 El

118 2339 228 2421 quidem
240 2361 303 2400 cum
313 2340 454 2400 addessent
463 2340 834 2416 laeta,vebementerillisad·
886 2344 920 2406 τά
932 2347 992 2405 κατ’
1005 2344 1114 2424 οὐρανὸν
1129 2345 1229 2424 ἄστρα,
1238 2346 1285 2404 καλ
1299 2348 1424 2416 διηνεκῶς
1433 2341 1575 2419 λάμποντα
1586 2337 1657 2416 δέχε-

4 2432 241 2520 ‚3„,4,baeserit,
255 2432 319 2492 audi
330 2432 396 2512 quid
409 2432 483 2492 dicat
506 2456 513 2490 ι
536 2433 569 2492 Si
585 2426 748 2493 delectatus
769 2452 835 2491 sum
886 2436 1005 2496 παίωνα
1020 2435 1269 2515 μειαόολὴν,ἥλιος
1287 2435 1334 2512 μὲν
1355 2435 1494 2506 ἐκλείπων,
1509 2429 1608 2501 σελήνη
1631 2426 1658 2486 δὲ

118 2545 184 2584 cum
194 2526 268 2583 milti
277 2526 377 2585 multoe
386 2525 545 2604 affluerent
555 2526 676 2596 drotttae,
686 2529 712 2584 si
719 2527 836 2604 reposui
888 2528 1032 2610 ρθίνουσα,
1043 2531 1100 2596 πῶς
1111 2529 1158 2586 οὐκ
1171 2528 1287 2607 ἐσχάτης
1300 2526 1389 2593 ἀνοίας
1410 2525 1441 2584 τὸ
1452 2522 1487 2581 τδι
1500 2522 1605 2600 ἐπίγεια
1615 2543 1659 2577 νυ-

118 2636 223 2676 aurum
233 2618 445 2698 fortitudinem
464 2637 576 2690 meant,
586 2617 832 2698 sifiduciomlm·
891 2619 975 2699 μίζιιν
989 2610 1056 2679 εἶναι
1075 2618 1194 2697 μόνιμα,
1207 2620 1253 2678 καί
1276 2617 1429 2697 πεπηγότας
1443 2614 1496 2673 Διά
1509 2619 1587 2672 τοῦτο
1600 2610 1659 2671 οὔτε

120 2715 171 2772 bui
183 2715 217 2770 in
229 2713 377 2791 lapidibus
387 2716 538 2791 pretiosis,
553 2715 580 2771 si
590 2712 631 2771 ad
639 2715 836 2771 innumerabi·
890 2711 1028 2792 respiretur
1041 2710 1193 2792 εθρραίνετο
1212 2711 1284 2785 λίαν,
1295 2711 1355 2770 οὔτε
1376 2707 1545 2769 ἀπελθόντων
1559 2704 1660 2782 ἤλγησε

120 2803 165 2861 lia
174 2805 260 2882 posui
270 2823 390 2860 martum
400 2822 505 2861 meam.
514 2800 590 2874 Quid
600 2801 652 2878 ais,
666 2801 764 2861 bomo?
775 2804 836 2863 Non
890 2807 1015 2885 χαλεπῶς
1022 2848 1032 2878 ,
1040 2804 1132 2875 irretiri
1141 2805 1230 2869 καλῶς
1237 2803 1296 2882 ᾔδει
1307 2803 1355 2875 τὴν
1369 2801 1446 2882 φύσιν
1459 2802 1556 2859 αὐτῶν.
1565 2797 1660 2854 Ταῦτα

120 2890 308 2951 delectatuses
325 2891 433 2952 divitiis
444 2892 616 2952 affluentibus
641 2892 712 2952 tihi?
729 2896 838 2973 Nequa-
892 2894 921 2955 di
934 2894 980 2954 καὶ
994 2900 1072 2972 ἡμεῖς
1087 2893 1241 2968 ἀκοόοντες,
1264 2892 1407 2974 ἀγαπητοὶ,
1419 2891 1456 2968 μδ,
1470 2891 1549 2970 πενία
1562 2886 1661 2957 πιεζόι·

26 3017 34 3029 .
121 3002 214 3061 quam,
228 2982 327 3060 inquit
343 2982 492 3058 Quidita?
506 2982 642 3055 Quoniam
656 2982 837 3043 videbamil·
893 2995 979 3067 μιθα,
991 2987 1059 3066 μήτε
1078 2986 1355 3103 πλοότιρρυσόιμεθα·
1349 2987 1429 3046 ·’ἀλλ
1445 2986 1661 3062 ἐντῇτωνπρα-

121 3073 211 3132 larum
226 3073 380 3133 instabilem
390 3074 548 3152 fluxamque
562 3089 698 3148 naturam,
709 3075 838 3136 videbam
893 3079 1003 3159 γμάτων
1015 3079 1150 3160 μεταόολῇ
1164 3081 1212 3155 τὴν
1235 3079 1345 3160 γνώμην
1366 3077 1553 3156 ἀμετάόλητον
1566 3077 1661 3146 διατη-

22 3182 97 3230 αθ.
122 3165 317 3268 possessionem
336 3165 411 3224 baud
425 3165 600 3225 durabilem.
593 3168 661 3225 At
673 3168 761 3228 ordeo
774 3171 840 3248 qui-
895 3177 1013 3253 ροῦντες,
1024 3173 1068 3232 τδν
1083 3173 1135 3232 ἀπὸ
1146 3177 1195 3245 τῆς
1213 3171 1411 3253 ριλοσορίαςδρ
1413 3167 1538 3249 εψόμεθα
1551 3188 1663 3246 καρπον,

122 3257 190 3316 dem
198 3256 317 3332 ‚inquit,
335 3256 427 3316 solem
439 3260 580 3315 orientem
593 3279 630 3317 ac
643 3258 840 3339 deficientem,
894 3263 938 3323 ίνα
959 3262 1057 3322 καί
1025 3286 1072 3335 της
1085 3265 1197 3323 ἐνταῦθα
1212 3265 1307 3336 ἡδονης
1328 3261 1539 3337 ἀπολαύσωμεν,
1552 3259 1647 3317 eal*
1612 3280 1663 3315 των

123 3349 227 3408 huam
242 3369 312 3408 vero
336 3353 529 3408 intereuntem
546 3373 555 3406 .·
570 3370 630 3408 non
658 3355 737 3410 enim
751 3374 840 3432 penes
897 3355 1045 3436 μελλόντων
1069 3358 1173 3432 ἀγαθῶν
1197 3354 1380 3435 ἐπιτόχωμεν·
1398 3346 1434 3412 ὧν
1447 3351 1549 3432 γένοιτο
1564 3349 1665 3413 πάντας

123 3444 200 3521 ipsos
214 3454 267 3502 est.
279 3440 362 3518 Quod
377 3455 466 3500 autem
485 3438 572 3518 dicit,
586 3441 639 3501 tale
652 3442 743 3503 est.Si
758 3444 841 3504 stellae
895 3455 967 3528 ἡμᾶς
979 3453 1122 3529 θπιτογεῖν,
1137 3448 1231 3529 χάριτι
1241 3448 1287 3509 καὶ
1303 3445 1489 3528 φιλανθρωπίᾳ
1499 3448 1545 3503 τοῦ
1567 3440 1664 3520 Κυρίου

123 3554 185 3613 quae
199 3535 301 3595 suntin
316 3532 388 3592 calis
397 3546 581 3613 perpetuoque
593 3534 694 3605 lucent,
708 3535 843 3617 recipiunt
896 3546 972 3620 ἡμῶν
991 3542 1080 3614 Ἰησοῦ
1094 3541 1220 3620 Χριστοῦ.

123 3625 282 3686 nonnullam
290 3624 485 3699 mutationem,
495 3624 536 3684 sol
547 3645 643 3706 nempe
655 3622 801 3706 deficiens,
816 3642 843 3689 et

123 3717 190 3776 luna
195 3716 333 3791 interiens,
342 3738 377 3776 an
388 3736 441 3775 non
453 3728 581 3776 extremae
589 3716 730 3777 dementiae
737 3718 781 3796 sit,
788 3734 843 3781 ter·

126 3830 190 3869 rena
200 3830 251 3889 pro
264 3807 408 3867 stabilibus
422 3807 539 3883 fixisque
560 3806 678 3869 ducere?
690 3810 785 3890 quue
796 3833 846 3874 nec

128 3898 306 3981 praesentibus
319 3918 481 3979 magnopere
490 3897 687 3978 delectabatur,
702 3922 751 3961 nec
763 3903 848 3964 disee·

127 3988 255 4051 dentibus
268 3987 440 4048 vehementer
453 3988 627 4048 contristatus
645 4004 684 4050 eet
699 3995 848 4071 :quoniam

128 4083 214 4164 probe
228 4093 340 4142 noverat
352 4100 445 4139 earum
460 4101 552 4139 rerum
567 4095 703 4142 naturam.
721 4084 785 4145 Hac
799 4109 847 4148 nos

130 4174 283 4250 audientes,
296 4171 445 4247 carissimi,
462 4191 547 4250 noque
569 4187 725 4253 paupertate
737 4175 847 4258 dejicia-

130 4282 203 4336 mur,
219 4279 305 4339 neque
317 4257 443 4318 divitus
434 4271 656 4318 intumescamus
647 4261 747 4336 sedin
755 4288 846 4328 rerum

129 4352 327 4435 permutatione
340 4349 461 4408 animum
472 4305 670 4410 immutabilem
687 4356 846 4436 retinentes,

130 4444 311 4528 philosophiae
323 4443 443 4502 fructum
454 4456 603 4516 metamus,
620 4456 649 4502 ut
662 4459 689 4505 et
701 4447 747 4508 bie
760 4453 846 4512 rolu-

130 4549 205 4618 ptate
225 4535 408 4637 perfruamur,
423 4546 449 4593 et
472 4534 564 4597 lutura
576 4555 763 4615 assequamur
759 4541 845 4622 bona;

131 4647 193 4707 quae
212 4626 348 4705 contingat
359 4623 437 4684 nobis
450 4624 576 4685 omuibus
588 4624 716 4730 adipisci,
727 4635 814 4713 gratia
822 4651 849 4697 et

132 4718 252 4779 bonitate
263 4716 373 4777 Domini
383 4714 468 4776 nostri
481 4717 546 4777 Jesu
557 4710 668 4779 Christi.

166 4916 179 4980 ¹.
194 4902 255 4968 leeg.
266 4895 412 4967 [etrum
422 4905 463 4968 αθχ
472 4905 602 4973 ὁμαίμου..
615 4910 740 4972 primm.

758 5084 1077 5133 w
