<?xml version="1.0" encoding="UTF-8"?>
<!DOCTYPE html PUBLIC "-//W3C//DTD XHTML 1.0 Transitional//EN"
    "http://www.w3.org/TR/xhtml1/DTD/xhtml1-transitional.dtd">
<html xmlns="http://www.w3.org/1999/xhtml" xml:lang="en" lang="en">
 <head>
  <title>
</title>
<meta http-equiv="Content-Type" content="text/html;charset=utf-8" />
  <meta name='ocr-system' content='tesseract 3.04.00' />
  <meta name='ocr-capabilities' content='ocr_page ocr_carea ocr_par ocr_line ocrx_word'/>
</head>
<body>
  <div class='ocr_page' id='page_1' title='image "./sanctipatrisnos03chrygoog/sanctipatrisnos03chrygoog_0767.png"; bbox 0 0 3764 5992; ppageno 0'>
   <div class='ocr_carea' id='block_1_1' title="bbox 748 510 1677 605">
    <p class='ocr_par' dir='ltr' id='par_1_1' title="bbox 748 510 1677 605">
     <span class='ocr_line' id='line_1_1' title="bbox 748 510 1677 605; baseline 0.009 -31"><span class='ocrx_word' id='word_1_1' title='bbox 748 524 928 574; x_wconf 76' lang='lat' dir='ltr'><strong>nersronn.</strong></span> <span class='ocrx_word' id='word_1_2' title='bbox 1538 510 1609 605; x_wconf 84' lang='lat'>759</span> <span class='ocrx_word' id='word_1_3' title='bbox 1672 553 1677 563; x_wconf 94' lang='lat'>·</span> 
     </span>
    </p>
   </div>
   <div class='ocr_carea' id='block_1_2' title="bbox 64 646 1611 913">
    <p class='ocr_par' dir='ltr' id='par_1_2' title="bbox 64 646 1611 913">
     <span class='ocr_line' id='line_1_2' title="bbox 64 646 1611 736; baseline 0.004 -27"><span class='ocrx_word' id='word_1_4' title='bbox 64 648 145 709; x_wconf 74' lang='grc' dir='ltr'>Οδτω</span> <span class='ocrx_word' id='word_1_5' title='bbox 159 648 210 729; x_wconf 81' lang='grc' dir='ltr'>γάρ</span> <span class='ocrx_word' id='word_1_6' title='bbox 225 648 324 729; x_wconf 79' lang='grc' dir='ltr'>δυνήσῃ</span> <span class='ocrx_word' id='word_1_7' title='bbox 340 649 371 711; x_wconf 87' lang='grc' dir='ltr'>τδ</span> <span class='ocrx_word' id='word_1_8' title='bbox 383 651 473 712; x_wconf 81' lang='grc' dir='ltr'>λεῖπον</span> <span class='ocrx_word' id='word_1_9' title='bbox 488 654 552 730; x_wconf 80' lang='grc' dir='ltr'>ἡμῖν</span> <span class='ocrx_word' id='word_1_10' title='bbox 571 655 602 712; x_wconf 75' lang='lat' dir='ltr'>lx</span> <span class='ocrx_word' id='word_1_11' title='bbox 619 657 665 713; x_wconf 83' lang='grc' dir='ltr'>τοῦ</span> <span class='ocrx_word' id='word_1_12' title='bbox 677 653 790 734; x_wconf 73' lang='grc' dir='ltr'>χρόνον,</span> <span class='ocrx_word' id='word_1_13' title='bbox 808 653 839 711; x_wconf 74' lang='lat' dir='ltr'>lu</span> <span class='ocrx_word' id='word_1_14' title='bbox 893 646 1036 709; x_wconf 73' lang='lat' dir='ltr'><strong>securitate</strong></span> <span class='ocrx_word' id='word_1_15' title='bbox 1049 670 1153 713; x_wconf 85' lang='lat' dir='ltr'><strong>moram</strong></span> <span class='ocrx_word' id='word_1_16' title='bbox 1166 651 1267 716; x_wconf 63' lang='lat' dir='ltr'><strong>nahas.</strong></span> <span class='ocrx_word' id='word_1_17' title='bbox 1282 654 1329 717; x_wconf 85' lang='lat' dir='ltr'>Sic</span> <span class='ocrx_word' id='word_1_18' title='bbox 1341 655 1430 731; x_wconf 84' lang='lat' dir='ltr'><strong>onim,</strong></span> <span class='ocrx_word' id='word_1_19' title='bbox 1443 655 1517 736; x_wconf 83' lang='lat' dir='ltr'><strong>q&#39;uod</strong></span> <span class='ocrx_word' id='word_1_20' title='bbox 1532 657 1611 717; x_wconf 83' lang='lat' dir='ltr'><strong>nohis</strong></span> 
     </span>
     <span class='ocr_line' id='line_1_3' title="bbox 64 741 1611 847; baseline 0.006 -49"><span class='ocrx_word' id='word_1_21' title='bbox 64 748 110 802; x_wconf 82' lang='grc' dir='ltr'>τοῦ</span> <span class='ocrx_word' id='word_1_22' title='bbox 122 741 221 820; x_wconf 74' lang='grc' dir='ltr'>μήκους</span> <span class='ocrx_word' id='word_1_23' title='bbox 231 741 475 822; x_wconf 75' lang='grc' dir='ltr'>παραμυθήσασθαι</span> <span class='ocrx_word' id='word_1_24' title='bbox 487 747 540 803; x_wconf 84' lang='grc' dir='ltr'>τῶν</span> <span class='ocrx_word' id='word_1_25' title='bbox 550 745 705 805; x_wconf 79' lang='grc' dir='ltr'>ίπιστολῶν.</span> <span class='ocrx_word' id='word_1_26' title='bbox 893 759 928 799; x_wconf 77' lang='lat' dir='ltr'>ex</span> <span class='ocrx_word' id='word_1_27' title='bbox 942 752 1061 843; x_wconf 68' lang='lat' dir='ltr'><strong>tempore</strong></span> <span class='ocrx_word' id='word_1_28' title='bbox 1074 742 1166 847; x_wconf 81' lang='lat' dir='ltr'><strong>deficit</strong></span> <span class='ocrx_word' id='word_1_29' title='bbox 1173 790 1182 822; x_wconf 90' lang='lat'><strong>,</strong></span> <span class='ocrx_word' id='word_1_30' title='bbox 1195 767 1230 806; x_wconf 87' lang='lat' dir='ltr'>ex</span> <span class='ocrx_word' id='word_1_31' title='bbox 1252 746 1428 828; x_wconf 83' lang='lat' dir='ltr'><strong>epistolarum</strong></span> <span class='ocrx_word' id='word_1_32' title='bbox 1440 747 1611 829; x_wconf 74' lang='lat' dir='ltr'><strong>longitudine</strong></span> 
     </span>
     <span class='ocr_line' id='line_1_4' title="bbox 892 846 1114 913; baseline 0.014 -22"><span class='ocrx_word' id='word_1_33' title='bbox 892 850 992 891; x_wconf 79' lang='lat' dir='ltr'><strong>sarcire</strong></span> <span class='ocrx_word' id='word_1_34' title='bbox 1002 846 1114 913; x_wconf 86' lang='lat' dir='ltr'><strong>potens.</strong></span> 
     </span>
    </p>
   </div>
   <div class='ocr_carea' id='block_1_3' title="bbox 346 1011 1391 1096">
    <p class='ocr_par' dir='ltr' id='par_1_3' title="bbox 346 1011 1391 1096">
     <span class='ocr_line' id='line_1_5' title="bbox 346 1011 1391 1096; baseline 0.016 -24"><span class='ocrx_word' id='word_1_35' title='bbox 346 1011 552 1096; x_wconf 61' lang='grc' dir='ltr'>εςνῷσοεῳ.</span> <span class='ocrx_word' id='word_1_36' title='bbox 1115 1016 1257 1087; x_wconf 73' lang='grc' dir='ltr'>ικνιιιζ</span> <span class='ocrx_word' id='word_1_37' title='bbox 1276 1028 1391 1089; x_wconf 67' lang='lat' dir='ltr'><strong>nedem.</strong></span> 
     </span>
    </p>
   </div>
   <div class='ocr_carea' id='block_1_4' title="bbox 60 1192 1673 3754">
    <p class='ocr_par' dir='ltr' id='par_1_4' title="bbox 60 1192 1673 3571">
     <span class='ocr_line' id='line_1_6' title="bbox 105 1192 1610 1279; baseline 0.002 -24"><span class='ocrx_word' id='word_1_38' title='bbox 105 1195 160 1255; x_wconf 78' lang='grc' dir='ltr'>Καὶ</span> <span class='ocrx_word' id='word_1_39' title='bbox 173 1196 250 1253; x_wconf 69' lang='grc' dir='ltr'>τοῦτο</span> <span class='ocrx_word' id='word_1_40' title='bbox 264 1194 309 1253; x_wconf 84' lang='grc' dir='ltr'>σδν</span> <span class='ocrx_word' id='word_1_41' title='bbox 328 1199 374 1254; x_wconf 79' lang='grc' dir='ltr'>τοῦ</span> <span class='ocrx_word' id='word_1_42' title='bbox 387 1196 549 1279; x_wconf 89' lang='grc' dir='ltr'>θερμοτάτου</span> <span class='ocrx_word' id='word_1_43' title='bbox 571 1196 617 1257; x_wconf 81' lang='grc' dir='ltr'>καὶ</span> <span class='ocrx_word' id='word_1_44' title='bbox 636 1198 747 1279; x_wconf 73' lang='grc' dir='ltr'>σφοδροῦ</span> <span class='ocrx_word' id='word_1_45' title='bbox 760 1202 837 1278; x_wconf 75' lang='grc' dir='ltr'>ἡμῶν</span> <span class='ocrx_word' id='word_1_46' title='bbox 933 1192 965 1252; x_wconf 94' lang='lat' dir='ltr'>ld</span> <span class='ocrx_word' id='word_1_47' title='bbox 975 1216 1082 1274; x_wconf 90' lang='lat' dir='ltr'><strong>quoque</strong></span> <span class='ocrx_word' id='word_1_48' title='bbox 1093 1208 1170 1255; x_wconf 91' lang='lat' dir='ltr'><strong>tuum</strong></span> <span class='ocrx_word' id='word_1_49' title='bbox 1185 1209 1245 1274; x_wconf 86' lang='lat' dir='ltr'><strong>est,</strong></span> <span class='ocrx_word' id='word_1_50' title='bbox 1264 1197 1317 1256; x_wconf 87' lang='lat' dir='ltr'>hoo</span> <span class='ocrx_word' id='word_1_51' title='bbox 1334 1211 1373 1256; x_wconf 82' lang='lat' dir='ltr'>ost</span> <span class='ocrx_word' id='word_1_52' title='bbox 1386 1196 1610 1259; x_wconf 83' lang='lat' dir='ltr'><strong>hominisacriter</strong></span> 
     </span>
     <span class='ocr_line' id='line_1_7' title="bbox 65 1285 1673 1372; baseline 0.004 -27"><span class='ocrx_word' id='word_1_53' title='bbox 65 1288 185 1369; x_wconf 75' lang='grc' dir='ltr'>ἐραστοῦ.</span> <span class='ocrx_word' id='word_1_54' title='bbox 199 1285 277 1345; x_wconf 86' lang='grc' dir='ltr'>Μετδι</span> <span class='ocrx_word' id='word_1_55' title='bbox 289 1285 337 1363; x_wconf 88' lang='grc' dir='ltr'>μὲν</span> <span class='ocrx_word' id='word_1_56' title='bbox 357 1288 387 1347; x_wconf 82' lang='grc' dir='ltr'>τὸ</span> <span class='ocrx_word' id='word_1_57' title='bbox 407 1287 456 1359; x_wconf 73' lang='grc' dir='ltr'>την</span> <span class='ocrx_word' id='word_1_58' title='bbox 470 1288 600 1372; x_wconf 87' lang='grc' dir='ltr'>προτέραν</span> <span class='ocrx_word' id='word_1_59' title='bbox 618 1293 768 1370; x_wconf 82' lang='grc' dir='ltr'>ἀναγνῶναι</span> <span class='ocrx_word' id='word_1_60' title='bbox 782 1295 838 1352; x_wconf 76' lang='lat' dir='ltr'><strong>dru-</strong></span> <span class='ocrx_word' id='word_1_61' title='bbox 892 1298 972 1364; x_wconf 87' lang='lat' dir='ltr'><strong>atque</strong></span> <span class='ocrx_word' id='word_1_62' title='bbox 982 1286 1107 1347; x_wconf 86' lang='lat' dir='ltr'><strong>ardenter</strong></span> <span class='ocrx_word' id='word_1_63' title='bbox 1120 1308 1168 1347; x_wconf 87' lang='lat' dir='ltr'><strong>nos</strong></span> <span class='ocrx_word' id='word_1_64' title='bbox 1186 1289 1311 1349; x_wconf 87' lang='lat' dir='ltr'><strong>amantis.</strong></span> <span class='ocrx_word' id='word_1_65' title='bbox 1328 1289 1409 1348; x_wconf 88' lang='lat' dir='ltr'><strong>Lecta</strong></span> <span class='ocrx_word' id='word_1_66' title='bbox 1430 1288 1502 1348; x_wconf 90' lang='lat' dir='ltr'><strong>enim</strong></span> <span class='ocrx_word' id='word_1_67' title='bbox 1519 1290 1673 1372; x_wconf 78' lang='lat' dir='ltr'><strong>priore³¹¹¹¹⁰</strong></span> 
     </span>
     <span class='ocr_line' id='line_1_8' title="bbox 65 1375 1611 1463; baseline 0.004 -27"><span class='ocrx_word' id='word_1_68' title='bbox 65 1376 179 1451; x_wconf 72' lang='grc' dir='ltr'>στολὴν,</span> <span class='ocrx_word' id='word_1_69' title='bbox 194 1375 323 1455; x_wconf 78' lang='grc' dir='ltr'>ἐδεξάμην</span> <span class='ocrx_word' id='word_1_70' title='bbox 346 1378 391 1437; x_wconf 81' lang='grc' dir='ltr'>καί</span> <span class='ocrx_word' id='word_1_71' title='bbox 413 1379 552 1459; x_wconf 82' lang='grc' dir='ltr'>δευτέραν,</span> <span class='ocrx_word' id='word_1_72' title='bbox 572 1382 599 1439; x_wconf 80' lang='grc' dir='ltr'>ἐν</span> <span class='ocrx_word' id='word_1_73' title='bbox 620 1391 670 1463; x_wconf 71' lang='grc' dir='ltr'>μιᾷ</span> <span class='ocrx_word' id='word_1_74' title='bbox 688 1382 838 1463; x_wconf 79' lang='grc' dir='ltr'>ἀμφοτέρας</span> <span class='ocrx_word' id='word_1_75' title='bbox 891 1378 1015 1459; x_wconf 84' lang='lat' dir='ltr'><strong>epistola,</strong></span> <span class='ocrx_word' id='word_1_76' title='bbox 1027 1379 1611 1461; x_wconf 83' lang='lat' dir='ltr'><strong>secundnminsuperaccepi,eodemutram-</strong></span> 
     </span>
     <span class='ocr_line' id='line_1_9' title="bbox 64 1464 1611 1557; baseline 0.006 -31"><span class='ocrx_word' id='word_1_77' title='bbox 64 1469 167 1551; x_wconf 74' lang='grc' dir='ltr'>ἡμέρῳ,</span> <span class='ocrx_word' id='word_1_78' title='bbox 179 1469 225 1527; x_wconf 85' lang='grc' dir='ltr'>καῖ</span> <span class='ocrx_word' id='word_1_79' title='bbox 244 1470 344 1552; x_wconf 84' lang='grc' dir='ltr'>σφόδρα</span> <span class='ocrx_word' id='word_1_80' title='bbox 359 1469 452 1544; x_wconf 76' lang='grc' dir='ltr'>ἥσθην.</span> <span class='ocrx_word' id='word_1_81' title='bbox 470 1464 539 1553; x_wconf 82' lang='grc' dir='ltr'>Ε’ίχε</span> <span class='ocrx_word' id='word_1_82' title='bbox 550 1474 602 1557; x_wconf 79' lang='grc' dir='ltr'>γάρ</span> <span class='ocrx_word' id='word_1_83' title='bbox 616 1497 642 1533; x_wconf 91' lang='grc' dir='ltr'>τι</span> <span class='ocrx_word' id='word_1_84' title='bbox 655 1473 762 1549; x_wconf 81' lang='grc' dir='ltr'>πλέονὴ</span> <span class='ocrx_word' id='word_1_85' title='bbox 779 1476 836 1535; x_wconf 87' lang='grc' dir='ltr'>δευ-</span> <span class='ocrx_word' id='word_1_86' title='bbox 891 1492 943 1550; x_wconf 93' lang='lat' dir='ltr'>que</span> <span class='ocrx_word' id='word_1_87' title='bbox 953 1470 1008 1532; x_wconf 89' lang='lat' dir='ltr'><strong>die:</strong></span> <span class='ocrx_word' id='word_1_88' title='bbox 1022 1492 1172 1552; x_wconf 76' lang='lat' dir='ltr'><strong>magnaque</strong></span> <span class='ocrx_word' id='word_1_89' title='bbox 1182 1473 1274 1532; x_wconf 78' lang='lat' dir='ltr'><strong>latitia</strong></span> <span class='ocrx_word' id='word_1_90' title='bbox 1284 1474 1473 1535; x_wconf 84' lang='lat' dir='ltr'><strong>sumalleetus.</strong></span> <span class='ocrx_word' id='word_1_91' title='bbox 1487 1472 1611 1535; x_wconf 83' lang='lat' dir='ltr'><strong>ilabebat</strong></span> 
     </span>
     <span class='ocr_line' id='line_1_10' title="bbox 64 1561 1610 1648; baseline 0.005 -29"><span class='ocrx_word' id='word_1_92' title='bbox 64 1562 138 1642; x_wconf 86' lang='grc' dir='ltr'>τέρα,</span> <span class='ocrx_word' id='word_1_93' title='bbox 152 1561 210 1641; x_wconf 79' lang='grc' dir='ltr'>οὐχὶ</span> <span class='ocrx_word' id='word_1_94' title='bbox 224 1563 331 1642; x_wconf 70' lang='grc' dir='ltr'>ῥήματα</span> <span class='ocrx_word' id='word_1_95' title='bbox 343 1564 377 1624; x_wconf 76' lang='lat' dir='ltr'>el</span> <span class='ocrx_word' id='word_1_96' title='bbox 393 1564 482 1643; x_wconf 83' lang='grc' dir='ltr'>μόνον,</span> <span class='ocrx_word' id='word_1_97' title='bbox 497 1565 566 1626; x_wconf 81' lang='grc' dir='ltr'>ἀλλά</span> <span class='ocrx_word' id='word_1_98' title='bbox 579 1565 626 1626; x_wconf 81' lang='grc' dir='ltr'>καί</span> <span class='ocrx_word' id='word_1_99' title='bbox 640 1566 789 1648; x_wconf 82' lang='grc' dir='ltr'>γράμματα</span> <span class='ocrx_word' id='word_1_100' title='bbox 801 1567 836 1628; x_wconf 74' lang='grc' dir='ltr'>σὰ</span> <span class='ocrx_word' id='word_1_101' title='bbox 892 1563 965 1621; x_wconf 91' lang='lat' dir='ltr'><strong>enim</strong></span> <span class='ocrx_word' id='word_1_102' title='bbox 980 1565 1114 1644; x_wconf 81' lang='lat' dir='ltr'><strong>posterior</strong></span> <span class='ocrx_word' id='word_1_103' title='bbox 1127 1564 1258 1644; x_wconf 82' lang='lat' dir='ltr'><strong>quiddam</strong></span> <span class='ocrx_word' id='word_1_104' title='bbox 1272 1564 1391 1647; x_wconf 88' lang='lat' dir='ltr'><strong>amplius</strong></span> <span class='ocrx_word' id='word_1_105' title='bbox 1409 1587 1417 1623; x_wconf 77' lang='lat' dir='ltr'><strong>a</strong></span> <span class='ocrx_word' id='word_1_106' title='bbox 1440 1566 1542 1648; x_wconf 84' lang='lat' dir='ltr'><strong>quippe</strong></span> <span class='ocrx_word' id='word_1_107' title='bbox 1556 1586 1610 1627; x_wconf 91' lang='lat' dir='ltr'>non</span> 
     </span>
     <span class='ocr_line' id='line_1_11' title="bbox 63 1654 1611 1741; baseline 0.005 -29"><span class='ocrx_word' id='word_1_108' title='bbox 63 1659 127 1733; x_wconf 77' lang='grc' dir='ltr'>ἡμῖν</span> <span class='ocrx_word' id='word_1_109' title='bbox 143 1655 328 1715; x_wconf 79' lang='grc' dir='ltr'>ἐπιδεικνθσα·</span> <span class='ocrx_word' id='word_1_110' title='bbox 343 1655 357 1716; x_wconf 90' lang='grc' dir='ltr'>δ</span> <span class='ocrx_word' id='word_1_111' title='bbox 374 1655 421 1716; x_wconf 81' lang='grc' dir='ltr'>καί</span> <span class='ocrx_word' id='word_1_112' title='bbox 439 1657 592 1741; x_wconf 81' lang='grc' dir='ltr'>προσθήκην</span> <span class='ocrx_word' id='word_1_113' title='bbox 605 1664 670 1738; x_wconf 73' lang='grc' dir='ltr'>ἡμῖν</span> <span class='ocrx_word' id='word_1_114' title='bbox 691 1659 836 1734; x_wconf 87' lang='grc' dir='ltr'>πεποίηκεν</span> <span class='ocrx_word' id='word_1_115' title='bbox 852 1669 872 1716; x_wconf 84' lang='grc' dir='ltr'>θ</span> <span class='ocrx_word' id='word_1_116' title='bbox 891 1654 975 1715; x_wconf 72' lang='grc' dir='ltr'>κτείνει</span> <span class='ocrx_word' id='word_1_117' title='bbox 987 1655 1131 1716; x_wconf 78' lang='lat' dir='ltr'><strong>dumtaxat</strong></span> <span class='ocrx_word' id='word_1_118' title='bbox 1145 1671 1212 1734; x_wconf 87' lang='lat' dir='ltr'><strong>tua,</strong></span> <span class='ocrx_word' id='word_1_119' title='bbox 1234 1656 1281 1717; x_wconf 90' lang='lat' dir='ltr'>sed</span> <span class='ocrx_word' id='word_1_120' title='bbox 1298 1657 1380 1718; x_wconf 78' lang='lat' dir='ltr'><strong>etiem</strong></span> <span class='ocrx_word' id='word_1_121' title='bbox 1390 1657 1611 1740; x_wconf 87' lang='lat' dir='ltr'><strong>scriptumtuum</strong></span> 
     </span>
     <span class='ocr_line' id='line_1_12' title="bbox 62 1744 1609 1831; baseline 0.006 -30"><span class='ocrx_word' id='word_1_122' title='bbox 62 1747 173 1820; x_wconf 75' lang='grc' dir='ltr'>ἡδονῆς,</span> <span class='ocrx_word' id='word_1_123' title='bbox 188 1744 229 1804; x_wconf 72' lang='grc' dir='ltr'>ὅτι</span> <span class='ocrx_word' id='word_1_124' title='bbox 243 1745 281 1825; x_wconf 69' lang='grc' dir='ltr'>μὴ</span> <span class='ocrx_word' id='word_1_125' title='bbox 296 1752 343 1821; x_wconf 79' lang='grc' dir='ltr'>τῆς</span> <span class='ocrx_word' id='word_1_126' title='bbox 356 1750 443 1829; x_wconf 72' lang='grc' dir='ltr'>ψυχῆς</span> <span class='ocrx_word' id='word_1_127' title='bbox 461 1773 507 1808; x_wconf 84' lang='grc' dir='ltr'>σου</span> <span class='ocrx_word' id='word_1_128' title='bbox 522 1750 599 1828; x_wconf 70' lang='grc' dir='ltr'>μόνον</span> <span class='ocrx_word' id='word_1_129' title='bbox 613 1755 661 1823; x_wconf 75' lang='grc' dir='ltr'>τῆς</span> <span class='ocrx_word' id='word_1_130' title='bbox 680 1755 778 1831; x_wconf 77' lang='grc' dir='ltr'>θερμῆς</span> <span class='ocrx_word' id='word_1_131' title='bbox 790 1753 837 1813; x_wconf 77' lang='grc' dir='ltr'>καὶ</span> <span class='ocrx_word' id='word_1_132' title='bbox 891 1745 970 1805; x_wconf 87' lang='lat' dir='ltr'><strong>nohis</strong></span> <span class='ocrx_word' id='word_1_133' title='bbox 983 1746 1138 1827; x_wconf 76' lang='lat' dir='ltr'><strong>indicabat3</strong></span> <span class='ocrx_word' id='word_1_134' title='bbox 1149 1747 1224 1829; x_wconf 80' lang='lat' dir='ltr'><strong>quoti</strong></span> <span class='ocrx_word' id='word_1_135' title='bbox 1232 1749 1343 1829; x_wconf 74' lang='lat' dir='ltr'><strong>quidem</strong></span> <span class='ocrx_word' id='word_1_136' title='bbox 1352 1749 1609 1830; x_wconf 65' lang='lat' dir='ltr'><strong>volttpte&#39;tlcmellam</strong></span> 
     </span>
     <span class='ocr_line' id='line_1_13' title="bbox 64 1837 1647 1921; baseline 0.006 -26"><span class='ocrx_word' id='word_1_137' title='bbox 64 1838 183 1917; x_wconf 80' lang='grc' dir='ltr'>γνησίας,</span> <span class='ocrx_word' id='word_1_138' title='bbox 209 1837 277 1897; x_wconf 79' lang='grc' dir='ltr'>ἀλλὰ</span> <span class='ocrx_word' id='word_1_139' title='bbox 298 1838 344 1898; x_wconf 84' lang='grc' dir='ltr'>καῖ</span> <span class='ocrx_word' id='word_1_140' title='bbox 366 1844 414 1912; x_wconf 80' lang='grc' dir='ltr'>τῆς</span> <span class='ocrx_word' id='word_1_141' title='bbox 429 1839 514 1909; x_wconf 78' lang='grc' dir='ltr'>δεξιᾶς</span> <span class='ocrx_word' id='word_1_142' title='bbox 538 1839 607 1920; x_wconf 73' lang='grc' dir='ltr'>μετὰ</span> <span class='ocrx_word' id='word_1_143' title='bbox 629 1842 765 1921; x_wconf 75' lang='grc' dir='ltr'>δαψιλείας</span> <span class='ocrx_word' id='word_1_144' title='bbox 786 1843 835 1916; x_wconf 77' lang='grc' dir='ltr'>τὴν</span> <span class='ocrx_word' id='word_1_145' title='bbox 891 1839 970 1899; x_wconf 88' lang='lat' dir='ltr'><strong>nobis</strong></span> <span class='ocrx_word' id='word_1_146' title='bbox 978 1840 1214 1902; x_wconf 73' lang='lat' dir='ltr'><strong>auxitzneeenim</strong></span> <span class='ocrx_word' id='word_1_147' title='bbox 1225 1841 1353 1902; x_wconf 77' lang='lat' dir='ltr'><strong>ferventis</strong></span> <span class='ocrx_word' id='word_1_148' title='bbox 1363 1841 1546 1903; x_wconf 81' lang='lat' dir='ltr'><strong>dumtaxatae</strong></span> <span class='ocrx_word' id='word_1_149' title='bbox 1554 1842 1611 1904; x_wconf 84' lang='lat' dir='ltr'><strong>sin·</strong></span> <span class='ocrx_word' id='word_1_150' title='bbox 1638 1864 1647 1869; x_wconf 92' lang='lat'><em>·</em></span> 
     </span>
     <span class='ocr_line' id='line_1_14' title="bbox 63 1929 1610 2014; baseline 0.005 -27"><span class='ocrx_word' id='word_1_151' title='bbox 63 1929 153 1990; x_wconf 86' lang='grc' dir='ltr'>εἰκόνα</span> <span class='ocrx_word' id='word_1_152' title='bbox 164 1929 337 2008; x_wconf 80' lang='grc' dir='ltr'>ἐθεασάμεθα.</span> <span class='ocrx_word' id='word_1_153' title='bbox 351 1930 427 1991; x_wconf 86' lang='grc' dir='ltr'>Ποίει</span> <span class='ocrx_word' id='word_1_154' title='bbox 441 1932 473 2005; x_wconf 77' lang='grc' dir='ltr'>δὴ</span> <span class='ocrx_word' id='word_1_155' title='bbox 487 1939 565 1994; x_wconf 83' lang='grc' dir='ltr'>τοῦτο</span> <span class='ocrx_word' id='word_1_156' title='bbox 581 1938 713 2014; x_wconf 78' lang='grc' dir='ltr'>συνεχῶς,</span> <span class='ocrx_word' id='word_1_157' title='bbox 728 1935 774 1994; x_wconf 82' lang='grc' dir='ltr'>καί</span> <span class='ocrx_word' id='word_1_158' title='bbox 787 1935 835 2008; x_wconf 66' lang='grc' dir='ltr'>τὴν</span> <span class='ocrx_word' id='word_1_159' title='bbox 892 1950 958 1989; x_wconf 75' lang='lat' dir='ltr'><strong>cern</strong></span> <span class='ocrx_word' id='word_1_160' title='bbox 968 1930 1065 1992; x_wconf 79' lang='lat' dir='ltr'><strong>animae</strong></span> <span class='ocrx_word' id='word_1_161' title='bbox 1077 1945 1130 1991; x_wconf 83' lang='lat' dir='ltr'>tuae</span> <span class='ocrx_word' id='word_1_162' title='bbox 1140 1977 1150 2010; x_wconf 91' lang='lat'><strong>,</strong></span> <span class='ocrx_word' id='word_1_163' title='bbox 1162 1931 1300 1993; x_wconf 79' lang='lat' dir='ltr'><strong>sedetiam</strong></span> <span class='ocrx_word' id='word_1_164' title='bbox 1311 1931 1421 2014; x_wconf 87' lang='lat' dir='ltr'><strong>insuper</strong></span> <span class='ocrx_word' id='word_1_165' title='bbox 1432 1955 1529 1994; x_wconf 84' lang='lat' dir='ltr'><strong>manno</strong></span> <span class='ocrx_word' id='word_1_166' title='bbox 1541 1932 1610 1994; x_wconf 91' lang='lat' dir='ltr'><strong>ima·</strong></span> 
     </span>
     <span class='ocr_line' id='line_1_15' title="bbox 65 2019 1610 2107; baseline 0.005 -28"><span class='ocrx_word' id='word_1_167' title='bbox 65 2019 291 2102; x_wconf 77' lang='grc' dir='ltr'>παραμυθίαν,ἣν</span> <span class='ocrx_word' id='word_1_168' title='bbox 312 2022 463 2102; x_wconf 77' lang='grc' dir='ltr'>αὐτὸςὴμῖν</span> <span class='ocrx_word' id='word_1_169' title='bbox 473 2024 520 2083; x_wconf 84' lang='grc' dir='ltr'>καὶ</span> <span class='ocrx_word' id='word_1_170' title='bbox 532 2029 623 2085; x_wconf 74' lang='grc' dir='ltr'>τοῦτον</span> <span class='ocrx_word' id='word_1_171' title='bbox 637 2025 781 2099; x_wconf 80' lang='grc' dir='ltr'>ἐπενόησας</span> <span class='ocrx_word' id='word_1_172' title='bbox 791 2026 836 2086; x_wconf 86' lang='grc' dir='ltr'>τὸν</span> <span class='ocrx_word' id='word_1_173' title='bbox 891 2021 982 2101; x_wconf 78' lang='lat' dir='ltr'><strong>ginem</strong></span> <span class='ocrx_word' id='word_1_174' title='bbox 1002 2024 1200 2105; x_wconf 82' lang='lat' dir='ltr'><strong>conspeximus.</strong></span> <span class='ocrx_word' id='word_1_175' title='bbox 1217 2025 1308 2096; x_wconf 86' lang='lat' dir='ltr'><strong>Quare</strong></span> <span class='ocrx_word' id='word_1_176' title='bbox 1321 2047 1403 2104; x_wconf 85' lang='lat' dir='ltr'><strong>quam</strong></span> <span class='ocrx_word' id='word_1_177' title='bbox 1417 2025 1564 2107; x_wconf 71' lang='lat' dir='ltr'><strong>sepissime</strong></span> <span class='ocrx_word' id='word_1_178' title='bbox 1580 2026 1610 2088; x_wconf 86' lang='lat' dir='ltr'><strong>id</strong></span> 
     </span>
     <span class='ocr_line' id='line_1_16' title="bbox 63 2112 1610 2198; baseline 0.005 -28"><span class='ocrx_word' id='word_1_179' title='bbox 63 2112 173 2193; x_wconf 83' lang='grc' dir='ltr'>τρόπον,</span> <span class='ocrx_word' id='word_1_180' title='bbox 194 2113 261 2193; x_wconf 77' lang='grc' dir='ltr'>μετὰ</span> <span class='ocrx_word' id='word_1_181' title='bbox 281 2114 419 2195; x_wconf 79' lang='grc' dir='ltr'>δαψιλείας</span> <span class='ocrx_word' id='word_1_182' title='bbox 444 2116 556 2198; x_wconf 77' lang='grc' dir='ltr'>πάρεχε.</span> <span class='ocrx_word' id='word_1_183' title='bbox 582 2115 715 2177; x_wconf 85' lang='grc' dir='ltr'>Ἐνταῦθα</span> <span class='ocrx_word' id='word_1_184' title='bbox 734 2117 785 2198; x_wconf 84' lang='grc' dir='ltr'>γάρ</span> <span class='ocrx_word' id='word_1_185' title='bbox 805 2140 835 2177; x_wconf 87' lang='grc' dir='ltr'>σε</span> <span class='ocrx_word' id='word_1_186' title='bbox 890 2113 974 2173; x_wconf 79' lang='lat' dir='ltr'><strong>facias</strong></span> <span class='ocrx_word' id='word_1_187' title='bbox 979 2159 990 2187; x_wconf 90' lang='lat'><strong>,</strong></span> <span class='ocrx_word' id='word_1_188' title='bbox 1002 2115 1283 2193; x_wconf 84' lang='lat' dir='ltr'><strong>quaeso,aesolatium</strong></span> <span class='ocrx_word' id='word_1_189' title='bbox 1293 2116 1463 2196; x_wconf 90' lang='lat' dir='ltr'><strong>illud,quod</strong></span> <span class='ocrx_word' id='word_1_190' title='bbox 1472 2115 1610 2177; x_wconf 76' lang='lat' dir='ltr'><strong>nobishoc</strong></span> 
     </span>
     <span class='ocr_line' id='line_1_17' title="bbox 63 2204 1609 2290; baseline 0.005 -27"><span class='ocrx_word' id='word_1_191' title='bbox 63 2204 171 2266; x_wconf 76' lang='grc' dir='ltr'>ἑλκύσαι</span> <span class='ocrx_word' id='word_1_192' title='bbox 184 2207 275 2266; x_wconf 81' lang='grc' dir='ltr'>λοιπὸν</span> <span class='ocrx_word' id='word_1_193' title='bbox 295 2210 324 2266; x_wconf 87' lang='grc' dir='ltr'>οὐ</span> <span class='ocrx_word' id='word_1_194' title='bbox 337 2211 495 2286; x_wconf 81' lang='grc' dir='ltr'>τολμῶμεν·</span> <span class='ocrx_word' id='word_1_195' title='bbox 510 2212 626 2268; x_wconf 79' lang='grc' dir='ltr'>τοσαῦτα</span> <span class='ocrx_word' id='word_1_196' title='bbox 639 2212 687 2280; x_wconf 73' lang='grc' dir='ltr'>τῆς</span> <span class='ocrx_word' id='word_1_197' title='bbox 700 2207 837 2290; x_wconf 73' lang='grc' dir='ltr'>Ἀρμενίας</span> <span class='ocrx_word' id='word_1_198' title='bbox 890 2227 998 2284; x_wconf 88' lang='lat' dir='ltr'><strong>quoque</strong></span> <span class='ocrx_word' id='word_1_199' title='bbox 1015 2205 1118 2265; x_wconf 88' lang='lat' dir='ltr'><strong>ratione</strong></span> <span class='ocrx_word' id='word_1_200' title='bbox 1136 2206 1309 2286; x_wconf 72' lang='lat' dir='ltr'><strong>excogitasti,</strong></span> <span class='ocrx_word' id='word_1_201' title='bbox 1331 2207 1439 2289; x_wconf 84' lang='lat' dir='ltr'><strong>prolixe</strong></span> <span class='ocrx_word' id='word_1_202' title='bbox 1460 2206 1609 2288; x_wconf 70' lang='lat' dir='ltr'><strong>impertias-</strong></span> 
     </span>
     <span class='ocr_line' id='line_1_18' title="bbox 62 2295 1609 2380; baseline 0.003 -26"><span class='ocrx_word' id='word_1_203' title='bbox 62 2295 97 2355; x_wconf 85' lang='grc' dir='ltr'>τδι</span> <span class='ocrx_word' id='word_1_204' title='bbox 112 2297 192 2369; x_wconf 83' lang='grc' dir='ltr'>κακδι,</span> <span class='ocrx_word' id='word_1_205' title='bbox 202 2298 248 2357; x_wconf 84' lang='grc' dir='ltr'>καῖ</span> <span class='ocrx_word' id='word_1_206' title='bbox 261 2297 362 2378; x_wconf 82' lang='grc' dir='ltr'>χειμὼν</span> <span class='ocrx_word' id='word_1_207' title='bbox 377 2298 464 2380; x_wconf 79' lang='grc' dir='ltr'>ἕτερος</span> <span class='ocrx_word' id='word_1_208' title='bbox 478 2301 583 2360; x_wconf 75' lang='grc' dir='ltr'>ἅπαντα</span> <span class='ocrx_word' id='word_1_209' title='bbox 594 2299 734 2370; x_wconf 54' lang='lat' dir='ltr'><strong>initiare.</strong></span> <span class='ocrx_word' id='word_1_210' title='bbox 744 2300 835 2362; x_wconf 79' lang='grc' dir='ltr'>Ὅπου</span> <span class='ocrx_word' id='word_1_211' title='bbox 892 2296 953 2357; x_wconf 87' lang='lat' dir='ltr'><strong>llue</strong></span> <span class='ocrx_word' id='word_1_212' title='bbox 965 2296 1036 2356; x_wconf 87' lang='lat' dir='ltr'><strong>enim</strong></span> <span class='ocrx_word' id='word_1_213' title='bbox 1046 2310 1073 2357; x_wconf 89' lang='lat' dir='ltr'>te</span> <span class='ocrx_word' id='word_1_214' title='bbox 1084 2297 1191 2357; x_wconf 80' lang='lat' dir='ltr'><strong>trahere</strong></span> <span class='ocrx_word' id='word_1_215' title='bbox 1203 2298 1315 2357; x_wconf 87' lang='lat' dir='ltr'><strong>minime</strong></span> <span class='ocrx_word' id='word_1_216' title='bbox 1330 2299 1390 2380; x_wconf 87' lang='lat' dir='ltr'><strong>jam</strong></span> <span class='ocrx_word' id='word_1_217' title='bbox 1402 2298 1533 2377; x_wconf 79' lang='lat' dir='ltr'><strong>audemus</strong></span> <span class='ocrx_word' id='word_1_218' title='bbox 1544 2322 1552 2357; x_wconf 80' lang='lat' dir='ltr'>t</span> <span class='ocrx_word' id='word_1_219' title='bbox 1568 2313 1609 2359; x_wconf 90' lang='lat' dir='ltr'>tot</span> 
     </span>
     <span class='ocr_line' id='line_1_19' title="bbox 62 2388 1609 2473; baseline 0.002 -27"><span class='ocrx_word' id='word_1_220' title='bbox 62 2388 114 2471; x_wconf 73' lang='grc' dir='ltr'>γὰρ</span> <span class='ocrx_word' id='word_1_221' title='bbox 130 2391 161 2449; x_wconf 83' lang='grc' dir='ltr'>ἄν</span> <span class='ocrx_word' id='word_1_222' title='bbox 181 2415 222 2457; x_wconf 82' lang='grc' dir='ltr'>τις</span> <span class='ocrx_word' id='word_1_223' title='bbox 244 2390 385 2470; x_wconf 85' lang='grc' dir='ltr'>ἀφίκηται,</span> <span class='ocrx_word' id='word_1_224' title='bbox 399 2393 559 2473; x_wconf 77' lang='grc' dir='ltr'>χειμάρρους</span> <span class='ocrx_word' id='word_1_225' title='bbox 579 2391 716 2472; x_wconf 78' lang='grc' dir='ltr'>αἱμάτων,</span> <span class='ocrx_word' id='word_1_226' title='bbox 736 2396 835 2466; x_wconf 78' lang='grc' dir='ltr'>πλῆθος</span> <span class='ocrx_word' id='word_1_227' title='bbox 891 2390 1025 2448; x_wconf 76' lang='lat' dir='ltr'><strong>Armenia</strong></span> <span class='ocrx_word' id='word_1_228' title='bbox 1037 2388 1108 2448; x_wconf 83' lang='lat' dir='ltr'><strong>mala</strong></span> <span class='ocrx_word' id='word_1_229' title='bbox 1120 2402 1199 2464; x_wconf 88' lang='lat' dir='ltr'><strong>sunt,</strong></span> <span class='ocrx_word' id='word_1_230' title='bbox 1212 2410 1244 2448; x_wconf 87' lang='lat' dir='ltr'>ae</span> <span class='ocrx_word' id='word_1_231' title='bbox 1262 2402 1406 2470; x_wconf 83' lang='lat' dir='ltr'><strong>tempestas</strong></span> <span class='ocrx_word' id='word_1_232' title='bbox 1421 2389 1505 2449; x_wconf 84' lang='lat' dir='ltr'><strong>altera</strong></span> <span class='ocrx_word' id='word_1_233' title='bbox 1516 2389 1609 2449; x_wconf 80' lang='lat' dir='ltr'><strong>omnia</strong></span> 
     </span>
     <span class='ocr_line' id='line_1_20' title="bbox 62 2480 1609 2565; baseline 0.001 -25"><span class='ocrx_word' id='word_1_234' title='bbox 62 2481 194 2559; x_wconf 69' lang='lat' dir='ltr'><strong>nespoleos</strong></span> <span class='ocrx_word' id='word_1_235' title='bbox 209 2486 318 2564; x_wconf 84' lang='grc' dir='ltr'>νεκρῶν,</span> <span class='ocrx_word' id='word_1_236' title='bbox 329 2483 413 2552; x_wconf 89' lang='grc' dir='ltr'>οίκίας</span> <span class='ocrx_word' id='word_1_237' title='bbox 426 2485 656 2563; x_wconf 82' lang='grc' dir='ltr'>κατεσκαμμένας,</span> <span class='ocrx_word' id='word_1_238' title='bbox 669 2484 758 2554; x_wconf 74' lang='grc' dir='ltr'>πόλεις</span> <span class='ocrx_word' id='word_1_239' title='bbox 771 2489 835 2565; x_wconf 85' lang='grc' dir='ltr'>ἀνῃ-</span> <span class='ocrx_word' id='word_1_240' title='bbox 888 2480 1004 2562; x_wconf 83' lang='lat' dir='ltr'><strong>excepit.</strong></span> <span class='ocrx_word' id='word_1_241' title='bbox 1018 2482 1088 2540; x_wconf 86' lang='lat' dir='ltr'><strong>Nam</strong></span> <span class='ocrx_word' id='word_1_242' title='bbox 1099 2502 1270 2561; x_wconf 89' lang='lat' dir='ltr'><strong>quocumque</strong></span> <span class='ocrx_word' id='word_1_243' title='bbox 1280 2480 1389 2541; x_wconf 87' lang='lat' dir='ltr'><strong>tandem</strong></span> <span class='ocrx_word' id='word_1_244' title='bbox 1410 2480 1545 2561; x_wconf 86' lang='lat' dir='ltr'><strong>quispiam</strong></span> <span class='ocrx_word' id='word_1_245' title='bbox 1565 2502 1609 2544; x_wconf 80' lang='lat' dir='ltr'>ve</span> 
     </span>
     <span class='ocr_line' id='line_1_21' title="bbox 63 2568 1606 2658; baseline 0.001 -27"><span class='ocrx_word' id='word_1_246' title='bbox 63 2572 178 2651; x_wconf 85' lang='grc' dir='ltr'>ρημένας</span> <span class='ocrx_word' id='word_1_247' title='bbox 189 2574 291 2654; x_wconf 68' lang='grc' dir='ltr'>ὄψεται.</span> <span class='ocrx_word' id='word_1_248' title='bbox 300 2574 395 2653; x_wconf 84' lang='grc' dir='ltr'>Ἡμεῖς</span> <span class='ocrx_word' id='word_1_249' title='bbox 406 2574 433 2635; x_wconf 78' lang='lat' dir='ltr'><strong>di</strong></span> <span class='ocrx_word' id='word_1_250' title='bbox 448 2577 575 2653; x_wconf 80' lang='grc' dir='ltr'>δοκοῦμεν</span> <span class='ocrx_word' id='word_1_251' title='bbox 589 2581 616 2637; x_wconf 81' lang='grc' dir='ltr'>ἐν</span> <span class='ocrx_word' id='word_1_252' title='bbox 627 2577 759 2658; x_wconf 67' lang='grc' dir='ltr'>ἀσφαλείᾳ</span> <span class='ocrx_word' id='word_1_253' title='bbox 768 2568 835 2637; x_wconf 78' lang='grc' dir='ltr'>εἶναι</span> <span class='ocrx_word' id='word_1_254' title='bbox 889 2572 973 2651; x_wconf 88' lang='lat' dir='ltr'><strong>nerit,</strong></span> <span class='ocrx_word' id='word_1_255' title='bbox 993 2586 1117 2633; x_wconf 86' lang='lat' dir='ltr'><strong>cruentos</strong></span> <span class='ocrx_word' id='word_1_256' title='bbox 1137 2587 1284 2648; x_wconf 85' lang='lat' dir='ltr'><strong>torrentes,</strong></span> <span class='ocrx_word' id='word_1_257' title='bbox 1298 2572 1461 2633; x_wconf 81' lang='lat' dir='ltr'><strong>cadaverum</strong></span> <span class='ocrx_word' id='word_1_258' title='bbox 1475 2572 1606 2653; x_wconf 74' lang='lat' dir='ltr'><strong>agmina,</strong></span> 
     </span>
     <span class='ocr_line' id='line_1_22' title="bbox 61 2664 1604 2752; baseline 0.001 -29"><span class='ocrx_word' id='word_1_259' title='bbox 61 2665 153 2749; x_wconf 81' lang='grc' dir='ltr'>ὥσπερ</span> <span class='ocrx_word' id='word_1_260' title='bbox 174 2669 200 2726; x_wconf 83' lang='grc' dir='ltr'>ἐν</span> <span class='ocrx_word' id='word_1_261' title='bbox 223 2667 397 2748; x_wconf 84' lang='grc' dir='ltr'>δεσμωτηρίῳ</span> <span class='ocrx_word' id='word_1_262' title='bbox 414 2670 543 2748; x_wconf 81' lang='grc' dir='ltr'>χαλεπῷ,</span> <span class='ocrx_word' id='word_1_263' title='bbox 556 2671 594 2748; x_wconf 81' lang='grc' dir='ltr'>τῷ</span> <span class='ocrx_word' id='word_1_264' title='bbox 613 2667 729 2749; x_wconf 78' lang='grc' dir='ltr'>φρουρίῳ</span> <span class='ocrx_word' id='word_1_265' title='bbox 750 2668 835 2752; x_wconf 73' lang='grc' dir='ltr'>τούτῳ</span> <span class='ocrx_word' id='word_1_266' title='bbox 852 2681 871 2729; x_wconf 77' lang='lat' dir='ltr'>tt</span> <span class='ocrx_word' id='word_1_267' title='bbox 889 2664 983 2724; x_wconf 91' lang='lat' dir='ltr'><strong>domos</strong></span> <span class='ocrx_word' id='word_1_268' title='bbox 994 2665 1052 2725; x_wconf 90' lang='lat' dir='ltr'><strong>solo</strong></span> <span class='ocrx_word' id='word_1_269' title='bbox 1072 2679 1209 2744; x_wconf 67' lang='lat' dir='ltr'><strong>aequatas,</strong></span> <span class='ocrx_word' id='word_1_270' title='bbox 1228 2665 1309 2724; x_wconf 91' lang='lat' dir='ltr'><strong>urbes</strong></span> <span class='ocrx_word' id='word_1_271' title='bbox 1321 2686 1429 2725; x_wconf 85' lang='lat' dir='ltr'><strong>eversas</strong></span> <span class='ocrx_word' id='word_1_272' title='bbox 1449 2664 1604 2746; x_wconf 84' lang='lat' dir='ltr'><strong>perspiciet.</strong></span> 
     </span>
     <span class='ocr_line' id='line_1_23' title="bbox 62 2755 1606 2840; baseline 0 -23"><span class='ocrx_word' id='word_1_273' title='bbox 62 2759 312 2838; x_wconf 85' lang='grc' dir='ltr'>κατακεκλεισμένοι</span> <span class='ocrx_word' id='word_1_274' title='bbox 323 2764 367 2820; x_wconf 79' lang='grc' dir='ltr'>ὀὐ</span> <span class='ocrx_word' id='word_1_275' title='bbox 379 2758 433 2839; x_wconf 75' lang='grc' dir='ltr'>μὴν</span> <span class='ocrx_word' id='word_1_276' title='bbox 444 2760 532 2827; x_wconf 85' lang='grc' dir='ltr'>ἀδείας</span> <span class='ocrx_word' id='word_1_277' title='bbox 542 2760 683 2822; x_wconf 75' lang='grc' dir='ltr'>ἀπολαύσω</span> <span class='ocrx_word' id='word_1_278' title='bbox 693 2760 835 2840; x_wconf 84' lang='grc' dir='ltr'>δυνάμεθα,</span> <span class='ocrx_word' id='word_1_279' title='bbox 889 2758 946 2817; x_wconf 88' lang='lat' dir='ltr'><strong>Nos</strong></span> <span class='ocrx_word' id='word_1_280' title='bbox 959 2769 1048 2817; x_wconf 85' lang='lat' dir='ltr'><strong>nutem</strong></span> <span class='ocrx_word' id='word_1_281' title='bbox 1058 2800 1067 2831; x_wconf 92' lang='lat'><strong>,</strong></span> <span class='ocrx_word' id='word_1_282' title='bbox 1083 2756 1186 2816; x_wconf 83' lang='lat' dir='ltr'><strong>tametsi</strong></span> <span class='ocrx_word' id='word_1_283' title='bbox 1207 2755 1328 2838; x_wconf 88' lang='lat' dir='ltr'><strong>periculo</strong></span> <span class='ocrx_word' id='word_1_284' title='bbox 1339 2755 1419 2816; x_wconf 85' lang='lat' dir='ltr'><strong>vacui</strong></span> <span class='ocrx_word' id='word_1_285' title='bbox 1430 2777 1490 2817; x_wconf 79' lang='lat' dir='ltr'><strong>esse</strong></span> <span class='ocrx_word' id='word_1_286' title='bbox 1509 2755 1606 2817; x_wconf 79' lang='lat' dir='ltr'><strong>videa·</strong></span> 
     </span>
     <span class='ocr_line' id='line_1_24' title="bbox 63 2846 1609 2933; baseline 0.001 -27"><span class='ocrx_word' id='word_1_287' title='bbox 63 2848 107 2907; x_wconf 78' lang='grc' dir='ltr'>διὰ</span> <span class='ocrx_word' id='word_1_288' title='bbox 125 2850 183 2917; x_wconf 83' lang='grc' dir='ltr'>τοὺς</span> <span class='ocrx_word' id='word_1_289' title='bbox 206 2850 395 2933; x_wconf 80' lang='grc' dir='ltr'>καθημερινοδς</span> <span class='ocrx_word' id='word_1_290' title='bbox 416 2851 524 2932; x_wconf 79' lang='grc' dir='ltr'>φόίους,</span> <span class='ocrx_word' id='word_1_291' title='bbox 546 2851 590 2911; x_wconf 79' lang='grc' dir='ltr'>διὰ</span> <span class='ocrx_word' id='word_1_292' title='bbox 611 2852 658 2919; x_wconf 72' lang='grc' dir='ltr'>τὰς</span> <span class='ocrx_word' id='word_1_293' title='bbox 674 2852 764 2932; x_wconf 81' lang='grc' dir='ltr'>φήμας</span> <span class='ocrx_word' id='word_1_294' title='bbox 782 2855 836 2912; x_wconf 79' lang='grc' dir='ltr'>τῶν</span> <span class='ocrx_word' id='word_1_295' title='bbox 889 2869 969 2923; x_wconf 87' lang='lat' dir='ltr'><strong>mur,</strong></span> <span class='ocrx_word' id='word_1_296' title='bbox 981 2847 1009 2907; x_wconf 93' lang='lat' dir='ltr'><strong>in</strong></span> <span class='ocrx_word' id='word_1_297' title='bbox 1018 2848 1072 2908; x_wconf 89' lang='lat' dir='ltr'>hoo</span> <span class='ocrx_word' id='word_1_298' title='bbox 1083 2846 1210 2930; x_wconf 72' lang='lat' dir='ltr'><strong>praesidio</strong></span> <span class='ocrx_word' id='word_1_299' title='bbox 1218 2893 1228 2921; x_wconf 89' lang='lat'><strong>,</strong></span> <span class='ocrx_word' id='word_1_300' title='bbox 1241 2862 1384 2929; x_wconf 87' lang='lat' dir='ltr'><strong>tamquam</strong></span> <span class='ocrx_word' id='word_1_301' title='bbox 1397 2847 1476 2927; x_wconf 77' lang='lat' dir='ltr'><strong>gravi</strong></span> <span class='ocrx_word' id='word_1_302' title='bbox 1488 2847 1609 2929; x_wconf 88' lang='lat' dir='ltr'><strong>quodam</strong></span> 
     </span>
     <span class='ocr_line' id='line_1_25' title="bbox 63 2939 1607 3026; baseline 0 -26"><span class='ocrx_word' id='word_1_303' title='bbox 63 2942 181 3002; x_wconf 89' lang='grc' dir='ltr'>θανάτων</span> <span class='ocrx_word' id='word_1_304' title='bbox 196 2941 343 3021; x_wconf 77' lang='grc' dir='ltr'>γεμούσας,</span> <span class='ocrx_word' id='word_1_305' title='bbox 360 2942 404 3003; x_wconf 80' lang='lat' dir='ltr'>nt</span> <span class='ocrx_word' id='word_1_306' title='bbox 417 2943 465 3017; x_wconf 74' lang='grc' dir='ltr'>την</span> <span class='ocrx_word' id='word_1_307' title='bbox 483 2948 599 3024; x_wconf 85' lang='grc' dir='ltr'>συνεχῶς</span> <span class='ocrx_word' id='word_1_308' title='bbox 613 2944 834 3026; x_wconf 87' lang='grc' dir='ltr'>προσδοκωμένην</span> <span class='ocrx_word' id='word_1_309' title='bbox 888 2960 993 2999; x_wconf 88' lang='lat' dir='ltr'><strong>earoere</strong></span> <span class='ocrx_word' id='word_1_310' title='bbox 1006 2940 1142 3017; x_wconf 84' lang='lat' dir='ltr'><strong>conclusi,</strong></span> <span class='ocrx_word' id='word_1_311' title='bbox 1161 2953 1249 2999; x_wconf 75' lang='lat' dir='ltr'><strong>umen</strong></span> <span class='ocrx_word' id='word_1_312' title='bbox 1263 2939 1299 2999; x_wconf 92' lang='lat' dir='ltr'>ob</span> <span class='ocrx_word' id='word_1_313' title='bbox 1313 2939 1486 3019; x_wconf 84' lang='lat' dir='ltr'><strong>quotidianos</strong></span> <span class='ocrx_word' id='word_1_314' title='bbox 1503 2953 1607 3015; x_wconf 84' lang='lat' dir='ltr'><strong>metus,</strong></span> 
     </span>
     <span class='ocr_line' id='line_1_26' title="bbox 61 3027 1607 3118; baseline 0.001 -27"><span class='ocrx_word' id='word_1_315' title='bbox 61 3036 113 3091; x_wconf 86' lang='grc' dir='ltr'>τῶν</span> <span class='ocrx_word' id='word_1_316' title='bbox 125 3033 252 3114; x_wconf 85' lang='grc' dir='ltr'>Ἰσαιίρων</span> <span class='ocrx_word' id='word_1_317' title='bbox 264 3034 370 3115; x_wconf 79' lang='grc' dir='ltr'>ἔφοδον,</span> <span class='ocrx_word' id='word_1_318' title='bbox 386 3035 430 3095; x_wconf 77' lang='grc' dir='ltr'>διὰ</span> <span class='ocrx_word' id='word_1_319' title='bbox 447 3034 495 3108; x_wconf 70' lang='grc' dir='ltr'>τὴν</span> <span class='ocrx_word' id='word_1_320' title='bbox 510 3040 555 3095; x_wconf 82' lang='grc' dir='ltr'>τοῦ</span> <span class='ocrx_word' id='word_1_321' title='bbox 572 3034 710 3113; x_wconf 82' lang='grc' dir='ltr'>σώματος,</span> <span class='ocrx_word' id='word_1_322' title='bbox 722 3027 741 3115; x_wconf 75' lang='grc' dir='ltr'><strong>ᾖ</strong></span> <span class='ocrx_word' id='word_1_323' title='bbox 754 3035 834 3118; x_wconf 73' lang='grc' dir='ltr'>μέχρι</span> <span class='ocrx_word' id='word_1_324' title='bbox 888 3031 924 3091; x_wconf 92' lang='lat' dir='ltr'>ob</span> <span class='ocrx_word' id='word_1_325' title='bbox 942 3053 1063 3092; x_wconf 87' lang='lat' dir='ltr'><strong>rumores</strong></span> <span class='ocrx_word' id='word_1_326' title='bbox 1073 3032 1192 3097; x_wconf 85' lang='lat' dir='ltr'><strong>caedibus</strong></span> <span class='ocrx_word' id='word_1_327' title='bbox 1201 3033 1293 3114; x_wconf 91' lang='lat' dir='ltr'><strong>plenos</strong></span> <span class='ocrx_word' id='word_1_328' title='bbox 1301 3078 1310 3109; x_wconf 93' lang='lat'><strong>,</strong></span> <span class='ocrx_word' id='word_1_329' title='bbox 1322 3033 1358 3092; x_wconf 92' lang='lat' dir='ltr'>ob</span> <span class='ocrx_word' id='word_1_330' title='bbox 1371 3046 1513 3114; x_wconf 86' lang='lat' dir='ltr'><strong>perpetuas</strong></span> <span class='ocrx_word' id='word_1_331' title='bbox 1526 3032 1607 3093; x_wconf 83' lang='lat' dir='ltr'><strong>isau-</strong></span> 
     </span>
     <span class='ocr_line' id='line_1_27' title="bbox 62 3123 1607 3206; baseline 0.001 -22"><span class='ocrx_word' id='word_1_332' title='bbox 62 3129 108 3184; x_wconf 81' lang='grc' dir='ltr'>νῦν</span> <span class='ocrx_word' id='word_1_333' title='bbox 122 3125 350 3205; x_wconf 85' lang='grc' dir='ltr'>προσπαλαίομεν,</span> <span class='ocrx_word' id='word_1_334' title='bbox 361 3125 505 3185; x_wconf 86' lang='grc' dir='ltr'>ἀσθένειαν.</span> <span class='ocrx_word' id='word_1_335' title='bbox 518 3127 588 3185; x_wconf 82' lang='grc' dir='ltr'>Ἀλλ’</span> <span class='ocrx_word' id='word_1_336' title='bbox 605 3128 678 3204; x_wconf 78' lang='grc' dir='ltr'>ὅμως</span> <span class='ocrx_word' id='word_1_337' title='bbox 690 3127 735 3185; x_wconf 79' lang='grc' dir='ltr'>καί</span> <span class='ocrx_word' id='word_1_338' title='bbox 748 3130 775 3186; x_wconf 79' lang='grc' dir='ltr'>ἐν</span> <span class='ocrx_word' id='word_1_339' title='bbox 788 3150 834 3187; x_wconf 89' lang='grc' dir='ltr'>το-</span> <span class='ocrx_word' id='word_1_340' title='bbox 887 3123 1006 3184; x_wconf 88' lang='lat' dir='ltr'><strong>ricarum</strong></span> <span class='ocrx_word' id='word_1_341' title='bbox 1018 3125 1210 3184; x_wconf 84' lang='lat' dir='ltr'><strong>excursionum</strong></span> <span class='ocrx_word' id='word_1_342' title='bbox 1221 3124 1443 3206; x_wconf 83' lang='lat' dir='ltr'><strong>exspectationes,</strong></span> <span class='ocrx_word' id='word_1_343' title='bbox 1455 3124 1492 3184; x_wconf 87' lang='lat' dir='ltr'>ob</span> <span class='ocrx_word' id='word_1_344' title='bbox 1506 3144 1607 3206; x_wconf 87' lang='lat' dir='ltr'><strong>eorpo-</strong></span> 
     </span>
     <span class='ocr_line' id='line_1_28' title="bbox 62 3214 1606 3300; baseline 0.001 -26"><span class='ocrx_word' id='word_1_345' title='bbox 62 3215 164 3283; x_wconf 82' lang='grc' dir='ltr'>σοίτοις</span> <span class='ocrx_word' id='word_1_346' title='bbox 177 3217 248 3283; x_wconf 82' lang='grc' dir='ltr'>ὄντες</span> <span class='ocrx_word' id='word_1_347' title='bbox 258 3226 359 3290; x_wconf 85' lang='grc' dir='ltr'>κακοῖς,</span> <span class='ocrx_word' id='word_1_348' title='bbox 376 3220 404 3277; x_wconf 81' lang='grc' dir='ltr'>οὗ</span> <span class='ocrx_word' id='word_1_349' title='bbox 419 3217 517 3299; x_wconf 70' lang='grc' dir='ltr'>μικράν</span> <span class='ocrx_word' id='word_1_350' title='bbox 528 3217 574 3276; x_wconf 80' lang='grc' dir='ltr'>καῖ</span> <span class='ocrx_word' id='word_1_351' title='bbox 585 3220 613 3276; x_wconf 80' lang='grc' dir='ltr'>ἐν</span> <span class='ocrx_word' id='word_1_352' title='bbox 626 3216 741 3296; x_wconf 75' lang='grc' dir='ltr'>τοσαύτῃ</span> <span class='ocrx_word' id='word_1_353' title='bbox 753 3240 833 3300; x_wconf 79' lang='grc' dir='ltr'>περι·</span> <span class='ocrx_word' id='word_1_354' title='bbox 886 3215 925 3274; x_wconf 88' lang='lat' dir='ltr'>ris</span> <span class='ocrx_word' id='word_1_355' title='bbox 935 3215 1051 3293; x_wconf 86' lang='lat' dir='ltr'><strong>denique</strong></span> <span class='ocrx_word' id='word_1_356' title='bbox 1064 3216 1288 3291; x_wconf 83' lang='lat' dir='ltr'><strong>imbecillitatem,</strong></span> <span class='ocrx_word' id='word_1_357' title='bbox 1297 3237 1359 3276; x_wconf 85' lang='lat' dir='ltr'><strong>cum</strong></span> <span class='ocrx_word' id='word_1_358' title='bbox 1373 3214 1553 3295; x_wconf 75' lang='lat' dir='ltr'><strong>quoad-hunc</strong></span> <span class='ocrx_word' id='word_1_359' title='bbox 1563 3236 1606 3275; x_wconf 75' lang='lat' dir='ltr'><strong>tta·</strong></span> 
     </span>
     <span class='ocr_line' id='line_1_29' title="bbox 62 3307 1609 3391; baseline 0.001 -25"><span class='ocrx_word' id='word_1_360' title='bbox 62 3307 154 3367; x_wconf 90' lang='grc' dir='ltr'>στάσει</span> <span class='ocrx_word' id='word_1_361' title='bbox 173 3309 344 3389; x_wconf 83' lang='grc' dir='ltr'>καρποίμεθα</span> <span class='ocrx_word' id='word_1_362' title='bbox 359 3309 544 3389; x_wconf 88' lang='grc' dir='ltr'>παραμυθίαν,</span> <span class='ocrx_word' id='word_1_363' title='bbox 565 3310 628 3371; x_wconf 77' lang='grc' dir='ltr'>ὅταν</span> <span class='ocrx_word' id='word_1_364' title='bbox 649 3309 683 3368; x_wconf 81' lang='grc' dir='ltr'>τδ</span> <span class='ocrx_word' id='word_1_365' title='bbox 703 3309 764 3391; x_wconf 84' lang='grc' dir='ltr'>περί</span> <span class='ocrx_word' id='word_1_366' title='bbox 785 3314 833 3381; x_wconf 82' lang='grc' dir='ltr'>τῆς</span> <span class='ocrx_word' id='word_1_367' title='bbox 886 3328 939 3385; x_wconf 92' lang='lat' dir='ltr'>que</span> <span class='ocrx_word' id='word_1_368' title='bbox 952 3307 1025 3368; x_wconf 92' lang='lat' dir='ltr'><strong>diem</strong></span> <span class='ocrx_word' id='word_1_369' title='bbox 1037 3308 1190 3384; x_wconf 86' lang='lat' dir='ltr'><strong>luctamur,</strong></span> <span class='ocrx_word' id='word_1_370' title='bbox 1204 3308 1401 3387; x_wconf 87' lang='lat' dir='ltr'><strong>tranquillitate</strong></span> <span class='ocrx_word' id='word_1_371' title='bbox 1413 3327 1445 3367; x_wconf 89' lang='lat' dir='ltr'><strong>ao</strong></span> <span class='ocrx_word' id='word_1_372' title='bbox 1464 3307 1609 3368; x_wconf 77' lang='lat' dir='ltr'><strong>securitate</strong></span> 
     </span>
     <span class='ocr_line' id='line_1_30' title="bbox 60 3397 1606 3482; baseline 0 -26"><span class='ocrx_word' id='word_1_373' title='bbox 60 3400 159 3478; x_wconf 71' lang='grc' dir='ltr'>ὑγιείας</span> <span class='ocrx_word' id='word_1_374' title='bbox 167 3405 214 3474; x_wconf 74' lang='grc' dir='ltr'>τῆς</span> <span class='ocrx_word' id='word_1_375' title='bbox 225 3406 273 3473; x_wconf 73' lang='grc' dir='ltr'>σῆς</span> <span class='ocrx_word' id='word_1_376' title='bbox 284 3401 504 3481; x_wconf 81' lang='grc' dir='ltr'>εὐαγγελιζόμενα</span> <span class='ocrx_word' id='word_1_377' title='bbox 515 3405 587 3481; x_wconf 73' lang='grc' dir='ltr'>ἡμᾶς</span> <span class='ocrx_word' id='word_1_378' title='bbox 598 3399 737 3482; x_wconf 81' lang='grc' dir='ltr'>δεχώμεθα</span> <span class='ocrx_word' id='word_1_379' title='bbox 748 3400 832 3481; x_wconf 82' lang='grc' dir='ltr'>γράμ-</span> <span class='ocrx_word' id='word_1_380' title='bbox 885 3398 940 3458; x_wconf 80' lang='lat' dir='ltr'><strong>frui</strong></span> <span class='ocrx_word' id='word_1_381' title='bbox 953 3399 1065 3459; x_wconf 88' lang='lat' dir='ltr'><strong>minime</strong></span> <span class='ocrx_word' id='word_1_382' title='bbox 1083 3420 1234 3480; x_wconf 89' lang='lat' dir='ltr'><strong>possumus.</strong></span> <span class='ocrx_word' id='word_1_383' title='bbox 1257 3398 1311 3459; x_wconf 89' lang='lat' dir='ltr'>Sed</span> <span class='ocrx_word' id='word_1_384' title='bbox 1327 3412 1416 3458; x_wconf 87' lang='lat' dir='ltr'><strong>tamen</strong></span> <span class='ocrx_word' id='word_1_385' title='bbox 1439 3397 1520 3457; x_wconf 90' lang='lat' dir='ltr'><strong>etiam</strong></span> <span class='ocrx_word' id='word_1_386' title='bbox 1534 3398 1606 3457; x_wconf 89' lang='lat' dir='ltr'><strong>inter</strong></span> 
     </span>
     <span class='ocr_line' id='line_1_31' title="bbox 60 3487 1606 3571; baseline -0.002 -22"><span class='ocrx_word' id='word_1_387' title='bbox 60 3513 141 3568; x_wconf 85' lang='grc' dir='ltr'>ματα.</span> <span class='ocrx_word' id='word_1_388' title='bbox 886 3503 925 3550; x_wconf 93' lang='lat' dir='ltr'>tot</span> <span class='ocrx_word' id='word_1_389' title='bbox 937 3491 1008 3550; x_wconf 87' lang='lat' dir='ltr'><strong>mala</strong></span> <span class='ocrx_word' id='word_1_390' title='bbox 1020 3512 1072 3549; x_wconf 93' lang='lat' dir='ltr'>non</span> <span class='ocrx_word' id='word_1_391' title='bbox 1083 3511 1199 3571; x_wconf 86' lang='lat' dir='ltr'><strong>parvum</strong></span> <span class='ocrx_word' id='word_1_392' title='bbox 1213 3490 1339 3548; x_wconf 84' lang='lat' dir='ltr'><strong>solatium</strong></span> <span class='ocrx_word' id='word_1_393' title='bbox 1351 3488 1484 3570; x_wconf 83' lang='lat' dir='ltr'><strong>capimus,</strong></span> <span class='ocrx_word' id='word_1_394' title='bbox 1495 3509 1557 3547; x_wconf 87' lang='lat' dir='ltr'><strong>cum</strong></span> <span class='ocrx_word' id='word_1_395' title='bbox 1567 3487 1606 3546; x_wconf 93' lang='lat' dir='ltr'><strong>li·</strong></span> 
     </span>
    </p>

    <p class='ocr_par' dir='ltr' id='par_1_5' title="bbox 885 3579 1606 3754">
     <span class='ocr_line' id='line_1_32' title="bbox 886 3579 1606 3642; baseline -0.004 -1"><span class='ocrx_word' id='word_1_396' title='bbox 886 3596 956 3642; x_wconf 85' lang='lat' dir='ltr'><strong>teras</strong></span> <span class='ocrx_word' id='word_1_397' title='bbox 968 3582 1061 3641; x_wconf 77' lang='lat' dir='ltr'><strong>lutum</strong></span> <span class='ocrx_word' id='word_1_398' title='bbox 1082 3582 1117 3642; x_wconf 89' lang='lat' dir='ltr'>de</span> <span class='ocrx_word' id='word_1_399' title='bbox 1134 3596 1180 3641; x_wconf 86' lang='lat' dir='ltr'>tua</span> <span class='ocrx_word' id='word_1_400' title='bbox 1200 3581 1279 3641; x_wconf 83' lang='lat' dir='ltr'><strong>firma</strong></span> <span class='ocrx_word' id='word_1_401' title='bbox 1303 3579 1460 3641; x_wconf 87' lang='lat' dir='ltr'><strong>valetudine</strong></span> <span class='ocrx_word' id='word_1_402' title='bbox 1481 3580 1606 3641; x_wconf 92' lang='lat' dir='ltr'><strong>nuntium</strong></span> 
     </span>
     <span class='ocr_line' id='line_1_33' title="bbox 885 3673 1193 3754; baseline -0.01 -21"><span class='ocrx_word' id='word_1_403' title='bbox 885 3673 1193 3754; x_wconf 69' lang='lat' dir='ltr'><strong>afferenttsaceipimus.</strong></span> 
     </span>
    </p>
   </div>
   <div class='ocr_carea' id='block_1_5' title="bbox 253 3804 1553 3935">
    <p class='ocr_par' dir='ltr' id='par_1_6' title="bbox 253 3804 1553 3935">
     <span class='ocr_line' id='line_1_34' title="bbox 253 3804 1553 3935; baseline 0.01 -31"><span class='ocrx_word' id='word_1_404' title='bbox 253 3841 300 3914; x_wconf 80' lang='grc' dir='ltr'>ξδ’.</span> <span class='ocrx_word' id='word_1_405' title='bbox 314 3844 441 3926; x_wconf 85' lang='grc' dir='ltr'>Νικολάῳ</span> <span class='ocrx_word' id='word_1_406' title='bbox 455 3846 636 3929; x_wconf 75' lang='grc' dir='ltr'>πρεσθυτέρῳ.</span> <span class='ocrx_word' id='word_1_407' title='bbox 840 3804 875 3904; x_wconf 77' lang='lat' dir='ltr'><strong>⁸i¹</strong></span> <span class='ocrx_word' id='word_1_408' title='bbox 1023 3854 1133 3915; x_wconf 77' lang='lat' dir='ltr'><em>LXIX.</em></span> <span class='ocrx_word' id='word_1_409' title='bbox 1147 3853 1273 3913; x_wconf 82' lang='grc' dir='ltr'>Νἰαοίοο</span> <span class='ocrx_word' id='word_1_410' title='bbox 1282 3856 1464 3935; x_wconf 79' lang='lat' dir='ltr'><strong>presbytero.</strong></span> <span class='ocrx_word' id='word_1_411' title='bbox 1549 3905 1553 3917; x_wconf 94' lang='lat'>.</span> 
     </span>
    </p>
   </div>
   <div class='ocr_carea' id='block_1_6' title="bbox 98 4025 1754 4116">
    <p class='ocr_par' dir='ltr' id='par_1_7' title="bbox 98 4025 1754 4116">
     <span class='ocr_line' id='line_1_35' title="bbox 98 4025 1754 4116; baseline 0.001 -23"><span class='ocrx_word' id='word_1_412' title='bbox 98 4025 153 4086; x_wconf 71' lang='lat' dir='ltr'><strong>Kal</strong></span> <span class='ocrx_word' id='word_1_413' title='bbox 165 4032 242 4086; x_wconf 77' lang='grc' dir='ltr'>ταῦτα</span> <span class='ocrx_word' id='word_1_414' title='bbox 252 4029 301 4098; x_wconf 78' lang='grc' dir='ltr'>τῆς</span> <span class='ocrx_word' id='word_1_415' title='bbox 313 4025 423 4106; x_wconf 73' lang='grc' dir='ltr'>γνησίας</span> <span class='ocrx_word' id='word_1_416' title='bbox 435 4050 482 4087; x_wconf 77' lang='grc' dir='ltr'>σαν</span> <span class='ocrx_word' id='word_1_417' title='bbox 495 4027 541 4087; x_wconf 71' lang='grc' dir='ltr'>καὶ</span> <span class='ocrx_word' id='word_1_418' title='bbox 554 4033 653 4110; x_wconf 72' lang='grc' dir='ltr'>θερμῆς</span> <span class='ocrx_word' id='word_1_419' title='bbox 665 4028 787 4104; x_wconf 64' lang='lat' dir='ltr'><strong>titione,</strong></span> <span class='ocrx_word' id='word_1_420' title='bbox 801 4029 832 4091; x_wconf 75' lang='lat' dir='ltr'>rt</span> <span class='ocrx_word' id='word_1_421' title='bbox 924 4035 999 4097; x_wconf 88' lang='lat' dir='ltr'><strong>lstud</strong></span> <span class='ocrx_word' id='word_1_422' title='bbox 1015 4056 1122 4116; x_wconf 89' lang='lat' dir='ltr'><strong>quoque</strong></span> <span class='ocrx_word' id='word_1_423' title='bbox 1137 4034 1246 4094; x_wconf 77' lang='lat' dir='ltr'><strong>sincera·</strong></span> <span class='ocrx_word' id='word_1_424' title='bbox 1260 4045 1314 4092; x_wconf 85' lang='lat' dir='ltr'>tuae</span> <span class='ocrx_word' id='word_1_425' title='bbox 1332 4054 1365 4094; x_wconf 85' lang='lat' dir='ltr'>ae</span> <span class='ocrx_word' id='word_1_426' title='bbox 1386 4031 1515 4094; x_wconf 82' lang='lat' dir='ltr'><strong>ferventis</strong></span> <span class='ocrx_word' id='word_1_427' title='bbox 1529 4032 1603 4095; x_wconf 84' lang='lat' dir='ltr'><strong>cari-</strong></span> <span class='ocrx_word' id='word_1_428' title='bbox 1673 4067 1693 4095; x_wconf 71' lang='grc' dir='ltr'>ιι</span> <span class='ocrx_word' id='word_1_429' title='bbox 1704 4052 1754 4096; x_wconf 67' lang='lat' dir='ltr'><strong>»isso</strong></span> 
     </span>
    </p>
   </div>
   <div class='ocr_carea' id='block_1_7' title="bbox 55 4117 1669 5130">
    <p class='ocr_par' dir='ltr' id='par_1_8' title="bbox 55 4117 1669 5130">
     <span class='ocr_line' id='line_1_36' title="bbox 59 4117 1669 4207; baseline -0.002 -31"><span class='ocrx_word' id='word_1_430' title='bbox 59 4121 89 4176; x_wconf 76' lang='grc' dir='ltr'>ἐκ</span> <span class='ocrx_word' id='word_1_431' title='bbox 115 4117 237 4177; x_wconf 74' lang='grc' dir='ltr'>τοσούτου</span> <span class='ocrx_word' id='word_1_432' title='bbox 262 4118 409 4196; x_wconf 81' lang='grc' dir='ltr'>καθήμενον</span> <span class='ocrx_word' id='word_1_433' title='bbox 439 4119 618 4197; x_wconf 69' lang='grc' dir='ltr'>διαστήματος</span> <span class='ocrx_word' id='word_1_434' title='bbox 644 4121 831 4204; x_wconf 80' lang='grc' dir='ltr'>ΙΙπεριτρέμειν</span> <span class='ocrx_word' id='word_1_435' title='bbox 885 4129 948 4189; x_wconf 69' lang='lat' dir='ltr'><strong>tatis</strong></span> <span class='ocrx_word' id='word_1_436' title='bbox 962 4141 1017 4205; x_wconf 81' lang='lat' dir='ltr'><strong>est,</strong></span> <span class='ocrx_word' id='word_1_437' title='bbox 1031 4126 1104 4207; x_wconf 92' lang='lat' dir='ltr'><strong>quod</strong></span> <span class='ocrx_word' id='word_1_438' title='bbox 1118 4147 1179 4186; x_wconf 92' lang='lat' dir='ltr'><strong>cum</strong></span> <span class='ocrx_word' id='word_1_439' title='bbox 1187 4138 1262 4185; x_wconf 83' lang='lat' dir='ltr'><strong>tanto</strong></span> <span class='ocrx_word' id='word_1_440' title='bbox 1275 4146 1292 4184; x_wconf 94' lang='lat' dir='ltr'><strong>a</strong></span> <span class='ocrx_word' id='word_1_441' title='bbox 1305 4124 1383 4185; x_wconf 88' lang='lat' dir='ltr'><strong>nohis</strong></span> <span class='ocrx_word' id='word_1_442' title='bbox 1394 4123 1537 4186; x_wconf 86' lang='lat' dir='ltr'><strong>intervallo</strong></span> <span class='ocrx_word' id='word_1_443' title='bbox 1546 4125 1604 4186; x_wconf 90' lang='lat' dir='ltr'><strong>dis.</strong></span> <span class='ocrx_word' id='word_1_444' title='bbox 1611 4129 1669 4158; x_wconf 70' lang='lat'>⁸⁰⁰⁰</span> 
     </span>
     <span class='ocr_line' id='line_1_37' title="bbox 58 4201 1602 4295; baseline 0 -19"><span class='ocrx_word' id='word_1_445' title='bbox 58 4213 135 4287; x_wconf 75' lang='grc' dir='ltr'>ἡμῶν</span> <span class='ocrx_word' id='word_1_446' title='bbox 148 4214 196 4282; x_wconf 79' lang='grc' dir='ltr'>τῆς</span> <span class='ocrx_word' id='word_1_447' title='bbox 210 4209 351 4290; x_wconf 74' lang='grc' dir='ltr'>σωτηρίας·</span> <span class='ocrx_word' id='word_1_448' title='bbox 360 4209 461 4291; x_wconf 75' lang='grc' dir='ltr'>Πρῴην</span> <span class='ocrx_word' id='word_1_449' title='bbox 473 4209 521 4289; x_wconf 69' lang='grc' dir='ltr'>μὲν</span> <span class='ocrx_word' id='word_1_450' title='bbox 535 4201 579 4270; x_wconf 64' lang='grc' dir='ltr'>οὖν</span> <span class='ocrx_word' id='word_1_451' title='bbox 590 4209 687 4279; x_wconf 75' lang='grc' dir='ltr'>τόπανς</span> <span class='ocrx_word' id='word_1_452' title='bbox 702 4212 830 4273; x_wconf 70' lang='grc' dir='ltr'>ἐκτόπων</span> <span class='ocrx_word' id='word_1_453' title='bbox 884 4220 951 4281; x_wconf 83' lang='lat' dir='ltr'><strong>situs</strong></span> <span class='ocrx_word' id='word_1_454' title='bbox 966 4219 1003 4280; x_wconf 88' lang='lat' dir='ltr'>sis</span> <span class='ocrx_word' id='word_1_455' title='bbox 1016 4264 1025 4295; x_wconf 95' lang='lat'><strong>,</strong></span> <span class='ocrx_word' id='word_1_456' title='bbox 1044 4232 1135 4277; x_wconf 88' lang='lat' dir='ltr'><strong>tamen</strong></span> <span class='ocrx_word' id='word_1_457' title='bbox 1147 4217 1279 4278; x_wconf 84' lang='lat' dir='ltr'><strong>desoluto</strong></span> <span class='ocrx_word' id='word_1_458' title='bbox 1292 4231 1383 4277; x_wconf 88' lang='lat' dir='ltr'><strong>nostra</strong></span> <span class='ocrx_word' id='word_1_459' title='bbox 1403 4217 1440 4276; x_wconf 88' lang='lat' dir='ltr'>sis</span> <span class='ocrx_word' id='word_1_460' title='bbox 1462 4217 1602 4276; x_wconf 88' lang='lat' dir='ltr'><strong>sollicitus.</strong></span> 
     </span>
     <span class='ocr_line' id='line_1_38' title="bbox 58 4299 1605 4394; baseline -0.002 -24"><span class='ocrx_word' id='word_1_461' title='bbox 58 4303 210 4380; x_wconf 75' lang='grc' dir='ltr'>ἅμαίὸοντες</span> <span class='ocrx_word' id='word_1_462' title='bbox 228 4304 254 4363; x_wconf 73' lang='grc' dir='ltr'>έν</span> <span class='ocrx_word' id='word_1_463' title='bbox 270 4306 335 4383; x_wconf 77' lang='grc' dir='ltr'>αὐτῇ</span> <span class='ocrx_word' id='word_1_464' title='bbox 347 4307 394 4363; x_wconf 83' lang='grc' dir='ltr'>τοῦ</span> <span class='ocrx_word' id='word_1_465' title='bbox 405 4308 536 4384; x_wconf 84' lang='grc' dir='ltr'>χειμῶνας</span> <span class='ocrx_word' id='word_1_466' title='bbox 556 4308 589 4383; x_wconf 77' lang='grc' dir='ltr'>τῇ</span> <span class='ocrx_word' id='word_1_467' title='bbox 610 4306 702 4383; x_wconf 65' lang='grc' dir='ltr'>ἀκμῇ,</span> <span class='ocrx_word' id='word_1_468' title='bbox 721 4310 766 4363; x_wconf 75' lang='grc' dir='ltr'>νῦν</span> <span class='ocrx_word' id='word_1_469' title='bbox 782 4305 831 4383; x_wconf 71' lang='grc' dir='ltr'>μὲν</span> <span class='ocrx_word' id='word_1_470' title='bbox 884 4314 978 4394; x_wconf 87' lang='lat' dir='ltr'><strong>Nuper</strong></span> <span class='ocrx_word' id='word_1_471' title='bbox 999 4309 1110 4393; x_wconf 89' lang='lat' dir='ltr'><strong>quidem</strong></span> <span class='ocrx_word' id='word_1_472' title='bbox 1129 4299 1277 4391; x_wconf 86' lang='lat' dir='ltr'><strong>asperrima</strong></span> <span class='ocrx_word' id='word_1_473' title='bbox 1300 4308 1389 4367; x_wconf 86' lang='lat' dir='ltr'><strong>hieme</strong></span> <span class='ocrx_word' id='word_1_474' title='bbox 1412 4308 1470 4367; x_wconf 87' lang='lat' dir='ltr'><strong>loca</strong></span> <span class='ocrx_word' id='word_1_475' title='bbox 1489 4306 1605 4368; x_wconf 90' lang='lat' dir='ltr'><strong>subinde</strong></span> 
     </span>
     <span class='ocr_line' id='line_1_39' title="bbox 56 4393 1603 4479; baseline 0.004 -26"><span class='ocrx_word' id='word_1_476' title='bbox 56 4397 83 4453; x_wconf 79' lang='grc' dir='ltr'>ἐν</span> <span class='ocrx_word' id='word_1_477' title='bbox 102 4394 227 4468; x_wconf 85' lang='grc' dir='ltr'>πάλεσιν,</span> <span class='ocrx_word' id='word_1_478' title='bbox 241 4400 287 4454; x_wconf 80' lang='grc' dir='ltr'>νῦν</span> <span class='ocrx_word' id='word_1_479' title='bbox 302 4394 329 4454; x_wconf 76' lang='grc' dir='ltr'>δὲ</span> <span class='ocrx_word' id='word_1_480' title='bbox 348 4398 375 4454; x_wconf 86' lang='grc' dir='ltr'>έν</span> <span class='ocrx_word' id='word_1_481' title='bbox 390 4393 505 4474; x_wconf 63' lang='grc' dir='ltr'>φάραγξί</span> <span class='ocrx_word' id='word_1_482' title='bbox 527 4394 573 4455; x_wconf 68' lang='grc' dir='ltr'>καί</span> <span class='ocrx_word' id='word_1_483' title='bbox 586 4394 684 4462; x_wconf 69' lang='grc' dir='ltr'>νάπαις</span> <span class='ocrx_word' id='word_1_484' title='bbox 703 4397 830 4477; x_wconf 70' lang='grc' dir='ltr'>διετρίὸθ·</span> <span class='ocrx_word' id='word_1_485' title='bbox 885 4417 1094 4479; x_wconf 86' lang='lat' dir='ltr'><strong>commutantes,</strong></span> <span class='ocrx_word' id='word_1_486' title='bbox 1109 4423 1182 4461; x_wconf 87' lang='lat' dir='ltr'><strong>nune</strong></span> <span class='ocrx_word' id='word_1_487' title='bbox 1198 4401 1226 4460; x_wconf 91' lang='lat' dir='ltr'><strong>iu</strong></span> <span class='ocrx_word' id='word_1_488' title='bbox 1243 4400 1377 4474; x_wconf 84' lang='lat' dir='ltr'><strong>urbibus,</strong></span> <span class='ocrx_word' id='word_1_489' title='bbox 1398 4397 1511 4458; x_wconf 87' lang='lat' dir='ltr'><strong>nuncin</strong></span> <span class='ocrx_word' id='word_1_490' title='bbox 1526 4412 1603 4459; x_wconf 75' lang='lat' dir='ltr'><strong>terre</strong></span> 
     </span>
     <span class='ocr_line' id='line_1_40' title="bbox 57 4484 1603 4577; baseline -0.003 -21"><span class='ocrx_word' id='word_1_491' title='bbox 57 4509 115 4562; x_wconf 72' lang='grc' dir='ltr'>μεν,</span> <span class='ocrx_word' id='word_1_492' title='bbox 130 4486 182 4546; x_wconf 62' lang='lat' dir='ltr'>oet</span> <span class='ocrx_word' id='word_1_493' title='bbox 197 4489 245 4558; x_wconf 69' lang='grc' dir='ltr'>τῆς</span> <span class='ocrx_word' id='word_1_494' title='bbox 257 4490 309 4545; x_wconf 75' lang='grc' dir='ltr'>τῶν</span> <span class='ocrx_word' id='word_1_495' title='bbox 324 4485 454 4567; x_wconf 70' lang='grc' dir='ltr'>’Ῐααῦρννν</span> <span class='ocrx_word' id='word_1_496' title='bbox 469 4484 560 4567; x_wconf 53' lang='lat' dir='ltr'><strong>{afficta</strong></span> <span class='ocrx_word' id='word_1_497' title='bbox 574 4487 739 4568; x_wconf 56' lang='grc' dir='ltr'>πανταχόθεν</span> <span class='ocrx_word' id='word_1_498' title='bbox 756 4491 832 4549; x_wconf 63' lang='lat' dir='ltr'><strong>ileu·</strong></span> <span class='ocrx_word' id='word_1_499' title='bbox 884 4498 1008 4559; x_wconf 81' lang='lat' dir='ltr'><strong>lancibus</strong></span> <span class='ocrx_word' id='word_1_500' title='bbox 1025 4510 1051 4556; x_wconf 91' lang='lat' dir='ltr'>et</span> <span class='ocrx_word' id='word_1_501' title='bbox 1068 4495 1156 4577; x_wconf 86' lang='lat' dir='ltr'><strong>sylvis</strong></span> <span class='ocrx_word' id='word_1_502' title='bbox 1175 4492 1332 4555; x_wconf 87' lang='lat' dir='ltr'><strong>commorati</strong></span> <span class='ocrx_word' id='word_1_503' title='bbox 1353 4513 1463 4569; x_wconf 89' lang='lat' dir='ltr'><strong>sumus,</strong></span> <span class='ocrx_word' id='word_1_504' title='bbox 1479 4493 1514 4551; x_wconf 88' lang='lat' dir='ltr'><strong>ab</strong></span> <span class='ocrx_word' id='word_1_505' title='bbox 1527 4492 1603 4553; x_wconf 88' lang='lat' dir='ltr'><strong>lsau-</strong></span> 
     </span>
     <span class='ocr_line' id='line_1_41' title="bbox 55 4576 1605 4666; baseline 0.006 -32"><span class='ocrx_word' id='word_1_506' title='bbox 55 4577 245 4658; x_wconf 73' lang='grc' dir='ltr'>νάμενοι.’οψὲ</span> <span class='ocrx_word' id='word_1_507' title='bbox 254 4576 282 4637; x_wconf 89' lang='grc' dir='ltr'>δί</span> <span class='ocrx_word' id='word_1_508' title='bbox 290 4600 356 4638; x_wconf 84' lang='grc' dir='ltr'>ποτε</span> <span class='ocrx_word' id='word_1_509' title='bbox 365 4577 546 4658; x_wconf 88' lang='grc' dir='ltr'>λωφησάντων</span> <span class='ocrx_word' id='word_1_510' title='bbox 555 4578 648 4660; x_wconf 90' lang='grc' dir='ltr'>μικρδν</span> <span class='ocrx_word' id='word_1_511' title='bbox 658 4583 711 4638; x_wconf 85' lang='grc' dir='ltr'>τῶν</span> <span class='ocrx_word' id='word_1_512' title='bbox 719 4581 832 4641; x_wconf 72' lang='grc' dir='ltr'>ἐνταῦθα</span> <span class='ocrx_word' id='word_1_513' title='bbox 885 4609 979 4649; x_wconf 85' lang='lat' dir='ltr'><strong>rorum</strong></span> <span class='ocrx_word' id='word_1_514' title='bbox 992 4587 1144 4647; x_wconf 87' lang='lat' dir='ltr'><strong>incursibus</strong></span> <span class='ocrx_word' id='word_1_515' title='bbox 1155 4583 1343 4664; x_wconf 89' lang='lat' dir='ltr'><strong>undecumque</strong></span> <span class='ocrx_word' id='word_1_516' title='bbox 1354 4583 1472 4666; x_wconf 83' lang='lat' dir='ltr'><strong>expulsi.</strong></span> <span class='ocrx_word' id='word_1_517' title='bbox 1481 4582 1605 4644; x_wconf 88' lang='lat' dir='ltr'><strong>Tandem</strong></span> 
     </span>
     <span class='ocr_line' id='line_1_42' title="bbox 56 4669 1604 4759; baseline 0.006 -32"><span class='ocrx_word' id='word_1_518' title='bbox 56 4673 161 4744; x_wconf 84' lang='grc' dir='ltr'>κακῶν,</span> <span class='ocrx_word' id='word_1_519' title='bbox 175 4669 221 4738; x_wconf 80' lang='grc' dir='ltr'>τάς</span> <span class='ocrx_word' id='word_1_520' title='bbox 235 4670 347 4752; x_wconf 77' lang='grc' dir='ltr'>ἐρημίας</span> <span class='ocrx_word' id='word_1_521' title='bbox 362 4670 480 4752; x_wconf 87' lang='grc' dir='ltr'>ἀφέντες,</span> <span class='ocrx_word' id='word_1_522' title='bbox 495 4669 539 4730; x_wconf 80' lang='grc' dir='ltr'>ἐπί</span> <span class='ocrx_word' id='word_1_523' title='bbox 552 4670 600 4744; x_wconf 70' lang='grc' dir='ltr'>τὴν</span> <span class='ocrx_word' id='word_1_524' title='bbox 614 4671 769 4753; x_wconf 79' lang='grc' dir='ltr'>Ἄραὸισσδν</span> <span class='ocrx_word' id='word_1_525' title='bbox 783 4698 833 4735; x_wconf 85' lang='grc' dir='ltr'>κα·</span> <span class='ocrx_word' id='word_1_526' title='bbox 885 4695 976 4739; x_wconf 88' lang='lat' dir='ltr'><strong>nutem</strong></span> <span class='ocrx_word' id='word_1_527' title='bbox 985 4677 1183 4757; x_wconf 86' lang='lat' dir='ltr'><strong>aliquandohis</strong></span> <span class='ocrx_word' id='word_1_528' title='bbox 1194 4674 1273 4735; x_wconf 89' lang='lat' dir='ltr'><strong>malis</strong></span> <span class='ocrx_word' id='word_1_529' title='bbox 1283 4674 1407 4735; x_wconf 91' lang='lat' dir='ltr'><strong>nonnihil</strong></span> <span class='ocrx_word' id='word_1_530' title='bbox 1417 4674 1518 4736; x_wconf 85' lang='lat' dir='ltr'><strong>sedatis</strong></span> <span class='ocrx_word' id='word_1_531' title='bbox 1526 4719 1535 4753; x_wconf 92' lang='lat'><strong>,</strong></span> <span class='ocrx_word' id='word_1_532' title='bbox 1545 4675 1604 4759; x_wconf 81' lang='lat' dir='ltr'><strong>luca</strong></span> 
     </span>
     <span class='ocr_line' id='line_1_43' title="bbox 56 4760 1604 4850; baseline 0.005 -30"><span class='ocrx_word' id='word_1_533' title='bbox 56 4760 230 4841; x_wconf 85' lang='grc' dir='ltr'>τεδράμομεν,</span> <span class='ocrx_word' id='word_1_534' title='bbox 244 4761 438 4844; x_wconf 85' lang='grc' dir='ltr'>ἀσφαλέστερον</span> <span class='ocrx_word' id='word_1_535' title='bbox 454 4763 502 4841; x_wconf 74' lang='lat' dir='ltr'><strong>pls</strong></span> <span class='ocrx_word' id='word_1_536' title='bbox 511 4766 562 4821; x_wconf 86' lang='grc' dir='ltr'>τῶν</span> <span class='ocrx_word' id='word_1_537' title='bbox 578 4763 666 4823; x_wconf 84' lang='grc' dir='ltr'>ἄλλων</span> <span class='ocrx_word' id='word_1_538' title='bbox 680 4764 788 4846; x_wconf 90' lang='grc' dir='ltr'>χωρίων</span> <span class='ocrx_word' id='word_1_539' title='bbox 801 4766 832 4826; x_wconf 89' lang='grc' dir='ltr'>τδ</span> <span class='ocrx_word' id='word_1_540' title='bbox 884 4770 990 4833; x_wconf 89' lang='lat' dir='ltr'><strong>deserta</strong></span> <span class='ocrx_word' id='word_1_541' title='bbox 1015 4770 1211 4850; x_wconf 89' lang='lat' dir='ltr'><strong>relinquentes,</strong></span> <span class='ocrx_word' id='word_1_542' title='bbox 1237 4767 1395 4828; x_wconf 78' lang='lat' dir='ltr'><strong>Arabissum</strong></span> <span class='ocrx_word' id='word_1_543' title='bbox 1419 4766 1604 4849; x_wconf 79' lang='lat' dir='ltr'><strong>confugimus,</strong></span> 
     </span>
     <span class='ocr_line' id='line_1_44' title="bbox 56 4851 1605 4945; baseline 0.008 -37"><span class='ocrx_word' id='word_1_544' title='bbox 56 4855 83 4910; x_wconf 80' lang='grc' dir='ltr'>ἐν</span> <span class='ocrx_word' id='word_1_545' title='bbox 107 4852 174 4930; x_wconf 83' lang='grc' dir='ltr'>αὐτῇ</span> <span class='ocrx_word' id='word_1_546' title='bbox 200 4851 321 4933; x_wconf 82' lang='grc' dir='ltr'>φροίμιον</span> <span class='ocrx_word' id='word_1_547' title='bbox 344 4854 462 4935; x_wconf 77' lang='grc' dir='ltr'>εὑρόντες</span> <span class='ocrx_word' id='word_1_548' title='bbox 475 4853 546 4933; x_wconf 75' lang='grc' dir='ltr'>(οὐδὲ</span> <span class='ocrx_word' id='word_1_549' title='bbox 569 4854 622 4936; x_wconf 67' lang='grc' dir='ltr'>γὰρ</span> <span class='ocrx_word' id='word_1_550' title='bbox 644 4858 671 4914; x_wconf 79' lang='grc' dir='ltr'>ἔν</span> <span class='ocrx_word' id='word_1_551' title='bbox 694 4859 727 4937; x_wconf 73' lang='grc' dir='ltr'>τῇ</span> <span class='ocrx_word' id='word_1_552' title='bbox 755 4856 866 4926; x_wconf 73' lang='lat' dir='ltr'><strong>rro&#39;lesn</strong></span> <span class='ocrx_word' id='word_1_553' title='bbox 885 4861 1189 4945; x_wconf 84' lang='lat' dir='ltr'><strong>quodvidelicetillius.</strong></span> <span class='ocrx_word' id='word_1_554' title='bbox 1201 4859 1297 4942; x_wconf 89' lang='lat' dir='ltr'><strong>oppidi</strong></span> <span class='ocrx_word' id='word_1_555' title='bbox 1313 4881 1403 4920; x_wconf 89' lang='lat' dir='ltr'><strong>aroem</strong></span> <span class='ocrx_word' id='word_1_556' title='bbox 1416 4858 1528 4941; x_wconf 87' lang='lat' dir='ltr'><strong>reliquis</strong></span> <span class='ocrx_word' id='word_1_557' title='bbox 1538 4858 1605 4921; x_wconf 87' lang='lat' dir='ltr'><strong>locis</strong></span> 
     </span>
     <span class='ocr_line' id='line_1_45' title="bbox 56 4943 1605 5035; baseline 0.007 -35"><span class='ocrx_word' id='word_1_558' title='bbox 56 4943 195 5023; x_wconf 83' lang='grc' dir='ltr'>διάγομεν,</span> <span class='ocrx_word' id='word_1_559' title='bbox 210 4943 352 5025; x_wconf 79' lang='grc' dir='ltr'>ἐπειδήπερ</span> <span class='ocrx_word' id='word_1_560' title='bbox 366 4944 425 5005; x_wconf 81' lang='grc' dir='ltr'>οὐδὲ</span> <span class='ocrx_word' id='word_1_561' title='bbox 440 4950 518 5005; x_wconf 85' lang='grc' dir='ltr'>τοῦτο</span> <span class='ocrx_word' id='word_1_562' title='bbox 536 4945 680 5027; x_wconf 83' lang='grc' dir='ltr'>ἀσφαλές),</span> <span class='ocrx_word' id='word_1_563' title='bbox 695 4948 832 5028; x_wconf 83' lang='grc' dir='ltr'>δεσμωτη·</span> <span class='ocrx_word' id='word_1_564' title='bbox 884 4957 1012 5018; x_wconf 89' lang='lat' dir='ltr'><strong>tutiorem</strong></span> <span class='ocrx_word' id='word_1_565' title='bbox 1026 4951 1220 5015; x_wconf 84' lang='lat' dir='ltr'><strong>invenissemus</strong></span> <span class='ocrx_word' id='word_1_566' title='bbox 1241 4975 1248 5010; x_wconf 77' lang='grc' dir='ltr'>ε</span> <span class='ocrx_word' id='word_1_567' title='bbox 1264 4972 1350 5033; x_wconf 90' lang='lat' dir='ltr'><strong>neque</strong></span> <span class='ocrx_word' id='word_1_568' title='bbox 1368 4949 1486 5011; x_wconf 88' lang='lat' dir='ltr'><strong>enimin</strong></span> <span class='ocrx_word' id='word_1_569' title='bbox 1500 4950 1605 5035; x_wconf 87' lang='lat' dir='ltr'><strong>oppido</strong></span> 
     </span>
     <span class='ocr_line' id='line_1_46' title="bbox 58 5040 1605 5130; baseline 0.005 -32"><span class='ocrx_word' id='word_1_570' title='bbox 58 5040 113 5120; x_wconf 91' lang='grc' dir='ltr'>ρίου</span> <span class='ocrx_word' id='word_1_571' title='bbox 129 5043 156 5102; x_wconf 76' lang='grc' dir='ltr'>δὲ</span> <span class='ocrx_word' id='word_1_572' title='bbox 177 5041 275 5111; x_wconf 79' lang='grc' dir='ltr'>παντὸς</span> <span class='ocrx_word' id='word_1_573' title='bbox 293 5043 401 5124; x_wconf 86' lang='grc' dir='ltr'>χείρονα</span> <span class='ocrx_word' id='word_1_574' title='bbox 421 5044 597 5124; x_wconf 78' lang='grc' dir='ltr'>ὑπομένοντες</span> <span class='ocrx_word' id='word_1_575' title='bbox 617 5046 728 5121; x_wconf 76' lang='grc' dir='ltr'>οἴκησιν.</span> <span class='ocrx_word' id='word_1_576' title='bbox 755 5049 831 5110; x_wconf 76' lang='grc' dir='ltr'>Μετὰ</span> <span class='ocrx_word' id='word_1_577' title='bbox 884 5049 1022 5130; x_wconf 80' lang='lat' dir='ltr'><strong>degimus,</strong></span> <span class='ocrx_word' id='word_1_578' title='bbox 1044 5048 1108 5127; x_wconf 88' lang='lat' dir='ltr'><strong>quia</strong></span> <span class='ocrx_word' id='word_1_579' title='bbox 1124 5066 1158 5107; x_wconf 91' lang='lat' dir='ltr'>ne</span> <span class='ocrx_word' id='word_1_580' title='bbox 1180 5042 1211 5105; x_wconf 91' lang='lat' dir='ltr'><strong>id</strong></span> <span class='ocrx_word' id='word_1_581' title='bbox 1235 5042 1347 5123; x_wconf 86' lang='lat' dir='ltr'><strong>quidem</strong></span> <span class='ocrx_word' id='word_1_582' title='bbox 1367 5054 1459 5104; x_wconf 88' lang='lat' dir='ltr'><strong>tutum</strong></span> <span class='ocrx_word' id='word_1_583' title='bbox 1478 5056 1519 5105; x_wconf 80' lang='lat' dir='ltr'>cst</span> <span class='ocrx_word' id='word_1_584' title='bbox 1530 5066 1542 5125; x_wconf 68' lang='grc' dir='ltr'>ρ</span> <span class='ocrx_word' id='word_1_585' title='bbox 1565 5056 1605 5105; x_wconf 84' lang='lat' dir='ltr'>en</span> 
     </span>
    </p>
   </div>
   <div class='ocr_carea' id='block_1_8' title="bbox 58 5225 1087 5382">
    <p class='ocr_par' dir='ltr' id='par_1_9' title="bbox 58 5225 1087 5382">
     <span class='ocr_line' id='line_1_47' title="bbox 89 5225 1087 5304; baseline 0.007 -28"><span class='ocrx_word' id='word_1_586' title='bbox 89 5241 100 5264; x_wconf 74' lang='grc' dir='ltr'>α</span> <span class='ocrx_word' id='word_1_587' title='bbox 118 5225 187 5277; x_wconf 80' lang='lat' dir='ltr'><strong>Edit.</strong></span> <span class='ocrx_word' id='word_1_588' title='bbox 200 5237 345 5300; x_wconf 83' lang='grc' dir='ltr'>περιτρίμειν</span> <span class='ocrx_word' id='word_1_589' title='bbox 356 5235 420 5295; x_wconf 76' lang='grc' dir='ltr'>ἡμῶν</span> <span class='ocrx_word' id='word_1_590' title='bbox 429 5239 469 5289; x_wconf 80' lang='grc' dir='ltr'>τῆς</span> <span class='ocrx_word' id='word_1_591' title='bbox 482 5237 601 5300; x_wconf 86' lang='grc' dir='ltr'>σωτηρίας.</span> <span class='ocrx_word' id='word_1_592' title='bbox 610 5230 714 5284; x_wconf 79' lang='lat' dir='ltr'><strong>Colelin.</strong></span> <span class='ocrx_word' id='word_1_593' title='bbox 725 5234 761 5300; x_wconf 86' lang='lat' dir='ltr'>[et</span> <span class='ocrx_word' id='word_1_594' title='bbox 771 5233 817 5286; x_wconf 87' lang='lat' dir='ltr'><strong>Sa·</strong></span> <span class='ocrx_word' id='word_1_595' title='bbox 842 5242 906 5303; x_wconf 73' lang='grc' dir='ltr'>ἡμῶν</span> <span class='ocrx_word' id='word_1_596' title='bbox 918 5243 957 5298; x_wconf 77' lang='grc' dir='ltr'>τὴν</span> <span class='ocrx_word' id='word_1_597' title='bbox 967 5242 1087 5304; x_wconf 78' lang='grc' dir='ltr'>σωτηρίαν.</span> 
     </span>
     <span class='ocr_line' id='line_1_48' title="bbox 58 5302 819 5382; baseline 0.016 -30"><span class='ocrx_word' id='word_1_598' title='bbox 58 5302 100 5352; x_wconf 78' lang='lat' dir='ltr'><strong>sil.</strong></span> <span class='ocrx_word' id='word_1_599' title='bbox 112 5305 136 5354; x_wconf 85' lang='lat' dir='ltr'><strong>in</strong></span> <span class='ocrx_word' id='word_1_600' title='bbox 151 5305 231 5369; x_wconf 76' lang='lat' dir='ltr'><strong>textu]</strong></span> <span class='ocrx_word' id='word_1_601' title='bbox 244 5312 308 5371; x_wconf 75' lang='grc' dir='ltr'>ἡμῶν</span> <span class='ocrx_word' id='word_1_602' title='bbox 320 5317 349 5372; x_wconf 74' lang='grc' dir='ltr'>τῇ</span> <span class='ocrx_word' id='word_1_603' title='bbox 361 5313 471 5375; x_wconf 80' lang='grc' dir='ltr'>σωτηρίᾳ.</span> <span class='ocrx_word' id='word_1_604' title='bbox 482 5307 543 5373; x_wconf 81' lang='lat' dir='ltr'><strong>Reg.</strong></span> <span class='ocrx_word' id='word_1_605' title='bbox 555 5307 592 5373; x_wconf 91' lang='lat' dir='ltr'>[et</span> <span class='ocrx_word' id='word_1_606' title='bbox 602 5308 678 5362; x_wconf 77' lang='lat' dir='ltr'><strong>sarit.</strong></span> <span class='ocrx_word' id='word_1_607' title='bbox 689 5313 715 5363; x_wconf 92' lang='lat' dir='ltr'><strong>in</strong></span> <span class='ocrx_word' id='word_1_608' title='bbox 725 5315 819 5382; x_wconf 63' lang='lat' dir='ltr'><strong>marg]</strong></span> 
     </span>
    </p>
   </div>
   <div class='ocr_carea' id='block_1_9' title="bbox 0 0 1886 5992">
    <p class='ocr_par' dir='ltr' id='par_1_10' title="bbox 0 0 1886 5992">
     <span class='ocr_line' id='line_1_49' title="bbox 0 0 1886 5992; baseline 0 1"><span class='ocrx_word' id='word_1_609' title='bbox 0 0 1886 5992; x_wconf 95' lang='lat' dir='ltr'> </span> 
     </span>
    </p>
   </div>
  </div>
 </body>
</html>
