3764 5992
535 486 570 536 m
596 482 845 551 memnonem,
862 481 938 573 nro.
1285 454 1290 467 ’
1370 487 1375 499 ’
1431 464 1511 564 949

150 607 196 669 καί
207 611 221 669 θ
233 607 303 677 Θεός
326 632 384 688 μου.
405 608 498 684 ’Attea
511 616 526 671 θ
539 612 607 679 Θεδς
620 616 647 672 έν
664 614 733 671 ata-
780 609 895 690 justitia.
910 608 966 690 Ipsi
983 607 1057 669 enim
1079 606 1158 669 Pater
1172 607 1249 670 dedit
1265 629 1344 671 omne
1356 609 1502 692 judicium.

140 712 191 773 ρισς
211 692 237 748 ἐν
256 694 331 771 φωνῇ
352 689 435 749 σάλπι
499 690 570 751 ,Ἐν
583 692 733 772 ἀλαλαγμῷ
784 691 844 749 Non
868 686 1029 748 meministis
1050 688 1146 763 illum,
1167 710 1231 750 cum
1253 689 1329 770 apud
1348 711 1397 752 vos
1422 704 1501 765 osset,

140 767 306 849 ,αταπαύστῳ
349 771 404 846 ωνῇ
426 793 442 827 τ
456 794 470 828 ν
493 794 509 828 τ
528 769 628 848 ισάγιον
651 769 733 848 ὕμνον
784 766 905 826 dixisse:
919 768 1003 826 Data
1014 781 1056 828 est
1067 770 1140 827 mitit
1149 771 1242 828 omnis
1249 781 1378 848 potestas
1390 771 1502 829 inooelo
1511 808 1589 854 Μ),
1612 800 1642 855 ,φ

140 852 197 927 ιτῷ
209 851 284 928 Θεῖν’
300 792 348 907 >tol
356 847 426 915 ὅπως
438 848 482 908 ἐπί
493 792 654 931 alpisum
667 847 732 929 θρά-
785 859 812 905 et
823 846 854 904 in
865 847 1054 908 terroi'l'uuo
1065 847 1178 928 apostoli
1187 847 1359 908 insereversi
1368 849 1501 925 abiemnt,
1516 866 1551 916 ιο.
1592 840 1598 853 ’
1650 837 1657 852 ’

140 952 164 999 η,
177 926 415 1007 προαπεδείξαμεν·
429 927 477 987 Ἐν
491 933 565 1009 φωνῇ
576 927 604 986 δὲ
618 927 701 987 subm
784 924 923 984 laudantes
936 938 963 983 et
972 923 1159 985 benedicentes
1169 926 1329 1004 Dominum,
1342 942 1500 1008 exspectan·

139 1008 222 1077 ελικῆς
233 1005 343 1079 δηλαδὴ,
356 1006 673 1086 προσημαινοάσηςαῦτοθ
683 1030 733 1080 την
785 1003 970 1082 tesquedivini
980 1004 1056 1082 doni,
1065 1005 1116 1065 hoc
1126 1007 1192 1065 estS
1213 1005 1293 1064 initus
1303 1006 1502 1082 sanctimdveu·

140 1086 223 1144 ,νοδσκ
238 1083 319 1143 ’Ama
329 1086 376 1144 καί
388 1086 419 1145 τδ
431 1085 610 1165 Πνεῦματὸά
630 1109 666 1145 ιον
676 1095 735 1154 ταῖς
749 1089 768 1138 Ε
784 1096 852 1144 turn.
865 1087 954 1161 Atque
967 1082 1109 1165 impletum
1119 1097 1158 1144 est
1171 1028 1240 1143 illud
1252 1085 1373 1146 Psalmi:
1389 1085 1503 1158 Ascen·
1512 1123 1578 1168 M,
1584 1118 1650 1183 4⁶5¹

140 1188 166 1223 σι
187 1169 221 1236 τῆ
246 1169 427 1244 προστακτικῆ
450 1171 525 1246 φωνῆ
541 1111 732 1245 ἀνεκιίρυττεν·
785 1163 1503 1244 ιίίεΒσωεἱηῘαθίίο,Ποενιὶιιυεὶηυοσεῐιιίιω.Μο-

141 1267 162 1313 ς,
174 1230 228 1302 uit
244 1265 344 1322 χοντες,
355 1230 440 1321 ὑμῶν,
450 1245 495 1303 καλ
509 1231 641 1326 έπάρθητε
651 1243 734 1304 milui
784 1241 878 1300 niseste
890 1241 936 1301 hio
947 1241 1078 1333 propheta
1090 1242 1248 1303 dualitatem
1260 1257 1418 1303 naturarum
1429 1264 1501 1303 (εσσ-

140 1320 155 1378 ιλ
180 1325 220 1380 εἰσ
250 1321 352 1382 εάσεται
366 1327 380 1381 ὁ
394 1324 517 1400 βασιλεὺς
533 1328 581 1397 τῆς
598 1322 681 1395 δοξης.
698 1326 734 1383 hi
785 1321 882 1379 nomiae
899 1321 1001 1380 Christi
1014 1320 1242 1402 significavitzad
1256 1322 1379 1384 eumdem
1396 1343 1504 1402 quoque

152 1400 253 1477 ἔλεγον·
268 1401 319 1468 Τίς
337 1404 410 1461 ἐστιν
431 1394 534 1470 οῧτσςθ
567 1399 672 1469 ασιλεδς
685 1407 734 1474 ιη”ς
785 1399 898 1459 modum
917 1401 1036 1460 Thomas
1056 1415 1118 1483 post
1139 1402 1357 1462 resurrectionem
1378 1401 1500 1481 Domini,

148 1481 179 1538 τὸ
196 1482 324 1558 Πνεῦμα·
338 1479 433 1561 Κύριος
449 1405 574 1564 κραταιίς
589 1480 635 1540 καλ
655 1481 732 1541 δυνα-
785 1478 899 1559 palpans
919 1479 977 1559 ejus
997 1481 1083 1554 latus,
1104 1481 1273 1540 exclamabat
1292 1481 1386 1541 dicens
1408 1505 1414 1538 :
1436 1484 1500 1540 Do·
1512 1525 1571 1570 loun
1598 1537 1628 1571 ω

140 1559 239 1626 δυνατὸς
254 1563 280 1618 έν
294 1558 412 1640 πολέμῳ.
423 1559 548 1634 Ἐνίκησε
559 1561 610 1639 γάρ
624 1560 668 1620 τδν
683 1583 735 1620 πο-
786 1562 882 1617 miuus
903 1579 984 1618 meus
1004 1573 1033 1618 et
1053 1564 1135 1620 Deus
1149 1582 1240 1620 meus.
1258 1560 1405 1620 Ascendit
1422 1562 1502 1621 Deus
1512 1588 1550 1632 m.
1574 1557 1579 1570 '
1631 1557 1637 1569 '

140 1637 217 1697 ίσατο
234 1637 303 1698 κατὰ
316 1643 365 1710 τῆς
378 1647 425 1700 τοῦ
443 1641 565 1700 διαθολου
584 1638 735 1719 τυραννίδος
786 1640 818 1695 in
835 1639 951 1717 jubilo,
973 1640 1117 1699 Dominus
1141 1643 1173 1697 in
1194 1661 1267 1699 voce
1290 1643 1375 1698 tuboe.
1399 1641 1438 1697 Iu
1453 1643 1501 1720 ju·
1512 1648 1651 1707 Paetus-6.

140 1716 204 1798 πίνῳ
217 1714 330 1795 σώματι,
346 1716 452 1778 ἔσὸεσεν
466 1720 546 1777 αὐτοῦ
558 1717 592 1777 τὰ
607 1740 678 1776 πεπυ
717 1751 734 1762 -
754 1728 759 1732 ’
787 1716 846 1773 bilo
858 1716 980 1794 quidem,
998 1719 1124 1795 quoniam
1140 1718 1291 1778 incessabili
1306 1740 1372 1778 voce
1389 1731 1430 1776 ter
1442 1739 1503 1778 san·

140 1797 180 1854 ιαλ
190 1799 228 1875 τῷ
240 1801 347 1876 σταυρῷ
358 1799 548 1876 προσηλωθεὶς,
561 1796 606 1856 καλ
623 1741 734 1856 θανάάω
786 1807 859 1852 ctum
874 1795 1007 1874 hymnum
1018 1797 1165 1856 Cherubim
1176 1800 1234 1856 Deo
1245 1799 1363 1857 ollerunt
1372 1818 1404 1856 ac
1414 1797 1503 1856 oonci·

153 1875 282 1942 ἀθάνατος
297 1873 351 1934 θπά
368 1899 435 1955 χων,
449 1876 591 1936 έσκθλευσε
600 1875 645 1935 τδν
659 1875 735 1956 ᾅδην,
786 1886 854 1932 nunt
863 1896 873 1948 ς
882 1887 913 1933 et
933 1875 1068 1952 quomodo
1082 1897 1163 1956 supet·
1178 1876 1361 1953 cherubicum
1376 1876 1505 1935 thronum
1588 1890 1591 1896 '

140 1953 302 2034 ἀποδειχθείς
314 1957 409 2027 άνεστη
418 1959 511 2018 ἐκτῶν
521 1957 635 2036 νεκρῶν·
648 1953 695 2013 καί
704 1955 736 2014 τθ
786 1967 921 2012 assumtus
934 1955 978 2030 sit,
993 1967 1054 2014 ante
1066 1954 1238 2015 ostendimus
1254 1978 1260 2012 :
1276 1958 1314 2013 In
1327 1975 1401 2015 voce
1413 1967 1504 2014 autem

146 2032 278 2114 πρόὸατον
293 2033 461 2114 ἐπιστρέψας,
473 2034 527 2093 ἰδοὺ
542 2034 683 2115 ἀνέρχεται
693 2035 735 2094 ἐπ’
743 2064 778 2104 m
789 2034 875 2105 tuboe,
886 2032 1078 2113 archangelico
1089 2034 1200 2111 scilicet,
1213 2035 1270 2114 ejus
1284 2033 1312 2092 in
1326 2034 1422 2093 oaelum
1432 2055 1504 2114 prae-

140 2134 146 2168 ι
169 2111 254 2193 φέρων
278 2112 342 2191 πρὸς
366 2112 401 2172 εδ
425 2114 580 2186 ἐνενήκοντα
604 2113 679 2173 ἐννέα
701 2113 736 2173 τὰ
751 2114 772 2166 Ἀ
786 2111 936 2171 nuntiantis
956 2133 1105 2173 ascensum.
1120 2113 1194 2185 Quin
1206 2127 1235 2172 -et
1256 2113 1376 2194 Spiritus
1394 2126 1504 2172 sanctus

144 2193 171 2250 έν
181 2199 235 2258 τοῖς
250 2190 332 2270 ὄρεσι,
342 2191 476 2252 τουτέστιν
489 2196 515 2252 έν
529 2195 648 2272 οὐρανοῖς
660 2192 736 2270 νεμό-
789 2190 1504 2272 supernispotestatibusimperantisvoeeacclamabat:

140 2293 158 2335 ις
174 2270 298 2349 κραταιδς
315 2270 361 2328 καὶ
374 2272 501 2346 δυνατὸς,
520 2272 614 2352 Κύριος
629 2271 737 2338 δυνατδς
789 2270 932 2328 Attollite
941 2283 1052 2343 portas,
1062 2276 1217 2350 prinsipes,
1232 2284 1358 2345 vestros,
1368 2284 1396 2330 et
1406 2271 1504 2330 eleva·
1514 2295 1654 2358 ΜΛ,

139 2348 193 2408 Καὶ
211 2349 291 2408 παλιν
307 2349 392 2428 λέγει·
402 2349 504 2433 4ίίθρισς
516 2356 569 2410 τῶν
583 2350 736 2428 δυνάμεων,
785 2352 959 2428 miuiportoe
969 2351 1133 2420 aeternales,
1140 2364 1169 2408 et
1177 2353 1312 2408 introibit
1321 2352 1385 2408 Rex
1391 2351 1503 2430 gloriae.

139 2432 153 2486 θ
167 2427 290 2506 βασιλεὺς
304 2432 352 2499 τῆς
368 2427 453 2502 δόξης.
467 2431 503 2490 Δί
513 2420 557 2489 οὖν
570 2428 692 2508 δυνάμεις
701 2432 737 2497 ὡς
789 2430 825 2485 At
831 2440 973 2517 potestates
979 2428 1119 2487 dicebant:
1133 2431 1204 2507 Quis
1212 2433 1316 2488 estiste
1322 2430 1504 2517 Reffglorioe?
1514 2448 1551 2491 1ο.
1565 2461 1587 2490 ι.
1602 2442 1626 2491 8.

140 2531 193 2585 ριος
204 2512 257 2567 τῶν
267 2507 412 2586 δυνάμεων,
426 2507 568 2589 ὁμοφώνως
578 2507 626 2579 ehu
637 2508 737 2580 συνήθη
789 2505 897 2576 Ουὼυε
909 2507 1028 2587 Spiritus
1046 2532 1053 2564 :
1067 2510 1213 2567 Dominus
1226 2510 1322 2598 [ortis
1341 2521 1369 2568 et
1379 2521 1484 2587 potens
1492 2552 1502 2586 ,

140 2586 285 2657 κέοῶντες,
303 2587 425 2667 ἐδέχοντο
439 2588 507 2666 μετὰ
520 2597 606 2685 φορᾶς
621 2586 665 2646 τὸν
681 2587 737 2647 tit·
790 2587 935 2644 Dominus
941 2600 1044 2665 potens
1054 2592 1085 2646 in
1091 2588 1204 2667 proelio.
1217 2587 1293 2648 Vicit
1304 2587 1377 2646 enim
1387 2587 1503 2664 hostem,

140 2689 224 2742 εμπον
237 2664 287 2731 ἕως
304 2672 350 2725 τοῦ
361 2667 463 2764 Quini
483 2669 573 2747 θρονσυ
588 2667 635 2726 καί
655 2669 737 2747 έπηρ-
789 2664 907 2724 armavit
919 2686 948 2724 se
958 2664 1092 2726 adversus
1102 2665 1274 2748 tyrannidem
1288 2664 1391 2726 diaboli
1404 2667 1432 2725 in
1448 2667 1505 2724 hu-

140 2742 276 2822 Ξπληριίιθη
300 2744 331 2803 τὸ
351 2747 404 2804 θπο
416 2749 463 2804 τοῦ
483 2744 568 2804 Δαυίδ
583 2744 737 2823 εἰρημένον*
789 2764 869 2803 mano
877 2765 999 2825 corpore,
1010 2745 1128 2804 telae'us
1139 2747 1215 2826 ignea
1223 2745 1506 2825 exstinxit:orucique

140 2843 189 2899 μσς
199 2826 238 2902 τῷ
249 2822 341 2905 Κυρίῳ
355 2846 422 2900 μου,
437 2823 518 2883 κάθου
531 2827 561 2882 ἐκ
575 2823 664 2891 δεξιῶν
677 2848 737 2903 μω,
789 2823 900 2898 affixus,
913 2845 945 2882 ac
958 2838 1072 2883 mortem
1081 2767 1234 2903 degustans,
1243 2845 1306 2884 cum
1317 2839 1384 2884 esset
1394 2825 1505 2884 immor-

140 2899 176 2966 ιὺς
188 2901 296 2980 ἐχθρούς
307 2923 353 2960 σου
365 2902 507 2962 ὑποπόδιον
518 2907 571 2962 τῶν
580 2903 670 2962 ποδῶν
680 2926 738 2963 σου.
789 2901 860 2977 talis,
873 2903 1009 2962 infernum
1025 2904 1160 2985 spoliavit,
1174 2917 1200 2963 et
1215 2903 1302 2963 victor
1315 2904 1443 2981 evadens,
1458 2926 1504 2964 re-

140 2979 303 3049 ‚¹dudvsose
317 2979 381 3061 πρδς
397 2979 445 3052 ehu
461 2978 489 3048 ἐξ
505 2985 581 3058 ἡμῶν
596 2984 631 3052 λη
666 2989 738 3042 εῖσαν
789 2981 1505 3061 surrexitamortuis3errautemqueovemconvertens,

140 3056 246 3135 ωμένην
261 3061 291 3118 ἐκ
304 3058 382 3129 τῆςὰ
401 3057 442 3125 ίας
455 3059 594 3139 παρθένου.
610 3062 632 3118 Α
646 3060 738 3140 σχυνέ-
788 3061 949 3138 cotemnit,
964 3061 992 3120 in
1007 3062 1128 3121 humeris
1143 3063 1219 3121 illam
1234 3063 1355 3122 deferens
1374 3062 1410 3121 ad
1424 3084 1506 3123 nona·

145 3141 169 3196 οί
186 3136 249 3213 μίαν
282 3136 339 3197 ὖσιν
355 3083 399 3195 ἐπί
412 3137 528 3217 Χριστοῦ
542 3141 738 3217 θμολογοῦντες.
789 3137 863 3218 ginta
875 3161 983 3217 novem,
996 3163 1055 3219 quae
1069 3164 1122 3201 non
1136 3154 1301 3218 erraverant,
1355 3163 1378 3201 a
1391 3142 1506 3202 erantin

147 3214 225 3295 φύσις
236 3160 343 3288 εὔδηλον
356 3215 397 3275 δτι
408 3220 489 3287 συνῆν
504 3218 595 3284 ἀϊδίοις
604 3220 643 3297 τῷ
655 3218 739 3301 θρόνῳ
789 3219 936 3296 montibus,
942 3221 996 3281 hoc
1004 3236 1112 3301 estquae
1124 3221 1152 3280 iu
1160 3221 1232 3280 caelis
1245 3242 1324 3302 pasce
1344 3235 1432 3281 antur.
1444 3223 1506 3281 Do-

140 3293 228 3366 cimo
244 3293 279 3354 ‘H
296 3293 325 3353 δδ
345 3293 473 3367 καθολικὴ
490 3295 641 3370 Ἐκκλησία
657 3296 736 3365 δοξα·
753 3313 771 3361 Β
789 3303 884 3359 minus
887 3302 1009 3381 fortiset
1017 3316 1129 3381 potens,
1138 3304 1429 3380 Dominuspotensin
1433 3323 1506 3380 prte-

140 3382 165 3440 ἲς
187 3373 215 3431 δέ
241 3373 342 3441 πάντας
362 3372 449 3441 ἀξίους
478 3375 599 3456 ἀναδείξῃ
624 3378 648 3436 ll
669 3377 738 3445 ιστδς
789 3378 838 3436 lio.
848 3381 1218 3458 Rursusqueait:Dominus
1227 3385 1384 3454 virtutum,
1393 3385 1453 3458 ipse
1462 3393 1506 3440 est

140 3449 234 3511 doulon
246 3455 325 3513 αὐτοῦ
327 3454 481 3590 karheim·
495 3457 567 3514 αὐτῶ
582 3459 600 3527 ἡ
617 3401 679 3523 δόξα
691 3455 738 3515 καί
788 3458 851 3515 Rex
863 3459 976 3537 glorioe.
988 3460 1133 3517 potestates
1144 3460 1236 3536 igitur,
1246 3470 1275 3514 ut
1283 3457 1338 3515 dici
1348 3457 1503 3533 audierunt,

140 3528 167 3588 θν
187 3535 226 3589 τῶ
251 3535 326 3612 'ti-sp
375 3532 524 3613 ῳΠατρλ,
560 3555 599 3610 μα
617 3536 655 3614 τῷ
670 3533 738 3615 ἁγίῳ
760 3562 763 3567 ’
789 3536 936 3595 Dominus
949 3540 1104 3606 virtutum,
1116 3536 1294 3597 concordibus
1305 3536 1427 3605 vocibus,
1438 3536 1504 3595 soli·
1587 3613 1591 3617 ι

141 3612 164 3677 ίς
178 3590 239 3678 robe
255 3613 353 3678 αἰῶνας
366 3609 545 3670 τῶναίώνων.
563 3610 656 3688 Ἀμήν.
787 3626 814 3671 ta
824 3614 1215 3692 glorificationeoxclamautes,
1227 3635 1289 3673 cum
1299 3614 1397 3694 gaudio
1408 3615 1506 3675 Domi-

788 3713 853 3751 num
863 3693 1055 3785 suscipiebant,
1068 3708 1094 3753 et
1104 3693 1273 3754 deducebant
1282 3694 1409 3772 usquead
1417 3694 1503 3753 excel·

787 3793 846 3831 siun
857 3785 883 3832 et
892 3772 1055 3833 altissimum
1066 3774 1173 3833 solium.
1186 3773 1222 3832 Et
1230 3773 1371 3853 impletum
1382 3773 1504 3852 estquod

786 3871 802 3909 a
816 3853 920 3912 Davide
929 3853 1033 3912 dictum
1047 3867 1086 3913 est
1102 3855 1208 3912 :Dixit
1220 3856 1366 3913 Dominus
1375 3857 1504 3913 Domino
1515 3893 1582 3943 pm·
1604 3907 1646 3958 ¹⁰9

787 3952 861 4003 meo,
876 3933 949 3993 Sede
961 3954 981 3992 o
992 3935 1104 3992 dextris
1117 3936 1198 4005 meis,
1210 3934 1305 3992 donee
1318 3953 1428 4012 ponam
1439 3937 1501 3992 ini·
1517 3968 1538 4001 ς,

786 4014 878 4071 mioos
892 4024 957 4071 tuos
971 4013 1135 4072 scabellum
1147 4013 1254 4092 pedum
1271 4026 1396 4071 tuorum.
1409 4014 1434 4072 0
1449 4014 1505 4072 hu-

785 4089 876 4166 retice,
889 4091 1018 4169 adquam
1033 4094 1158 4153 naturam
1171 4091 1243 4152 dixit
1262 4093 1415 4153 Dominus:
1431 4094 1505 4154 Sede

784 4190 805 4227 a
818 4170 930 4230 deutris
946 4176 1040 4231 meis?
1055 4173 1150 4231 Nonne
1160 4171 1270 4232 omnino
1282 4171 1384 4231 adeam
1397 4194 1458 4250 quae
1469 4193 1505 4233 ex

785 4249 864 4308 nobis
875 4263 964 4310 sumta
980 4265 1020 4311 est
1034 4250 1150 4328 carnem,
1163 4272 1276 4330 quaeque
1286 4252 1436 4311 animatum
1446 4272 1504 4310 cor-

784 4349 836 4419 pus
859 4330 956 4390 sumsit
976 4353 1011 4391 ex
1034 4346 1125 4392 saneta
1146 4331 1276 4409 virgine?
1299 4331 1595 4412 Consundanturconm
1614 4370 1658 4413 tm-

787 4408 873 4487 igitur
892 4410 938 4488 qui
952 4433 1034 4479 tinam
1048 4412 1191 4470 dumtaxat
1211 4411 1237 4468 in
1257 4408 1364 4469 Christo
1378 4424 1502 4470 naturam
1513 4431 1595 4473 ηιιεω
1606 4432 1656 4475 ειε-

787 4488 957 4550 coufitentur.
978 4490 1108 4550 Divinam
1130 4489 1264 4568 siquidem
1284 4503 1410 4550 naturam
1429 4492 1656 4549 core-⁸9hemetre

786 4579 890 4627 ternam
900 4568 982 4628 luisse
992 4571 1090 4628 throno
1108 4570 1254 4649 majestatis
1265 4569 1356 4650 gloriae
1370 4591 1425 4629 suae
1442 4569 1500 4628 cla·
1513 4561 1588 4625 ponte·
1603 4560 1658 4600 ⁶⁰⁸⁸

786 4645 924 4706 tissimum
937 4662 985 4707 est.
1000 4649 1177 4709 Glorilicetur
1191 4664 1282 4708 autem
1300 4650 1432 4709 catholiea
1447 4648 1501 4709 Ec-
1512 4685 1613 4722 nasoni.

785 4725 876 4787 clesia.
896 4728 1030 4786 Caeterum
1051 4749 1100 4787 nos
1120 4749 1211 4788 omnes
1232 4743 1330 4788 aeterno
1350 4750 1399 4788 suo
1420 4750 1502 4809 regno

734 4810 739 4820 ’
786 4805 885 4884 dignos
896 4805 992 4865 reddat
1001 4807 1125 4867 Christus
1133 4811 1302 4868 Deusnoster
1313 4809 1372 4868 :cui
1381 4809 1469 4889 gloria
1478 4822 1505 4868 et

787 4885 914 4966 potentia,
924 4907 977 4945 una
990 4907 1053 4945 oum
1061 4887 1187 4979 principii
1198 4902 1311 4970 experte
1321 4891 1409 4967 Patre,
1422 4888 1506 4948 simul

785 4987 817 5025 ac
828 4965 933 5047 Spiritu
950 4979 1052 5043 sancto,
1066 4988 1094 5026 m
1108 4967 1394 5049 saculajjsaeoulorum.
1411 4971 1504 5030 Amen.

140 5167 196 5207 πως.
208 5146 304 5198 'textus
314 5146 415 5200 Graecus
430 5143 470 5196 hic
482 5142 578 5195 delicit.
751 5144 863 5209 Vossius,
878 5146 921 5214 qui
933 5145 1007 5198 vertit
1016 5187 1023 5212 ,
1032 5148 1155 5215 principii
1164 5159 1274 5216 expone.

140 5245 172 5276 rm
191 5223 290 5277 videtur
308 5235 414 5295 ανάρχῳ,
428 5237 453 5277 et
470 5226 506 5276 sic
523 5225 583 5294 legit
597 5223 725 5279 Gerendus

1512 4630 1537 4657 m
1566 4614 1658 4662 curius
1682 4654 1684 4659 ι
1716 4622 1721 4635 ·
1763 4596 1768 4657 ἶ
