3810 6000
245 495 314 592 298
561 517 590 563 s.
619 513 759 562 ioannis
785 510 967 560 cuursosr.
994 508 1152 558 uacuum.
1180 510 1450 559 cousraurtuor.

244 665 285 716 ea,
305 663 366 722 quae
383 642 457 718 dicta
476 654 550 718 sunt,
570 662 614 703 rue
626 655 733 721 ternpus
752 638 832 699 etiam
854 636 965 696 adeam
1017 636 1134 715 pollura
1149 635 1216 714 μετδι
1233 640 1286 696 τῶν
1307 635 1453 716 εἰρημένων
1477 633 1586 694 καὶτοῦ
1608 637 1700 714 καιροῦ
1717 637 1769 716 πρὸς

244 755 303 794 rem
315 732 492 814 compelleret.
508 733 579 792 Nam
598 753 702 812 semper
715 730 825 810 quidem
841 727 967 789 convenit
1016 735 1093 788 τοῦτο
1103 733 1276 796 συνωθοῦντος
1289 733 1370 806 ἡμᾶς.
1381 725 1435 786 Ἀεὶ
1449 724 1498 804 μέν
1511 722 1563 808 γάρ
1573 727 1712 805 ἀναγκαῖον
1722 727 1771 795 σάος

246 825 281 884 de
291 823 456 904 eleemosyna
467 843 616 883 sermonem
625 822 736 898 habere,
747 820 968 900 quandoquidem
1017 819 1141 901 περὶτῆς
1154 818 1332 897 έλεημοσύνης
1348 824 1482 879 ποιεῖσθαι
1503 816 1613 897 λόγους,
1628 817 1716 889 ἐπειδὴ
1734 818 1772 878 καί

246 930 272 974 et
283 935 331 974 uos
344 915 430 974 multa
441 913 551 974 Domini
562 913 610 992 qui
623 934 671 973 uos
685 911 804 971 condidit
815 911 968 971 misericor·
1018 915 1095 989 ἡμεῖς
1116 913 1217 982 πολλῆς
1244 909 1343 984 ταύτης
1363 909 1438 991 παρὰ
1463 913 1511 969 τοῦ
1536 907 1695 980 ποιήσαντος
1715 914 1773 988 ἡμᾶς

246 1005 292 1065 dia
310 1026 436 1085 egemos;
456 1005 503 1065 sed
516 1005 568 1062 hac
580 1017 736 1085 tempestate
749 1004 878 1082 maxime,
894 1016 968 1063 tanto
1019 1001 1132 1080 δεύμεθα
1145 1002 1281 1063 Δεσπότου
1291 1026 1298 1041 ·
1308 1002 1425 1081 μάλιστα
1435 1000 1462 1061 δὲ
1476 1005 1503 1062 έν
1516 1004 1557 1082 τῷ
1566 999 1681 1081 παρόντι
1690 1004 1773 1081 καιρῇ,

248 1111 358 1177 urgente
371 1097 480 1176 frigore.
498 1096 600 1154 AEstate
614 1117 729 1173 namque
742 1095 869 1176 temporis
892 1117 966 1155 com·
1019 1093 1062 1154 ὅτε
1075 1092 1157 1162 πολὺς
1175 1099 1189 1153 ὑ
1206 1095 1315 1177 κρυμός.
1327 1094 1373 1154 Ἐν
1395 1092 1443 1172 μέν
1464 1092 1516 1173 γδιρ
1538 1096 1578 1173 τῷ
1598 1091 1670 1167 θέρει
1690 1090 1775 1164 πολλὴν

248 1187 365 1247 moditas
388 1207 515 1265 maguum
533 1187 611 1246 affert
629 1186 795 1267 pauperibus
816 1186 942 1246 solatium
959 1183 1094 1271 :mrtupl
1107 1191 1155 1258 τῆς
1165 1185 1236 1267 ὥρας
1260 1187 1351 1267 έχουσι
1371 1184 1544 1267 παραμυθίαν
1566 1185 1591 1244 οἱ
1607 1183 1727 1257 πένητες·
1738 1184 1775 1245 καί

248 1301 312 1338 uam
329 1278 374 1339 vel
388 1279 455 1338 nudi
466 1279 531 1339 sine
547 1278 667 1360 periculo
682 1277 821 1338 ambulare
833 1292 966 1360 possunt,
986 1290 1004 1332 at
1019 1277 1072 1360 γάρ
1084 1279 1130 1338 καὶ
1145 1278 1259 1359 γυμνοὺς
1279 1277 1392 1358 βαδίζειν
1408 1277 1555 1351 ἀκίνδυνον,
1571 1274 1631 1336 ἀντὶ
1650 1275 1777 1356 περιύολῆς

250 1394 312 1432 curn
326 1371 424 1432 solares
437 1370 508 1430 radii
521 1369 675 1432 vestimenti
685 1369 744 1429 loco
758 1369 821 1447 sint,
835 1392 897 1430 cum
911 1384 969 1431 tuto
1019 1374 1067 1442 τῆς
1081 1373 1185 1437 ἀκτῖνος
1198 1368 1329 1452 ἀρκούσης
1346 1371 1449 1442 αὐτοῖς,
1465 1367 1512 1427 καλ
1523 1370 1566 1427 ἐπ’
1580 1366 1689 1449 ἐδάφους
1701 1367 1777 1436 ten&

250 1463 352 1545 possint
366 1463 395 1524 in
410 1463 483 1522 nudo
502 1462 656 1542 pavimento
676 1461 796 1537 cubare,
814 1475 839 1520 et
859 1462 910 1521 sub
923 1462 970 1521 dio
1020 1461 1156 1522 καθεύδειν
1171 1463 1217 1522 καλ
1233 1461 1347 1543 αἰθρίαις
1364 1459 1573 1541 διανυκτερεύειν
1596 1458 1724 1540 ἀσφαλές·
1741 1458 1777 1519 καί

250 1569 340 1616 noctes
351 1554 510 1634 transigere,
525 1573 610 1633 neque
623 1553 689 1613 adeo
702 1553 887 1615 calceameutis
898 1554 971 1615 indi·
1020 1553 1079 1614 ούτε
1092 1555 1271 1635 ὑποδημάτων
1285 1557 1371 1623 αὐτοῖς
1384 1553 1462 1636 χρεία
1474 1552 1606 1627 τοσαύτη,
1619 1551 1679 1612 ούτε
1689 1554 1777 1612 οἰνοπο-

251 1663 323 1728 gent,
340 1669 394 1707 nou
405 1648 463 1708 viui
473 1661 549 1728 potu,
560 1667 613 1705 nou
622 1646 736 1706 lautiore
746 1648 806 1706 cibo
815 1672 821 1705 :
830 1669 893 1707 uam
906 1649 971 1709 satis
1021 1643 1093 1719 σίας,
1105 1645 1164 1706 ούτε
1180 1646 1368 1728 δαψιλεστίρας
1382 1648 1499 1726 τρορῆς,
1512 1646 1571 1704 ἀλλ’
1586 1646 1727 1726 ἀρκοῦνται
1739 1643 1777 1721 μὲν

251 1754 314 1800 suut
326 1740 392 1821 ipsis
406 1742 491 1799 sontes
499 1760 631 1818 aquarum
637 1739 807 1816 ,ltisriliora
818 1741 970 1818 olera,illis
1019 1746 1076 1805 τοῖς
1100 1743 1152 1798 τῶν
1175 1737 1278 1797 ὑδάτων
1298 1745 1413 1818 πηγαῖς,
1430 1739 1573 1817 ἅραοῧνταν
1588 1736 1618 1796 δὲ
1632 1741 1656 1796 οἱ
1678 1735 1778 1816 pitulo

249 1854 335 1914 pauca
354 1831 481 1911 aridaque
494 1831 633 1911 legumina
648 1831 805 1906 sufficiunt,
824 1835 888 1893 anni
901 1849 969 1895 tem·
1018 1828 1142 1910 λαχάνων
1156 1839 1210 1898 τοῖς
1223 1829 1407 1911 ραυλοτέροις,
1422 1831 1446 1888 οἱ
1473 1827 1500 1887 δὲ
1521 1829 1684 1913 σπερμάτων
1707 1826 1779 1909 ξηράν

250 1938 351 2005 pestate
366 1938 498 2006 apparatu
516 1924 624 1983 facilem
640 1922 709 2005 ipsis
728 1924 875 1986 instruente
894 1949 968 1987 meu·
1018 1920 1166 2001 ὀλιγότητι,
1180 1925 1227 1994 τῆς
1242 1921 1311 2003 ὥρας
1330 1927 1375 1980 τού
1389 1919 1461 1989 ἔτονς
1473 1919 1685 2000 ἐσχεδιασμένον
1705 1922 1780 1988 αὒτοῖς

250 2038 317 2074 sam.
331 2016 468 2096 Aliudque
480 2037 530 2076 noe
541 2016 630 2076 miuus
644 2017 817 2076 commodum
828 2032 891 2079 tunc
903 2019 969 2100 ipsis
1018 2015 1187 2094 παρεχούσης
1202 2015 1249 2089 τὴν
1270 2013 1411 2096 τράπεζαν·
1424 2013 1478 2073 Καὶ
1493 2012 1592 2085 ταύτης
1607 2011 1635 2071 δὲ
1650 2015 1698 2072 οὖν
1713 2011 1779 2072 ίλύτ·

250 2108 334 2184 adest,
350 2107 479 2191 operandi
493 2129 589 2190 nempe
599 2109 729 2169 sactrltas:
743 2131 805 2170 uam
817 2112 865 2190 qui
875 2111 969 2173 domos
1018 2131 1082 2167 τονα
1096 2107 1199 2188 ἔχουσιν
1223 2107 1314 2187 ἑτέραν
1334 2105 1514 2188 παραμυθίαν,
1533 2103 1581 2178 τὴν
1601 2110 1650 2178 τῆς
1670 2104 1781 2189 ίρησσίσς

250 2214 402 2278 exstruunt,
415 2201 463 2280 qui
475 2214 574 2260 terram
585 2201 700 2278 fodiunt,
707 2205 756 2281 qui
772 2202 800 2262 iu
812 2204 880 2263 mari
890 2205 969 2266 nari·
1019 2202 1155 2261 εὐκολίαν·
1170 2205 1194 2261 ot
1215 2201 1267 2282 γὰρ
1287 2199 1335 2269 tlte
1347 2200 1432 2267 οῐαῖας
1454 2196 1688 2277 οἶαοδομούρανον,
1699 2197 1743 2258 ναί
1758 2202 1780 2260 tl

251 2305 332 2371 gant,
354 2293 452 2352 horum
468 2292 587 2352 maxime
608 2293 756 2353 ministerio
772 2317 840 2375 opus
854 2296 965 2358 habent.
1019 2292 1067 2366 τὴν
1082 2297 1132 2374 γῆν
1143 2293 1318 2368 σκάπτοντες,
1338 2293 1384 2352 καὶ
1398 2296 1424 2352 οἱ
1436 2291 1485 2364 τὴν
1499 2290 1636 2351 θάλασσαν
1654 2290 1780 2365 πλέοντες,

248 2383 332 2456 Quod
342 2383 414 2444 euim
427 2384 562 2444 divitibus
572 2399 635 2444 suut
643 2386 711 2464 agri,
721 2386 819 2446 domus
827 2390 969 2469 ceterique
985 2397 1003 2446 n
1019 2388 1067 2457 τῆς
1075 2385 1174 2446 τούτων
1188 2386 1304 2465 μάλιστα
1315 2385 1419 2445 δέονται
1431 2383 1579 2464 συνεργίας.
1593 2382 1647 2443 Καὶ
1657 2381 1721 2462 ὅπερ
1730 2390 1775 2451 τοῖς

161 2538 164 2545 ,
249 2490 408 2558 proventus,
420 2476 541 2558 idipsum
552 2491 591 2537 est
602 2477 657 2537 illis
666 2500 774 2561 corpus,
785 2495 811 2539 et
822 2482 870 2559 qui
881 2484 967 2543 mani·
1018 2480 1175 2538 πλουτοῦσιν
1201 2479 1275 2561 ἀγροί
1295 2477 1341 2538 καλ
1363 2477 1444 2537 οἰκίαι
1469 2477 1515 2536 καί
1534 2475 1629 2536 λοιπαὶ
1650 2474 1780 2557 πρόσοδοι,

248 2569 301 2630 bus
320 2571 410 2655 parari
425 2583 512 2652 potest
529 2571 632 2631 reditus
643 2594 650 2629 ε
663 2572 773 2633 aliunde
791 2574 860 2633 udril
879 2575 964 2639 adest.
1018 2577 1095 2631 τοῦτο
1104 2571 1205 2640 τούτοις
1218 2571 1249 2631 τὸ
1264 2570 1343 2650 σῶμύ
1352 2575 1408 2632 ἕστο
1417 2569 1463 2630 νταἶ
1480 2578 1554 2629 στᾶσα
1566 2568 1621 2629 &wll
1630 2572 1683 2628 τῶν
1694 2572 1780 2651 καρύα

246 2664 422 2744 Quapropter
432 2676 521 2722 aestate
531 2663 641 2742 quidem
650 2664 915 2747 quidpiamjoffertur
926 2692 967 2730 so-
1018 2667 1038 2736 ἧ
1049 2662 1188 2745 πρόσοδος,
1203 2663 1328 2745 ἓτὲρονθον
1339 2661 1367 2723 δὲ
1380 2659 1534 2739 οὗδαμύθῑν·
1547 2659 1600 2720 At&
1613 2664 1691 2720 τούτο
1702 2659 1780 2739 θύρσος

247 2753 317 2828 latii,
327 2752 441 2814 hiberno
450 2768 540 2814 autern
551 2768 671 2837 tempore
680 2779 808 2837 maguum
819 2760 876 2820 illis
888 2762 968 2821 undi-
1019 2755 1068 2835 μὲν
1079 2754 1242 2816 ἀπολαύοοσύ
1257 2779 1326 2823 τινος
1338 2752 1509 2836 παραμυθίας
1520 2775 1527 2790 ·
1539 2756 1566 2813 ἐν
1586 2750 1615 2811 δέ
1629 2756 1663 2832 τῇ
1675 2757 1719 2811 τοῦ
1734 2775 1782 2833 χει·

244 2845 431 2923 qucbellum‚
443 2844 550 2926 duplex
561 2846 677 2925 obsidio,
693 2850 763 2908 saure
776 2852 850 2911 intus
863 2853 967 2916 viscera
1020 2853 1106 2929 ρῶνος
1125 2847 1183 2930 ὥρα
1206 2845 1287 2917 πολύς
1310 2851 1396 2914 atron
1417 2845 1578 2906 πύντνθτνδ
1601 2844 1728 2922 mltum,
1740 2842 1779 2903 σαί
1799 2854 1804 2869 “

245 2935 367 3011 rodente,
385 2936 537 3016 frigoreque
551 2938 732 2999 exstrinsecus
750 2962 857 3002 earnem
872 2966 967 3024 conge-
1019 2943 1099 3012 διπλῆ
1113 2946 1130 3013 ἡ
1147 2940 1303 3020 πολιορκία,
1315 2945 1361 2999 τοῦ
1380 2943 1459 3015 λιμοῦ
1475 2936 1659 3005 κατεσθίοντος
1674 2932 1780 2998 otuu

245 3026 329 3102 laute,
347 3039 374 3089 et
387 3027 467 3105 qtrasi
481 3042 617 3088 mortuam
629 3029 766 3092 reddente.
782 3032 889 3096 ldcirco
906 3037 965 3096 lar·
1020 3032 1179 3115 σπλάγχνα,
1195 3041 1241 3093 τοῦ
1254 3038 1355 3113 κρυμοῦ
1370 3030 1516 3110 πηγνύντος
1526 3029 1575 3102 τὴν
1588 3030 1679 3111 σάρκα
1689 3030 1779 3101 ἔξωθεν,

244 3118 322 3198 giorc
335 3119 406 3191 cibo,
423 3117 547 3178 densiore
560 3121 659 3180 vestitu
678 3143 745 3204 opus
758 3123 870 3203 habeut,
888 3127 966 3188 insu·
1020 3125 1065 3185 καί
1079 3125 1173 3206 νεκρὰν
1192 3124 1376 3206 ἐργαζομένου.
1389 3122 1437 3181 nn
1451 3121 1497 3181 καὶ
1512 3120 1633 3188 πλείονος
1647 3121 1694 3200 μέν
1705 3123 1781 3186 αύτούς

246 3231 348 3290 perque
355 3223 434 3283 tecto,
442 3223 534 3286 strato,
545 3212 730 3273 calceameutis
740 3217 886 3296 multisque
896 3220 966 3284 aliis.
1018 3222 1116 3299 τρορῆς
1131 3218 1183 3290 δεῖ,
1200 3214 1373 3297 ἰσχυροτέρας
1389 3213 1416 3273 δὲ
1432 3219 1481 3286 τῆς
1495 3213 1656 3294 περιύολῆς,
1672 3212 1717 3272 καὶ
1727 3209 1780 3272 στί·

248 3301 381 3382 Quodque
394 3299 450 3360 illis
463 3303 587 3363 acerbius
598 3319 647 3379 est,
668 3327 701 3365 uc
713 3309 841 3388 operandi
855 3312 967 3390 quidem
984 3333 1002 3378 r:
1018 3332 1082 3389 γης,
1096 3308 1142 3367 καί
1155 3298 1293 3379 οτιύάδος,
1305 3306 1349 3366 καὶ
1359 3304 1551 3383 ὑποδημάτων,
1566 3304 1613 3364 καὶ
1624 3306 1728 3365 πολλῶν
1735 3301 1781 3362 διί-

246 3393 401 3452 facultatem
410 3394 508 3453 habent
517 3417 523 3450 :
532 3415 616 3474 neque
627 3395 698 3456 cuim
710 3399 737 3457 id
750 3401 813 3459 anni
824 3415 967 3483 tempestas
1021 3425 1081 3483 ρων.
1095 3400 1152 3462 Καὶ
1165 3401 1195 3461 τὸ
1209 3401 1241 3474 διδ,
1257 3401 1364 3461 πάντων
1378 3398 1576 3480 χαλεπώτερον,
1592 3396 1653 3458 οὐδὲ
1671 3393 1780 3478 ἐργασίας

247 3485 359 3566 patitur.
372 3483 599 3565 Quandoquidem
612 3485 696 3566 igitur
708 3489 835 3569 pluribus
844 3493 966 3575 indigent
1018 3495 1058 3562 τίς
1074 3496 1145 3553 ἐστιν
1160 3497 1247 3560 αὐτοῖς
1261 3492 1387 3573 εὐπορία·
1402 3492 1431 3550 οὗ
1445 3490 1496 3571 γδιρ
1508 3489 1648 3570 ἐπιτρέπει
1661 3495 1707 3550 τοῦ
1720 3489 1781 3554 ίτσνς

247 3578 335 3656 iisque
345 3578 501 3638 necessariis
512 3578 601 3654 rebus,
619 3601 704 3659 neque
714 3584 843 3662 operandi
852 3587 966 3648 facultas
1017 3590 1035 3657 ἡ
1050 3585 1118 3664 ὥρα.
1136 3583 1215 3644 Ἐπεὶ
1226 3576 1270 3644 σύν
1284 3584 1329 3641 καὶ
1339 3581 1438 3641 πλείων
1453 3584 1541 3650 αὐτοῖς
1550 3585 1567 3653 ἡ
1577 3585 1631 3641 τῶν
1643 3579 1779 3662 ἀναγκαίαν

246 3669 334 3742 adest,
352 3670 458 3730 nemine
478 3670 589 3730 munros
607 3671 783 3752 conducente,
806 3678 912 3738 nemine
931 3678 966 3738 ad
1018 3677 1112 3759 χρεία,
1128 3676 1173 3737 καλ
1187 3675 1218 3735 τδ
1238 3677 1394 3756 ἐργάζεσθαι
1409 3674 1476 3753 μετὰ
1498 3674 1592 3735 τούτου
1606 3675 1779 3758 παρῄρησαι,

248 3781 316 3842 opus
328 3776 451 3847 vocante,
472 3782 530 3842 age,
550 3761 758 3824 conducentium
771 3766 842 3845 vice,
861 3769 966 3830 miseri·
1019 3770 1120 3836 οθδενδς
1134 3769 1193 3836 τοὺς
1203 3767 1307 3836 ἀθλίους
1322 3767 1513 3847 μισθουμένου,
1528 3765 1588 3827 οὐδὲ
1603 3766 1780 3834 καλοῦντοςιίς

248 3854 372 3913 cordium
382 3853 524 3914 hominum
537 3876 632 3914 manus
644 3857 811 3938 porrigamus
823 3883 830 3917 ε
841 3876 921 3940 atque
932 3863 967 3922 ad
1020 3860 1165 3934 διακονίαν,
1186 3860 1264 3940 ρέρε,
1286 3859 1334 3927 τδις
1355 3863 1407 3918 τῶν
1430 3858 1580 3935 ἔλεημόνυιν
1597 3858 1779 3939 θντεισύγυριν
1792 3848 1795 3853 ’
1808 3922 1811 3927 ,

248 3944 319 4003 lianc
331 3944 490 4024 legationem
510 3946 625 4005 Paulum
640 3968 785 4027 egenorum
800 3973 862 4011 vere
875 3970 967 4036 patro·
1019 3961 1111 4034 χεῖρας
1125 3951 1184 4012 ἀντὶ
1194 3956 1246 4010 τῶν
1262 3951 1453 4029 μισθουμένων,
1468 3950 1512 4010 τὸν
1527 3953 1633 4022 ἀληθῶς
1642 3950 1780 4033 προστάτην

248 4055 313 4093 num
329 4048 355 4093 et
368 4048 518 4093 curatorem
535 4036 563 4094 ln
576 4037 705 4116 collegam
720 4061 899 4104 assumamus.
918 4047 967 4106 Et·
1019 4047 1064 4106 καί
1079 4045 1213 4126 κηδεμόνα
1224 4047 1276 4104 τῶν
1288 4048 1315 4104 ἐν
1329 4044 1407 4123 πενίᾳ
1426 4040 1530 4111 ζώντων
1550 4045 1661 4104 Παῦλον
1675 4041 1780 4124 ωνεργδν

248 4124 320 4183 enim
331 4144 457 4204 maguam
469 4124 515 4184 ille
525 4126 638 4206 hujusce
646 4128 694 4202 rei,
713 4144 739 4189 et
749 4148 876 4210 quautam
889 4158 966 4198 nemo
1019 4141 1085 4222 πρδς
1094 4139 1143 4213 τὴν
1154 4137 1297 4218 πρεσὺείαν
1307 4137 1406 4209 ταύτην
1416 4135 1551 4204 λαθόντες.
1566 4135 1621 4197 Καὶ
1633 4136 1687 4219 γδρ
1696 4133 1782 4207 πολλὴν

248 4217 328 4293 alius,
346 4217 558 4278 sollicitudiuem
572 4218 664 4281 habet.
690 4223 770 4283 Unde
787 4225 884 4288 divisis
903 4252 966 4291 cum
1019 4237 1065 4292 τοῦ
1079 4233 1236 4312 πράγματος
1244 4238 1359 4289 ποιεῖται
1374 4229 1424 4301 τὴν
1435 4227 1559 4310 πρόνοιαν
1571 4220 1790 4300 οὑτυς,καίύσησ’

248 4309 328 4369 Petro
340 4306 499 4390 discipulis,
513 4330 664 4392 pauperum
675 4333 768 4375 curam
779 4339 832 4378 non
844 4320 941 4382 divisit
956 4346 963 4381 ε
982 4335 1002 4382 Ι)
1020 4323 1103 4392 οὐδεὶς
1122 4324 1217 4403 ἕτερος.
1232 4322 1285 4382 Διά
1304 4345 1345 4381 τοι
1357 4326 1435 4380 τοῦτο
1445 4319 1508 4387 τοὺς
1520 4319 1648 4398 μαθητάς
1665 4318 1729 4402 πρδς
1744 4316 1781 4378 <te

103 4418 222 4477 σοικμ.
248 4401 295 4462 sed
309 4421 373 4462 cutm
386 4400 512 4479 dixisset,
534 4404 664 4464 Παιτίνης
687 4408 830 4470 dederunt
846 4416 919 4472 milri
937 4429 966 4475 et
1019 4416 1124 4496 Πέτρον
1147 4415 1310 4495 διελόμενος,
1333 4412 1381 4485 τὴν
1403 4417 1456 4471 τῶν
1478 4411 1601 4484 πενήτων
1630 4413 1661 4471 οὑ
1685 4410 1781 4471 διείλετο

248 4493 397 4552 Bamaboe
404 4496 561 4568 societatis,
581 4506 613 4553 ut
627 4515 679 4555 nos
691 4500 722 4555 in
735 4500 854 4575 Gentes,
868 4507 923 4583 ipsi
933 4509 966 4563 in
1018 4507 1196 4591 προστασίαν·
1208 4509 1267 4566 ἀλλ’
1282 4504 1372 4579 εἰπὼν,
1384 4503 1425 4563 ὅτι
1434 4502 1530 4572 Δεξιδς
1549 4503 1654 4563 ἔδωκαν
1675 4501 1730 4582 spel
1742 4497 1780 4561 καί

97 4602 157 4649 lutet.
171 4588 506 4656 v.10,ct'rcttmcist'onem‚
526 4584 634 4666 adjecit}
660 4591 786 4650 Tantum
803 4607 836 4652 ut
853 4616 965 4676 paupe-
1019 4600 1147 4682 Βαρνάύρ
1159 4597 1311 4668 κοινιυνίας,
1324 4597 1368 4656 ἵνα
1378 4600 1455 4672 ἡμεῖς
1476 4598 1512 4662 είς
1526 4594 1560 4654 τά
1572 4593 1653 4668 ἔθνη,
1677 4588 1778 4675 αὑτυλύδ

247 4698 312 4737 rum
322 4697 461 4738 mmores
473 4697 598 4738 essemus
609 4683 808 4772 :quodetiam
821 4688 965 4750 sollicitus
1020 4695 1056 4759 εἰς
1069 4692 1118 4765 τὴν
1132 4690 1296 4773 περιτομὴν,
1312 4689 1446 4767 ἐπήγαγε,
1456 4686 1544 4746 Μόνον
1553 4689 1608 4744 τῶν
1619 4689 1733 4766 πτωχῶν
1741 4681 1778 4741 ln

242 4770 295 4850 seri
306 4770 361 4828 lroc
374 4776 467 4848 ipsum
482 4769 593 4848 facere.
610 4770 719 4832 Etenim
733 4774 832 4855 ubique
847 4800 896 4859 per
908 4780 965 4861 epi·
1020 4784 1236 4864 μνημονεύωμεν,
1250 4783 1265 4843 θ
1278 4782 1323 4842 καί
1337 4779 1489 4840 ἐσπούδασα
1504 4778 1568 4839 αὐτὸ
1581 4784 1660 4857 τοῦτο
1673 4780 1778 4848 ποιῆσαι.

247 4860 328 4920 stolas
340 4860 457 4920 rumbis
470 4859 506 4920 de
524 4860 605 4921 rebus
617 4884 767 4926 sermonem
780 4868 894 4945 inducit,
917 4894 964 4933 ne·
1020 4877 1073 4937 Καὶ
1096 4875 1148 4956 γδρ
1168 4879 1305 4955 πανταχοῦ
1321 4875 1374 4932 τῶν
1394 4873 1540 4932 ἐπιστολῶν
1556 4871 1602 4932 τδν
1620 4867 1779 4954 περλτούσαν

245 4973 297 5031 que
309 4952 394 5012 ullam
400 4952 459 5033 ejus
469 4953 734 5035 reperiasepistolam
746 4959 903 5042 hujusmodi
913 4965 962 5025 ad-
1017 4966 1131 5050 εὑσρέρει
1140 4967 1227 5046 λόγον,
1242 4965 1288 5026 καλ
1297 4968 1344 5026 οὐκ
1355 4964 1426 5024 ἔστιν
1440 4968 1524 5045 εὑρεῖν
1546 4961 1672 5042 οὑδεμίαν
1685 4963 1780 5022 δπιοτο·

245 5043 391 5104 monitione
402 5065 524 5106 vacuam.
539 5045 648 5106 Sciebat
660 5049 741 5122 enirn,
756 5050 855 5114 sciebat
867 5057 962 5137 utique
1017 5059 1066 5132 λὴν
1076 5057 1174 5129 ταύτης
1188 5057 1261 5124 έκτδς
1279 5048 1358 5117 ούσαν
1373 5059 1422 5127 τῆς
1443 5053 1635 5136 παραινέσεως.
1648 5044 1713 5114 Οἶδα
1725 5049 1779 5133 alp,

245 5136 337 5238 quanti
348 5136 477 5197 momenti
488 5157 532 5196 res
544 5137 580 5198 sit
592 5161 598 5196 :
610 5142 785 5217 quamohrem
796 5167 828 5206 ac
840 5148 863 5208 si
875 5150 961 5211 adifi-
1017 5143 1085 5210 οἶδεν
1098 5149 1147 5223 ύοη
1158 5155 1205 5209 τοῦ
1216 5148 1372 5229 πράγματος
1383 5153 1400 5220 ἡ
1415 5145 1490 5228 ἰσχύς
1502 5170 1509 5183 ·
1525 5144 1569 5204 nrt
1583 5148 1664 5206 τοῦτο
1672 5143 1782 5222 καθάπερ

244 5246 287 5286 cto
299 5227 424 5287 mirabile
434 5227 573 5308 fastigium
584 5229 715 5312 imponat,
728 5234 841 5315 reliquis
852 5243 963 5304 monitis
1015 5244 1142 5324 οἰκοδομῇ
1163 5241 1318 5321 θαυμαστὴν
1341 5239 1437 5321 ὀροφὴν
1460 5237 1584 5308 ἐπιτιθείς
1608 5247 1668 5308 ταῖς
1686 5241 1783 5301 λοιπαῖς

243 5330 271 5378 et
285 5316 407 5378 consiliis
422 5318 575 5380 doctrinam
590 5319 642 5381 luc
662 5320 739 5384 dere
756 5326 858 5409 adjicit.
878 5334 961 5408 Quod
1015 5335 1186 5416 παραινέσεσι
1202 5336 1247 5394 καί
1267 5333 1446 5413 συμύουλαῖς,
1466 5329 1517 5405 την
1532 5330 1711 5414 περὶτούτων
1732 5330 1782 5391 atr·
