3810 6000
262 413 365 502 doo‘
399 388 402 393 ⁸
574 429 981 486 s.soanu1scnnnsosr.
1009 427 1165 479 suuntur.
1193 427 1463 479 consrnurtnor.
1536 441 1546 450 ·

262 563 325 625 dem
335 582 535 644 veremagnum
543 574 584 622 est
595 585 602 620 r
612 561 686 621 istud
699 552 865 624 veroviduae
877 557 978 616 laetum
1035 553 1084 631 μὲν
1098 551 1151 636 γὰρ
1166 553 1258 615 ίαυτδν
1280 554 1435 635 γυμνώσας,
1447 554 1494 614 καλ
1508 551 1554 613 τδν
1575 547 1676 631 γυμνδν
1689 547 1790 630 τιμίαν

208 656 213 671 “
262 657 346 736 hujus
363 656 449 714 multo
467 654 516 714 illo
531 655 627 733 majus.
640 654 712 711 Nam
731 652 778 711 ille
790 647 900 729 quidem
916 664 978 705 cum
989 643 1100 728 ωρλὼν,
1113 646 1174 727 ἔσχε
1192 648 1256 729 παρ’
1269 647 1357 728 ἑτάρου
1370 647 1462 706 λαύιῖν
1479 644 1603 724 ἱμάτιον·
1624 640 1691 712 αὕτη
1709 639 1789 715 δίτήν

263 770 292 808 se
304 747 441 819 nudasset,
454 767 485 808 ac
498 744 603 806 nudum
619 745 775 825 operuisset,
788 740 877 822 potuit
890 739 924 797 ab
937 737 979 796 al·
997 745 1018 792 Α
1035 739 1120 818 δράκα
1146 746 1192 799 τοῦ
1215 739 1324 820 ἀλεύρου
1345 739 1508 819 προϊεμένη,
1532 739 1581 796 οὐκ
1601 734 1695 814 δσχυαε
1717 731 1785 812 δρίκι

262 853 320 898 tero
332 853 434 898 vestem
441 837 562 919 accipere
575 860 582 893 z
597 837 656 895 haec
669 857 733 895 vero
747 855 808 894 eum
823 831 916 892 sarinae
926 848 978 910 pu·
1034 830 1126 909 ἑτέραν
1139 832 1245 891 λαθεῖν·
1256 831 1313 891 sest
1324 830 1404 912 μέχρι
1425 827 1589 910 γυμνύτητος
1611 818 1644 900 ἧν
1658 830 1673 885 ὁ
1687 825 1784 893 rhem

262 930 361 1009 gillnm
373 930 555 1011 prodegisset,
569 929 684 989 alterum
700 926 837 1007 pugillum
859 923 980 1003 accipere
1034 923 1115 1002 αὐτῇ,
1143 921 1212 982 ἀλλὰ
1242 927 1300 1001 μετ’
1322 925 1406 984 ἐκεῖνο
1429 921 1538 987 θάνατος
1554 919 1729 1001 προσεδοκᾶτο
1746 917 1780 976 καί

262 1022 486 1102 minimepotuit;
497 1042 583 1100 neque
596 1020 726 1080 nuditatis
735 1031 840 1078 tantum
850 1015 891 1075 illi
901 1013 976 1094 peri·
1034 1015 1113 1087 αὐτῆς
1123 1014 1169 1074 καί
1179 1020 1231 1074 τῶν
1243 1014 1357 1074 παίδων.
1366 1013 1454 1074 Ὅταν
1471 1004 1517 1073 ούν
1528 1010 1598 1092 μήτε
1610 1008 1711 1084 ταινίας,
1728 1007 1780 1085 μήτι

263 1111 355 1173 culum
370 1110 541 1172 subeundum
555 1125 627 1187 erat,
643 1110 692 1170 sed
702 1123 793 1191 postea
807 1128 879 1167 mors
892 1104 978 1186 ipsius
1032 1107 1219 1188 παιδοτροφίας
1239 1106 1379 1186 ἐπιμέλεια
1393 1104 1515 1186 κωλύσῃ,
1531 1102 1601 1184 μήτε
1626 1100 1701 1180 λιμδς
1718 1102 1778 1180 χαλε·
1813 1184 1816 1191 ¹

261 1225 293 1264 uc
302 1205 450 1264 liberorum
458 1218 516 1264 erat
526 1202 713 1285 exspectanda.
722 1200 884 1279 Cumigitur
892 1216 978 1277 neque
1032 1197 1096 1272 πδς,
1122 1201 1190 1277 μήτε
1205 1199 1328 1280 irruptio
1351 1199 1480 1274 τοσαύτη,
1506 1197 1574 1278 μήτε
1594 1194 1776 1269 θάνατιςπφια·

262 1309 429 1376 paupertate,
439 1316 528 1374 neque
539 1294 697 1355 alendorum
710 1314 773 1352 cura
787 1290 917 1364 filiorum,
925 1309 974 1347 ne·
1032 1289 1198 1370 δοκώμενος,
1227 1292 1305 1352 ποίαν
1334 1291 1425 1370 ίξομεν
1453 1287 1598 1368 ἀπολογίαν
1625 1287 1650 1346 sl
1673 1284 1775 1365 ιύποφινφ
1808 1368 1810 1373 Ι

261 1386 979 1467 quegravilame,neqnetantaegestate,nequemor·
1031 1381 1110 1442 ποίαν
1143 1385 1167 1442 oi
1198 1382 1329 1458 πίνητεςς
1351 1385 1392 1460 Ζῇ
1422 1382 1519 1463 Κύριος
1550 1383 1565 1438 t
1593 1376 1663 1444 Θιύς
1689 1374 1775 1447 corui

264 1477 297 1536 tis
320 1477 518 1557 exspectatione
543 1477 625 1536 luerit
652 1476 799 1556 impedita,
813 1495 873 1553 quae
899 1469 978 1530 nobis
1033 1472 1089 1534 ἔστι
1110 1497 1156 1552 μοι
1176 1474 1333 1555 ἐγκρυφίας,
1353 1475 1413 1536 ἀλλ’
1433 1471 1451 1545 ἢ
1471 1471 1532 1532 ὅσον
1554 1468 1619 1554 ephi
1643 1468 1774 1550 tllelprsh
1814 1488 1816 1521 ;

261 1567 364 1646 reliqua
380 1568 431 1627 erit
442 1567 579 1628 excusatio
592 1567 788 1648 locupletibus,
802 1584 862 1644 qnae
874 1581 978 1645 paupe·
1032 1570 1065 1645 τῇ
1088 1565 1180 1648 ύδρίοφ,
1207 1567 1253 1626 καλ
1276 1565 1363 1645 ὀλίγον
1386 1565 1473 1625 δλαιον
1488 1567 1514 1625 ἔν
1528 1568 1565 1643 τῷ
1585 1561 1727 1642 meudun·
1741 1555 1774 1620 τά
1812 1534 1816 1617 ί

260 1657 356 1718 ribus?
372 1661 451 1718 Vivit
462 1661 607 1718 Dominus
616 1661 697 1718 Deus
713 1661 832 1734 tuus,si
844 1669 886 1716 est
903 1654 977 1715 mitt
1033 1656 1088 1718 ίδοδ
1108 1658 1228 1740 συλλίγι)
1251 1657 1298 1719 δύο
1318 1656 1443 1738 ξολάρια,
1463 1655 1510 1716 καὶ
1534 1651 1721 1731 εἰσελεύσομαι
1741 1649 1774 1710 ναί

258 1752 346 1827 panis
365 1752 585 1824 subcineritius,
600 1753 658 1809 nisi
680 1761 823 1832 quantum
846 1749 976 1829 pugillus
995 1765 1013 1814 Β
1031 1749 1136 1824 ποιήσω
1149 1749 1216 1810 αὐτὰ
1238 1758 1293 1818 τοῖς
1312 1748 1413 1817 τίκνοις
1427 1772 1498 1828 μοι,
1519 1746 1567 1808 καὶ
1581 1741 1775 1826 φαγόμιθα,ιιλ

253 1843 368 1923 sariuoe
379 1846 412 1900 in
425 1843 545 1917 hydria,
560 1854 589 1901 et
598 1861 704 1922 parum
717 1843 776 1900 olei
790 1844 821 1899 in
832 1840 952 1917 lecytho
964 1862 974 1896 .·
1031 1842 1239 1921 ἀποθανούμεθα.
1256 1841 1365 1914 Ταύτην
1379 1841 1489 1908 ἕκαστος
1502 1839 1552 1914 τήν
1566 1835 1775 1915 ίλαιινλν,μιλλοι

259 1946 288 1991 et
299 1934 481 2012 ecoeeolligo
495 1934 553 1992 duo
569 1934 661 2014 ligno,
674 1946 702 1993 et
712 1935 874 2014 ingrediar,
886 1935 975 2014 etse·
1030 1933 1058 1994 δὲ
1074 1935 1184 2004 ἕκαστος
1196 1933 1293 2008 ταύτην
1307 1933 1355 2007 τήν
1370 1934 1503 2015 μακαρίαν
1520 1931 1611 2012 φωνήν
1624 1928 1669 1991 καὶ
1687 1933 1733 1988 τῶν
1742 1928 1772 1988 ιθ

258 2028 336 2083 ctam
346 2027 403 2084 illu
411 2027 487 2105 filiis
496 2031 579 2104 meis,
591 2039 618 2087 et
628 2028 821 2099 comedemus,
830 2040 858 2085 et
872 2029 975 2085 morie-
1031 2030 1116 2108 ρανῶν
1127 2027 1200 2097 ἀξίαν
1215 2031 1241 2087 ἐν
1255 2036 1309 2094 τοῖς
1320 2025 1418 2108 τοίχοις
1428 2031 1478 2098 τῆς
1490 2023 1575 2091 οίκίας
1590 2021 1775 2104 ίγγφαφίαιτήθ

257 2137 332 2175 rnur.
339 2117 415 2176 Hanc
427 2117 613 2198 unusquisque
622 2116 812 2195 miserandam,
824 2117 868 2179 vel
883 2118 974 2199 potius
1029 2123 1140 2194 ἑαυτοῦ,
1159 2123 1186 2180 ἐν
1203 2123 1242 2200 τῷ
1256 2118 1381 2199 θαλάμῳ,
1400 2122 1427 2178 ίν
1441 2110 1463 2199 ᾧ
1478 2117 1508 2177 θν
1526 2110 1774 2195 καθεύδωμεν,θὴ

257 2208 441 2287 unusquisque
449 2209 555 2269 beatam
562 2211 638 2270 illam
646 2230 778 2270 vocemac
787 2211 852 2270 caelo
860 2210 973 2290 dignam
1028 2210 1109 2292 οίκῳ,
1125 2215 1151 2271 ἐν
1164 2203 1186 2292 ᾧ
1198 2210 1445 2295 άριστοποιούμεθα.
1458 2209 1568 2277 Ταύτην
1577 2206 1623 2269 ἐπὶ
1634 2209 1682 2278 τῆς
1697 2202 1774 2274 statu,

255 2297 353 2359 domus
368 2320 422 2358 suae
433 2300 582 2382 parietibus
596 2300 736 2378 inscribat,
751 2301 779 2360 in
792 2300 973 2378 euhionl0,in
1027 2301 1125 2375 ταύτην
1140 2301 1184 2363 ee
1194 2308 1242 2375 τῆς
1257 2306 1369 2383 ἀγοράς,
1384 2300 1484 2373 ταύτην
1498 2305 1591 2370 ἐντοῖς
1601 2297 1776 2378 αυλλύρυιειῦθ

255 2412 310 2470 quo
324 2392 485 2469 dormimus,
498 2394 525 2453 in
538 2394 671 2470 conclavi,
685 2394 713 2454 in
731 2414 786 2474 quo
798 2397 971 2476 prandemus.
1027 2392 1121 2474 φίλων,
1133 2394 1230 2467 ταύτην
1243 2399 1280 2463 είς
1291 2395 1457 2476 δικαστήριον
1473 2393 1569 2466 ἀπιὼν,
1584 2391 1682 2465 ταύτην
1695 2385 1776 2457 sues.

256 2487 332 2544 Hane
341 2485 368 2544 in
377 2485 489 2560 sedibus,
502 2486 573 2545 hano
585 2486 613 2544 in
626 2488 695 2562 foro,
705 2486 776 2547 benc
785 2488 814 2546 in
823 2488 973 2547 amicorum
1011 2484 1125 2559 ιτούνην
1151 2485 1227 2555 ἐξιὼν
1261 2486 1371 2556 ἕκαστος
1394 2487 1531 2564 μελετάτω
1558 2483 1608 2557 τήν
1631 2469 1776 2564 φωνήνῚιί

254 2576 540 2654 coetibus,l1ancdum
555 2578 590 2637 ad
599 2578 723 2659 judicum
737 2579 857 2638 tribunal
871 2580 970 2661 pergit,
1027 2575 1128 2658 σφόδρα
1138 2576 1169 2636 θν
1181 2577 1381 2660 ἰσχυρισαίμην,
1396 2576 1436 2637 δτι
1446 2577 1500 2637 οὐδ’
1516 2575 1548 2635 ἂν
1562 2566 1775 2642 είλίθινόςτιςιίη

252 2668 395 2728 hanedum
406 2668 643 2748 ingreditur,hanc
652 2669 719 2727 dum
730 2670 870 2749 egreditur
878 2691 971 2732 vocem
1026 2667 1072 2726 καλ
1103 2671 1245 2750 σιδηροῦς,
1266 2669 1312 2729 καλ
1333 2668 1457 2746 ἀδάμας,
1482 2667 1602 2737 δνίξεται
1621 2663 1775 2745 epotetur

252 2759 365 2839 quisque
378 2758 524 2820 meditetur
537 2784 544 2818 ι
557 2774 583 2820 et
594 2774 744 2822 constanter
755 2761 874 2835 affirmo,
884 2783 972 2841 quan·
988 2777 1008 2826 e
1025 2760 1128 2832 πένητα
1148 2771 1235 2829 κεναῖς
1256 2761 1415 2842 ἀποπέμψαι
1436 2760 1538 2843 χερσὶν,
1553 2759 1585 2818 διν
1596 2758 1644 2831 τήν
1656 2757 1776 2840 φωνήνίη·

251 2851 354 2911 tumvis
365 2872 463 2911 saxeus
475 2851 556 2911 fuerit
569 2851 643 2931 quis,
656 2851 677 2912 si
688 2853 798 2930 ferreus,
807 2866 833 2913 et
848 2853 968 2930 adamas,
1025 2851 1115 2932 γράψῃ
1130 2851 1239 2927 ταύτην,
1253 2850 1285 2910 ἂν
1296 2851 1343 2925 τήν
1354 2852 1440 2934 χήραν
1454 2853 1506 2933 πρδ
1518 2855 1572 2910 τῶν
1586 2852 1723 2932 ὀφθαλμῶν
1731 2846 1775 2927 tp,

251 2943 364 3002 minime
379 2963 508 3021 umquam
525 2942 675 3002 adductum
692 2942 727 3001 iri
747 2956 778 3002 ut
798 2944 971 3004 accedentem
1024 2946 1096 3004 Ἀλλ’
1108 2944 1170 3011 ἴσως
1184 2947 1267 3003 ἐκεῖνο
1283 2947 1336 3023 ίρεῖ
1351 2966 1407 3010 τις·
1423 2943 1470 3022 ἄγε
1483 2942 1565 3019 κᾶμολ
1590 2934 1776 3022 προφήτην,ιιεδ

251 3056 398 3117 pauperem
408 3034 500 3095 vncuis
509 3036 637 3094 manibus
647 3056 662 3093 a
672 3055 700 3094 se
709 3033 868 3110 dimittat,si
877 3056 971 3096 vocem
1025 3034 1093 3113 μετὰ
1105 3039 1153 3106 τῆς
1166 3037 1245 3108 αὐτῆς
1254 3035 1355 3102 εὐνοίας
1365 3033 1535 3111 ὑποδέξομαι.
1546 3033 1683 3114 Ὑπδσχου
1696 3031 1774 3097 τοῦτο,

254 3128 326 3187 hanc
336 3126 511 3207 inscripserit,
520 3126 543 3185 si
552 3124 666 3186 viduam
678 3140 740 3185 ante
753 3126 844 3186 oculos
855 3127 971 3208 positam
1024 3124 1070 3183 καλ
1090 3126 1148 3199 άγω
1162 3149 1203 3186 σοι
1218 3126 1263 3185 τὸν
1275 3125 1423 3208 προφήτην.
1438 3126 1491 3184 Καὶ
1505 3123 1533 3183 τί
1554 3125 1625 3204 λίνω
1643 3126 1687 3184 τδν
1697 3119 1777 3204 τροφή·

132 3242 181 3290 p„
190 3217 388 3306 „„lrabnerit.
398 3217 452 3279 Sed
465 3215 537 3276 dicet
550 3215 970 3296 fortassequispiamzhdducito
1023 3240 1086 3290 την,
1100 3217 1184 3276 Αὐτὸν
1208 3218 1265 3297 άμο
1286 3241 1327 3278 σοι
1352 3216 1396 3276 τὸν
1420 3221 1466 3275 τοῦ
1492 3215 1629 3296 προφήτου
1651 3214 1776 3285 oseem,

100 3308 173 3367 1)Ιιαινθ
209 3323 245 3382 ⁸9·
254 3309 320 3368 mihi
335 3309 506 3391 prophetam,
519 3321 546 3366 et
557 3307 648 3366 eadem
663 3326 726 3365 oum
736 3308 922 3367 benevolentia
932 3308 970 3368 il·
1024 3306 1068 3366 τδν
1082 3307 1167 3366 κοινὸν
1182 3311 1258 3384 ἡμῶν
1272 3307 1339 3367 Θεδν
1351 3307 1396 3366 καλ
1411 3307 1508 3388 Κύριον
1519 3307 1563 3366 τὸν
1575 3307 1700 3388 Χφιοτάν.
1710 3303 1775 3370 lltlt
1809 3335 1816 3387 ·3

99 3369 311 3490 ffifflilum
320 3401 475 3481 suscipiam.
490 3398 548 3457 Hoc
561 3396 629 3457 mibi
643 3398 779 3478 promitte,
787 3412 845 3457 tum
860 3398 970 3478 egotibi
1024 3397 1075 3477 γάρ
1085 3398 1178 3477 φησὶν,
1192 3398 1234 3456 ὅτι
1249 3398 1386 3458 Πεινῶντά
1397 3423 1430 3476 με
1441 3398 1539 3472 εἴδετε,
1551 3397 1598 3458 καί
1612 3395 1776 3479 septenne

252 3494 413 3574 prophetam
438 3490 584 3550 adducam.
605 3489 681 3564 Quid
704 3489 766 3549 dico
789 3490 971 3570 prophetam?
1025 3487 1053 3548 δὲ
1070 3488 1211 3549 ιίπιοτοῦσί
1227 3509 1296 3555 τινες
1308 3493 1341 3568 τῇ
1365 3494 1454 3568 φωνῇ,
1475 3489 1522 3548 καὶ
1543 3493 1593 3561 τῆς
1608 3483 1776 3570 φιλοφροσύνης

250 3587 346 3666 lpsum
357 3585 408 3642 tibi
420 3582 560 3665 prophetas
577 3582 726 3641 Dominum
738 3580 884 3654 adducam,
897 3603 971 3641 com·
1026 3582 1172 3658 ἀμελοῦσι,
1189 3579 1353 3658 μαθήσονται
1373 3579 1434 3639 τότε
1455 3579 1499 3639 διὰ
1521 3584 1570 3651 τῆς
1598 3580 1725 3646 κολάσεως
1743 3573 1778 3635 ταί
1812 3590 1816 3601 ²

252 3698 361 3735 munem
372 3677 461 3734 Deum
474 3695 505 3732 ac
516 3674 667 3733 Dominum
684 3687 805 3732 nostrum
819 3672 969 3733 Christum.
1025 3679 1074 3746 τῆς
1096 3671 1230 3754 superpiae<
1244 3679 1329 3732 τοῦτο.
1341 3672 1449 3752 Ὥσπερ
1461 3670 1516 3752 γάρ
1531 3673 1669 3732 αὐτοῦτοῦ
1686 3670 1779 3750 xpum
1814 3708 1816 3713 ·

103 3792 188 3846 μηηςη,
205 3768 313 3847 25,lpse
334 3768 405 3825 enim
420 3764 505 3836 dicit,
519 3768 706 3824 Esurientem
724 3786 771 3823 me
791 3768 926 3842 vidistis,
942 3776 970 3824 et
1025 3765 1281 3846 παφαμελήσαντες,
1305 3763 1373 3822 ollem
1391 3764 1457 3842 πρὸς
1471 3763 1604 3846 ἀφόρητον
1613 3763 1779 3823 entecnius
1814 3758 1816 3817 l

99 3855 141 3907 35·
255 3859 381 3917 aluistis.
395 3854 478 3929 Quod
490 3855 514 3914 si
526 3856 573 3933 qui
583 3857 652 3914 forts
661 3855 721 3915 voci
735 3855 817 3914 fidem
828 3855 969 3936 derogant,
1026 3857 1147 3916 κόλασιν.
1160 3856 1256 3924 Οὕτως
1274 3847 1319 3913 oili
1339 3858 1363 3914 ol
1383 3853 1443 3921 τούς
1458 3854 1582 3936 πτωχούς
1597 3854 1779 3936 τ’ρίφοντεςαι·
1814 3870 1816 3883 ·

253 3963 279 4008 et
292 3948 487 4006 humanitatem
501 3967 553 4005 non
567 3958 672 4018 curant,
687 3966 750 4005 cum
764 3947 899 4027 supplicio
911 3970 970 4029 poe·
989 3940 1009 3986 ⁰
1028 3948 1111 4028 helesp
1126 3948 1203 4007 αὐτὸν
1218 3948 1262 4007 τδν
1271 3947 1388 4026 Χριστὸν
1399 3947 1627 4025 θεραπεύσαντες,
1641 3951 1678 4015 είς
1692 3944 1778 4020 τήνπλι

253 4040 349 4117 nisque
371 4035 494 4115 castigati
517 4036 570 4095 hoe
594 4034 707 4096 discent.
722 4039 875 4115 Tamquam
899 4039 973 4099 enim
1028 4043 1144 4122 οὐρανῶν
1157 4038 1308 4119 εἰσάγονται
1326 4036 1473 4118 βασιλείαν.

255 4130 396 4191 Christum
406 4129 496 4209 ipsum
507 4149 560 4189 nou
570 4140 719 4202 curassent,
732 4128 772 4186 sio
781 4127 814 4186 ad
826 4128 972 4190 intoleran-

255 4221 371 4284 randum
395 4221 561 4302 supplicium
580 4218 760 4278 abducentur.
774 4219 821 4280 Sic
842 4220 926 4299 igitur
947 4235 974 4281 et

256 4316 303 4393 qui
327 4334 459 4396 pauperes
482 4311 613 4384 aluerint,
626 4310 704 4389 quasi
724 4309 863 4369 Christum
885 4312 975 4392 ipsum

259 4407 389 4475 curarint,
405 4404 434 4466 in
445 4425 559 4484 regnum
574 4403 701 4461 celorum
714 4400 933 4463 introducuntur.

304 4500 353 4558 te.
364 4498 488 4557 Fortasse
500 4490 580 4577 plura
590 4494 662 4554 dicta
675 4507 746 4568 sunt,
754 4515 835 4573 (μιαιιι
844 4497 974 4577 oportuit.
1072 4497 1154 4577 Τάχα
1166 4495 1250 4557 πλείω
1273 4499 1318 4556 τοῦ
1340 4495 1440 4562 δέοντος
1460 4493 1495 4553 τὰ
1520 4492 1657 4576 εἰρημένα.
1670 4492 1727 4554 Ello
1743 4485 1776 4566 ph

264 4593 377 4653 Utinam
390 4603 480 4648 autem
494 4587 552 4646 dies
566 4607 657 4645 omnes
670 4586 698 4644 iu
712 4606 846 4646 sermones
864 4587 899 4646 de
912 4589 979 4649 eles-
1033 4582 1078 4650 siis
1092 4587 1237 4655 πάσαςτδς
1253 4586 1355 4666 ἡμέρας
1368 4584 1541 4665 ίνδιατρίύειν
1554 4577 1587 4659 ήν
1600 4594 1656 4652 τοῖς
1675 4581 1728 4664 περὶ
1743 4581 1776 4647 tlt

260 4702 373 4763 mosyna
395 4681 487 4740 liceret
508 4677 672 4759 impendere.
685 4677 768 4752 Quod
781 4678 804 4738 si
826 4680 903 4739 vobis
923 4682 981 4741 haeo
1032 4678 1312 4759 ἐλεημοσύνηςλάροις.
1322 4680 1358 4737 Εἰ
1366 4677 1394 4736 δὲ
1402 4675 1552 4759 ἀρκούντως
1567 4679 1630 4753 ύμῖν
1638 4675 1704 4755 ἔχειν
1715 4675 1775 4731 ταῦθ

260 4775 384 4834 sulficere
395 4771 531 4846 videntur,
545 4790 595 4849 age
605 4770 760 4829 summatim
775 4771 864 4830 omnia
877 4772 923 4831 illa
937 4795 978 4832 re-
1032 4776 1119 4843 δοκεῖ,
1134 4773 1196 4852 φίρε
1210 4769 1278 4830 αὐτὰ
1293 4768 1588 4849 άνακεφαλαιωοώμιθα
1601 4767 1695 4829 πάντα.
1712 4752 1774 4824 Είτθ

260 4880 393 4947 petamus.
403 4862 470 4923 Dixi
479 4883 533 4941 qua
545 4859 579 4920 de
589 4881 669 4920 causa
679 4861 810 4941 propbeta
820 4859 855 4920 ad
866 4862 977 4923 viduam
1029 4864 1098 4933 τίνος
1112 4862 1199 4921 ίνεκιν
1225 4866 1240 4921 ὁ
1261 4860 1401 4944 προφήτης
1419 4861 1485 4942 πρὸς
1498 4858 1547 4934 τήν
1561 4858 1649 4940 χήραν
1670 4848 1775 4918 ἀπεσύλ-

260 4957 420 5031 mitteretur,
427 4971 461 5015 no
472 4965 658 5036 paupertatem
666 4949 811 5032 despicies,
824 4973 858 5013 ne
865 4952 977 5015 divitias
1026 4958 1104 5030 λετο,
1117 4953 1161 5013 ἵνα
1184 4951 1405 5034 μή*μακαρίζῃς
1424 4950 1526 5027 πενίαν,
1544 4949 1589 5010 ίνα
1613 4949 1651 5028 μή
1669 4942 1779 5023 turuile<

259 5049 326 5109 tanti
333 5048 425 5126 ίαυὶιε,
435 5067 469 5107 ne
479 5044 640 5128 locupletem
650 5043 760 5104 hcetum
768 5043 917 5124 arbitreris,
929 5067 972 5108 ne.
1028 5050 1151 5122 πλοῦτον,
1163 5044 1207 5105 ἵνα
1218 5042 1256 5126 μή
1267 5043 1312 5105 τδν
1334 5041 1445 5124 εὔπορον
1466 5043 1585 5116 ζηλωτὸν
1600 5032 1667 5103 ι’ίναι
1677 5034 1784 5117 uolet»

291 5223 303 5251 *
320 5223 349 5274 Β.
361 5225 492 5290 insultus·
