3810 6000
895 1203 1304 1332 MONITUM

490 1522 493 1527 ·
522 1503 587 1578 an
610 1502 839 1579 uouums
862 1502 1076 1599 Qumouu
1099 1500 1149 1574 ιιι
1173 1501 1521 1578 assuurrouum
1546 1502 1743 1578 nouuu.

385 1759 459 1817 Inter
480 1755 587 1838 spurias
606 1756 669 1836 jure
685 1755 815 1836 ablegata
838 1767 902 1814 suut
911 1753 954 1813 hae
967 1752 1088 1832 quinque
1100 1751 1227 1813 Romilia
1246 1751 1274 1813 in
1288 1753 1490 1813 Assumtionem
1504 1752 1764 1833 Domini,quarurn
1788 1765 1875 1834 quatur

250 1834 254 1839 .
346 1847 450 1928 priores
465 1846 604 1907 aMorcllo
613 1847 757 1927 puhlicatae
766 1858 830 1908 sunt
843 1849 931 1905 Τοιιιο
943 1848 972 1920 6,
982 1845 1077 1924 quinta
1088 1865 1174 1924 eaque
1185 1844 1345 1905 brevissima
1359 1845 1434 1927 apud
1445 1844 1591 1906 Savilium
1609 1846 1742 1908 hahetur.
1754 1847 1809 1921 Qui
1821 1844 1876 1906 Sari

346 1939 400 2000 lius
409 1940 491 1999 etiam
500 1952 611 2020 excepta
621 1939 710 2021 prima
723 1938 790 1998 alias
801 1958 893 1998 omnes
903 1936 998 2000 edidit.
1009 1937 1056 1997 Ex
1065 1957 1178 1998 numero
1194 1950 1285 1996 autem
1298 1937 1427 1997 videntur
1439 1958 1498 1997 esse
1509 1958 1614 1997 eorum
1625 1937 1732 2019 viginti
1745 1936 1878 1997 duumhn·

346 2031 423 2094 vium
436 2030 521 2110 λόγον
532 2030 561 2090 iu
574 2030 784 2107 Assumtionem,
795 2050 862 2109 quos
875 2042 1066 2089 commemorat
1078 2028 1192 2090 Photius
1206 2030 1234 2088 in
1245 2027 1377 2089 Biblioth.
1391 2029 1459 2106 Cod.
1472 2031 1527 2090 25.

386 2123 506 2184 Homilia
519 2122 608 2204 prima
624 2121 703 2183 nohis
712 2122 905 2204 Chrysostomo
916 2119 1028 2201 indigna
1037 2120 1210 2182 videturesse
1224 2118 1290 2180 :hic
1309 2120 1381 2180 enim
1389 2119 1508 2201 scriptor
1523 2120 1748 2202 ἀπροσδιόιιιος
1757 2120 1792 2180 ah
1802 2114 1880 2179 aliod

345 2212 422 2274 aliud
434 2214 523 2296 inepte
533 2213 654 2274 excurrit
668 2237 675 2271 ι
689 2213 790 2273 namin
802 2211 964 2275 brevissima
974 2211 1095 2290 oratione
1106 2212 1143 2272 ab
1157 2210 1328 2273 Assumtione
1339 2211 1451 2272 Domini
1461 2233 1557 2291 orsus,
1572 2213 1614 2272 ab
1629 2213 1688 2274 hoc
1698 2225 1847 2294 argumento
1857 2208 1881 2270 d

344 2306 421 2367 aliud
437 2306 542 2381 transit,
552 2322 649 2386 nempe
658 2304 693 2364 ad
706 2304 850 2386 apostolos,
859 2302 899 2364 ad
915 2305 1032 2364 Paulum
1045 2303 1164 2367 maxime
1175 2326 1182 2360 ι
1192 2324 1229 2363 ex
1235 2303 1352 2385 abrupto
1362 2317 1452 2363 autem
1465 2302 1505 2363 ad
1515 2303 1637 2385 alapam
1648 2307 1733 2385 jussu
1746 2305 1845 2366 Ananis
1852 2324 1879 2362 ιι

344 2398 484 2460 cerdotom
497 2398 628 2480 principis
644 2398 727 2458 Paulo
738 2398 872 2458 incussam
885 2395 1069 2477 progreditur,
1078 2395 1188 2474 etquasi
1199 2395 1298 2476 prioris
1310 2395 1426 2456 instituti
1440 2395 1560 2471 oblitus,
1570 2397 1625 2457 hic
1637 2398 1723 2457 Pauli
1733 2397 1822 2458 laudes
1831 2394 1890 2455 nol·⁴

345 2491 381 2551 tis
395 2489 609 2552 celebratllooes
618 2510 700 2570 porro
713 2502 851 2570 usurpata
862 2487 1058 2569 chrysostomo
1070 2487 1116 2550 vel
1129 2508 1278 2567 numquam
1291 2488 1336 2549 vel
1348 2508 1445 2570 parurn
1458 2487 1671 2567 frequentatas,
1689 2503 1724 2548 ut
1736 2488 1879 2557 uotum

344 2583 570 2663 interficiebant,
581 2584 715 2663 πλῆκτρον
728 2585 776 2653 τῆς
787 2584 865 2656 ζωῆς,
874 2582 1015 2660 plectrum
1024 2580 1105 2657 vitoe,
1120 2578 1255 2660 epitheton
1264 2579 1341 2640 Pauli
1347 2603 1357 2658 3
1367 2582 1587 2658 θιοκλητῶιιις,
1595 2583 1703 2641 Deum
1718 2583 1878 2652 imaum

343 2687 371 2734 et
381 2673 434 2734 alia
450 2673 480 2733 id
494 2694 587 2754 genus,
598 2694 658 2752 quae
669 2673 747 2753 plura
757 2673 876 2753 proferre
887 2693 1036 2753 possemus,
1049 2670 1102 2731 nisi
1111 2671 1170 2751 jam
1182 2684 1313 2732 constaret
1319 2671 1371 2731 hoc
1379 2672 1548 2753 opusculum
1561 2694 1622 2733 non
1636 2696 1698 2734 esse
1708 2669 1876 2756 Chrysoson't

384 2766 470 2824 Paulo
483 2765 603 2825 melioris
615 2778 684 2824 ιιοιι
704 2778 743 2824 ιιι
757 2763 870 2825 homilia
882 2761 1003 2823 secunda·
1016 2787 1023 2821 ι
1038 2762 1086 2825 scd
1099 2784 1160 2842 quaa
1174 2777 1263 2826 tamen
1287 2785 1341 2826 non
1362 2778 1450 2825 careat
1468 2765 1637 2846 suspicione
1659 2768 1767 2837 νοθείας
1778 2763 1876 2826 :muli

345 2855 439 2917 henter
451 2855 614 2916 crediderim
627 2877 684 2915 essc
696 2869 837 2915 centonem
846 2876 880 2915 ex
893 2854 978 2915 variis
986 2854 1173 2936 chrysostomi
1186 2857 1254 2917 locis
1264 2857 1489 2918 consarcinatum.
1501 2859 1536 2917 ln
1551 2858 1697 2920 Editione
1708 2855 1876 2921 auteerrii

249 2974 261 2993 .
345 2947 461 3008 hahetur
475 2951 563 3009 Τοιιιο
579 2949 607 3024 5,
615 2970 642 3029 p.
659 2948 770 3026 975,*l.
781 2950 832 3025 57,
845 2961 872 3008 ιι
883 2947 1024 3016 consuitur
1040 2969 1101 3008 cum
1122 2947 1205 3009 altera
1215 2948 1250 3009 de
1265 2949 1423 3010 Ascensione
1435 2948 1554 3010 homilia
1566 2953 1755 3031 brevissima,
1765 2952 1875 3012 manile!

344 3040 447 3120 spuria,
461 3061 543 3118 quarn
557 3053 719 3121 postremam
741 3040 863 3101 omnium
874 3040 909 3101 de
921 3041 1082 3102 Ascensione
1092 3040 1272 3105 homiliarum
1284 3041 1353 3102 infra
1365 3043 1528 3103 referimus:
1546 3043 1578 3103 in
1592 3045 1697 3104 multis
1703 3059 1794 3106 autern
1803 3043 1873 3112 variat,
1890 3078 1894 3085 ·

262 3128 268 3143 “
343 3144 371 3191 ιι
380 3131 483 3210 aliquot
496 3131 524 3189 in
538 3131 605 3190 locis
614 3152 668 3191 ιιοιι
679 3129 850 3191 mediocriter
858 3133 895 3191 ah
909 3132 962 3192 hac
971 3133 1006 3193 de
1021 3154 1075 3213 qua
1087 3133 1195 3213 agimus
1205 3133 1349 3216 discrepat.
1361 3133 1441 3195 Unde
1453 3134 1562 3214 liqueat
1574 3135 1653 3197 hanc
1662 3137 1806 3197 homiliam
1816 3135 1873 3195 tuoe

342 3221 513 3282 diversorum
533 3222 659 3281 manibus
685 3234 836 3282 tractatam
857 3222 953 3282 Esse'
944 3237 1035 3303 itaque
1054 3240 1192 3287 centonem
1212 3227 1351 3330 suspicor,
1373 3241 1404 3286 ut
1424 3226 1503 3301 dixi,
1527 3229 1621 3288 variis
1653 3251 1693 3289 ex
1715 3223 1872 3312 chrysostomi

342 3313 409 3375 locis
428 3313 615 3375 adornatum:
609 3328 707 3374 ·certe
726 3314 774 3374 illa
796 3315 1023 3418 quampluribus
1044 3316 1090 3377 hic
1109 3333 1281 3401 prosequitur
1292 3333 1456 3399 comparatio
1477 3319 1512 3378 de
1534 3319 1604 3379 Elia
1627 3337 1712 3403 rapto
1734 3344 1795 3381 cum
1810 3318 1870 3383 Chri·

342 3418 389 3478 stc
395 3386 424 3468 in
439 3406 534 3467 caelum
549 3404 719 3478 ascendente,
734 3406 827 3467 eadem
841 3407 951 3467 omnino
965 3421 992 3467 et
1014 3406 1110 3468 iisdem
1126 3431 1194 3513 pene
1208 3409 1300 3470 verbis
1318 3410 1418 3489 legitur
1427 3431 1510 3490 supra
1524 3410 1555 3468 in
1573 3413 1703 3492 genuino
1714 3406 1871 3494 chrysostom

340 3513 462 3561 ιιιιιιοιιι
474 3500 509 3559 de
522 3497 693 3576 Ascensione,
709 3499 829 3558 Tomoh
830 3521 881 3580 ,.p
895 3499 965 3560 455.
979 3501 1018 3560 Ut
1031 3514 1122 3560 autern
1136 3501 1224 3580 potius
1238 3515 1375 3561 centonem
1390 3522 1446 3560 esse
1459 3502 1569 3605 opiner,
1584 3525 1675 3582 quam
1703 3526 1795 3565 reram
1806 3502 1870 3579 Chry·

340 3592 451 3651 sostomi
464 3591 612 3664 homiliam,
625 3589 670 3649 hie
684 3590 760 3650 locus
771 3612 815 3650 me
828 3605 928 3669 movet,
945 3592 991 3670 qui
1005 3592 1041 3651 ita
1056 3592 1267 3673 praeccdcntibus
1279 3593 1408 3666 assuitur,
1421 3605 1452 3651 ut
1467 3615 1531 3652 cum
1542 3594 1579 3653 iis
1595 3616 1652 3655 non
1665 3592 1869 3656 cohaerorerida-

340 3695 386 3741 tur
397 3707 404 3740 ε
416 3697 497 3763 atque
509 3683 573 3742 item
594 3703 625 3741 ea
638 3703 699 3761 quae
713 3682 940 3763 comparationem
960 3683 1036 3743 illam
1057 3684 1269 3763 subsequuntur,
1296 3705 1351 3744 uon
1371 3684 1500 3747 videntur
1518 3707 1587 3745 curn
1603 3688 1869 3768 praeccdentfhusaptr

341 3777 400 3856 conj
405 3776 477 3854 ungi.
503 3776 612 3847 Quibus
626 3774 772 3855 perspectis
785 3775 921 3854 omnibus,
933 3774 1120 3857 Chrysostomi
1134 3776 1178 3852 sit,
1195 3797 1287 3854 necne,
1303 3797 1355 3835 non
1367 3775 1453 3836 ausim
1466 3777 1624 3857 affirmare,
1639 3780 1695 3839 etsi
1706 3780 1791 3860 magis
1801 3779 1868 3837 uot-

341 3866 422 3946 gaudi
436 3880 540 3948 partem
552 3865 741 3947 propendeam.

253 3954 255 3959 ’
381 3959 499 4018 Humilia
523 3959 599 4018 tertia
614 3980 670 4018 sese
692 3959 783 4039 prodit
805 3962 915 4023 alterius
937 3983 994 4023 csse
1007 3963 1156 4045 scriptoris,
1179 3984 1262 4044 quam
1286 3961 1488 4044 chrysostomi3
1507 3961 1624 4038 dicendi
1642 3986 1733 4046 genus
1745 3959 1868 4033 remim,

233 4096 238 4106 .
337 4049 429 4130 stylus
444 4071 459 4108 a
473 4048 581 4109 doctore
589 4063 679 4109 nostro
689 4049 810 4110 alienus
804 4054 904 4134 paulo
915 4068 976 4115 ante
985 4056 1068 4116 linem
1081 4069 1173 4115 contra
1188 4054 1358 4116 Nestorranos
1368 4076 1446 4136 agere
1455 4053 1580 4134 vrdetur,
1595 4071 1624 4117 et
1635 4071 1868 4137 qumsuonemurn

338 4140 431 4199 duas
423 4162 451 4200 ιιι
462 4139 573 4200 Christo
587 4155 697 4201 naturas
709 4144 768 4223 jam
780 4144 909 4223 agitatam
922 4147 1006 4209 fuisse
1018 4147 1120 4228 arguit.

379 4232 510 4314 Ejusdem
522 4232 615 4293 farinae
628 4248 668 4293 est
678 4248 773 4312 quarta
785 4235 898 4295 homilia
899 4238 993 4319 ,stylo
1003 4237 1106 4298 scilicet
1116 4263 1152 4320 χι
1137 4239 1220 4300 chalor
1205 4238 1338 4319 scripta,
1347 4237 1436 4318 inqua
1446 4256 1706 4304 commemorantur
1716 4256 1810 4325 septem
1817 4257 1868 4320 pr&

338 4326 424 4406 cipuae
447 4327 550 4387 Christi
574 4327 755 4402 solennitates,
767 4349 883 4406 quarum
896 4331 993 4390 ultima
1009 4332 1060 4392 erit
1072 4333 1179 4402 futurus
1192 4331 1334 4393 adventus.
1354 4331 1406 4390 Hic
1419 4332 1520 4392 clarius
1532 4334 1632 4414 agitur
1646 4350 1744 4396 contra
1758 4329 1868 4395 Nestoris·

337 4438 397 4494 nos,
408 4439 470 4478 cum
481 4417 584 4477 dicitur
592 4417 751 4478 dualitatem
762 4433 947 4482 naturaruma
962 4424 1094 4505 propheta
1107 4439 1198 4507 aperte
1211 4424 1366 4507 predicari,
1378 4438 1405 4484 et
1415 4424 1486 4484 infra
1500 4447 1568 4486 curn
1579 4428 1729 4489 hereticos
1737 4417 1867 4509 hujumodi

337 4464 460 4569 adoiitur
472 4509 518 4569 hic
530 4510 652 4589 quisquis
665 4512 701 4571 sit
715 4513 839 4593 scriptor.

378 4602 479 4676 Quinta
492 4601 635 4662 homilia'
627 4603 712 4684 inepti
723 4606 843 4666 Graeculi
857 4626 935 4682 opus,
947 4605 1080 4687 secunde,
1094 4621 1125 4668 ut
1142 4628 1223 4689 supra
1234 4606 1367 4687 diximus,
1379 4608 1569 4691 premittitur,
1585 4633 1653 4672 curn
1671 4611 1866 4695 illaqueonju

339 4692 413 4772 gitur
426 4694 499 4774 apud
514 4694 659 4756 Savilium.

379 4786 553 4858 Quatuor
512 4809 633 4867 priorum
640 4787 822 4870 interpretatio
830 4791 973 4853 Latinaest
980 4793 1096 4854 Gerardi
1108 4754 1209 4870 llossii,
1220 4813 1302 4872 quam
1313 4791 1424 4852 multis
1416 4813 1444 4851 ιιι
1451 4791 1748 4858 locisemendavimus.
1761 4793 1865 4870 Quium

340 4895 388 4938 nos
404 4878 500 4938 Latine
512 4879 701 4942 convertimus.

279 5059 283 5066 ·
373 5049 443 5114 [In
455 5048 508 5101 ind
501 5067 539 5101 ce
551 5048 662 5117 Operum
671 5067 746 5117 qua
738 5049 825 5103 nlroc
837 5054 1174 5110 tertro'l'omocontrncntur
1184 5053 1285 5109 rerba
1291 5056 1326 5108 In
1338 5055 1392 5111 So
1393 5055 1422 5108 it.
1437 5058 1648 5125 ιιοιικρσίιιιιιι
1633 5057 1768 5111 delenda
1778 5067 1863 5108 now

338 5142 428 5192 quer
403 5126 444 5179 hic
458 5126 562 5180 indicati
555 5129 719 5196 ιιιροιιιιιιιί
729 5143 798 5183 sunt
812 5131 898 5185 §asilii
912 5146 1024 5197 textuum,
1036 5135 1263 5190 Montfauconiano
1277 5133 1383 5188 fortasse
1395 5137 1619 5203 prestantiorem
1632 5136 1735 5206 obque
1751 5136 1862 5189 hamt

338 5203 410 5257 rendi
421 5205 500 5274 patris
511 5205 667 5261 Benedictini
677 5208 752 5264 serbo
759 5227 837 5279 ,namq
831 5228 848 5262 ι
859 5229 911 5266 non
922 5211 1022 5266 licebat.
1026 5216 1036 5280 ]
