3764 5992
636 441 670 488 ΙΝ
694 441 900 490 suraovtttrt.

650 907 778 968 clncs
798 906 909 968 DUAS

310 1159 589 1261 ssouunrss
614 1157 664 1231 nr
689 1156 970 1232 suasorium
996 1156 1218 1234 uomnras

545 1419 976 1548 MONITUM.

145 1762 169 1803 rs
179 1741 333 1804 eunuchus
354 1741 440 1823 gratia
450 1741 526 1823 apud
537 1743 730 1822 Imperatorem
742 1735 889 1798 Arcadium
907 1737 1057 1819 plurimum
1069 1738 1186 1812 valebat,
1194 1741 1307 1822 ejusque
1318 1742 1432 1804 oonsilio
1444 1758 1471 1806 et
1480 1766 1530 1806 aa·

145 1855 234 1914 arque
243 1834 365 1894 maxima
376 1833 487 1915 imperii
501 1834 606 1914 negotia
619 1833 789 1913 gerebantur.
803 1832 830 1890 la
838 1850 902 1890 cum
921 1830 1033 1893 Joannis
1043 1829 1230 1912 chrysostomi
1238 1833 1267 1893 in
1279 1832 1369 1895 sedem
1379 1837 1531 1897 Constanti·

145 1944 163 1985 a
176 1921 365 2007 promovendi
380 1936 474 1984 auctor
486 1923 590 1998 fuisset,
603 1922 679 1982 initio
690 1921 750 2002 ejus
760 1921 869 1983 monitis
881 1921 1041 2003 placitisque
1060 1921 1135 1983 haud
1146 1944 1216 2005 agre
1228 1944 1331 1986 morem
1348 1927 1466 2006 gerebat.
1478 1927 1533 1990 Sed

145 2016 276 2078 i.doctor
285 2016 319 2076 ob
329 2015 470 2078 avaritiam
481 2014 720 2092 ambitionemque,
728 2013 814 2074 amico
828 2013 888 2075 licet
897 2013 998 2084 animo,
1011 2014 1163 2093 frequenter
1177 2015 1344 2096 objurgaret,
1355 2018 1383 2077 in
1394 2018 1455 2100 ejus
1467 2034 1532 2080 tan-

145 2106 237 2169 'snem
250 2105 377 2166 incurrit.
392 2104 467 2165 inter
480 2105 533 2165 alia
547 2124 622 2178 rero,
635 2125 695 2182 quae
707 2117 803 2186 prater
820 2105 1005 2186 Chrysostomi
1016 2106 1160 2167 consilium
1173 2118 1200 2169 et
1225 2107 1390 2170 voluntatem
1408 2109 1533 2193 designa·

145 2220 194 2275 ns,
210 2199 302 2279 legem
316 2197 381 2259 ferri
394 2196 510 2274 curavit,
526 2209 556 2257 ut
565 2195 634 2278 asyli
643 2209 670 2257 et
682 2196 860 2257 immunitatis
869 2199 916 2279 jus
926 2196 1047 2259 ecclesiis
1062 2198 1216 2260 tolleretur.
1227 2202 1334 2263 Verum
1345 2200 1374 2261 id
1387 2203 1436 2263 ille
1448 2205 1475 2264 in
1489 2220 1579 2267 casso

145 2291 282 2353 erniciem
305 2290 415 2350 molitus
427 2302 466 2349 est
481 2309 488 2344 ε
501 2309 564 2348 cum
588 2290 661 2350 enim
683 2288 861 2349 (basulatum
876 2288 940 2349 anni
964 2287 1290 2370 undequadragentesimi,
1314 2293 1424 2353 Arcadii
1446 2310 1528 2371 nutu,

144 2403 165 2443 s
190 2396 276 2457 esset,
296 2382 487 2441 universorum
500 2380 528 2439 in
553 2401 582 2440 se
599 2380 694 2441 odium
711 2378 865 2442 concitavit.
881 2379 953 2439 Tam
974 2379 1147 2461 Tribigildas
1164 2381 1315 2459 Tribunus,
1329 2382 1400 2443 clam
1425 2386 1531 2448 faveme

144 2483 187 2533 eta
208 2471 330 2531 militum
341 2491 434 2546 manu,
445 2492 461 2530 a
474 2468 649 2530 formidoloso
658 2470 781 2552 principe
798 2469 960 2551 impetravit,
971 2483 1000 2532 ut
1012 2470 1099 2553 gradu
1110 2471 1270 2553 dejiceretur
1284 2475 1434 2558 Eutropius
1450 2498 1457 2533 a
1471 2479 1531 2557 qui,

144 2584 155 2623 t
178 2563 238 2645 ipsi
256 2561 412 2643 perfugium
427 2560 567 2637 residuum
582 2575 648 2636 erat,
661 2564 689 2622 in
705 2562 844 2624 eccledam
857 2583 885 2621 se
898 2561 1008 2645 recepit,
1026 2576 1052 2624 et
1064 2563 1182 2645 asylum,
1198 2565 1273 2644 quod
1287 2564 1334 2626 ille
1347 2565 1533 2648 abrogandum

144 2653 270 2737 supplex
280 2651 357 2713 adire
366 2666 473 2715 coaeum
485 2665 532 2712 est.
546 2654 625 2712 Unus
633 2667 691 2712 tum
705 2667 729 2713 et
743 2654 812 2736 asyli
822 2667 848 2714 et
869 2655 995 2736 Eutropii
1010 2655 1134 2716 defensor
1150 2656 1236 2718 adfuit
1256 2657 1476 2739 chrysostomus,
1486 2664 1534 2741 qui

144 2746 273 2807 militum
292 2744 405 2826 impetui
417 2758 443 2804 ct
454 2743 628 2825 imperatoris
642 2743 748 2804 decreto
761 2744 876 2821 obstitit,
890 2759 916 2807 et
926 2766 960 2805 ae
966 2747 1014 2827 jus
1026 2747 1144 2808 ecclesiae
1157 2748 1306 2809 violaretur
1315 2750 1412 2811 effecit.
1427 2755 1533 2815 Verum

144 2838 183 2900 ars
195 2823 307 2900 in'via
326 2837 522 2919 Chrysostomi.
537 2836 695 2916 insequente
707 2850 766 2918 post
781 2838 908 2919 Eutropii
927 2838 955 2898 in
969 2838 1109 2898 ecclesiam
1121 2853 1258 2922 receptum
1271 2840 1327 2914 die,
1339 2841 1410 2902 banc
1421 2841 1533 2926 elegan-

144 2929 297 2992 mttcionem
322 2927 419 2988 habuit
441 2929 650 3011 chrysostomus
665 2948 673 2984 a
702 2928 749 2988 ubi
763 2927 805 3008 ¹de
827 2929 902 2990 fluxa
929 2950 1019 2990 rerum
1042 2930 1221 2993 humanarum
1240 2931 1394 2994 conditione
1419 2935 1534 3000 mirifice

144 3022 288 3105 atropium
309 3022 470 3103 compellat,
487 3023 598 3104 exponit
621 3041 703 3102 quam
728 3021 878 3083 inconsulto
900 3023 1096 3083 immunitatem
1121 3024 1238 3085 ecclesiae
1255 3026 1358 3089 violare
1380 3034 1533 3106 tentaverit,

144 3113 312 3203 prioradire
322 3129 349 3176 et
360 3129 484 3198 expetere
496 3114 652 3195 compulsus
663 3115 697 3173 sit
715 3135 723 3171 a
739 3112 775 3174 ad
787 3115 846 3194 ejus
859 3126 946 3174 tamen
957 3113 1169 3176 misericordiam
1175 3116 1270 3199 populi
1283 3133 1383 3180 coetum
1398 3121 1436 3184 ita
1447 3130 1533 3202 παθη-
1636 3111 1644 3127 ’

144 3206 212 3285 alit,
224 3218 255 3266 ut
268 3204 528 3288 omniumlaarymas
534 3218 684 3265 excuteret.

151 3312 221 3383 post
240 3297 319 3358 iliam
332 3296 451 3358 habitam
469 3295 611 3357 homiliam
625 3295 729 3376 aliquot
745 3292 855 3371 diebus,
870 3295 1021 3377 Eutropius
1038 3308 1068 3356 ut
1082 3295 1253 3360 inimicorum
1272 3303 1402 3366 excubias
1416 3307 1531 3386 falleret,

143 3389 278 3472 ripen-et,
289 3387 325 3447 ab
347 3385 457 3447 eeclesia
470 3385 587 3468 aufugit.
596 3388 701 3447 Verum
716 3402 822 3470 captus,
836 3408 954 3466 moxque
967 3388 996 3447 in
1009 3390 1135 3470 cyprum
1146 3390 1288 3471 relegatus,
1298 3392 1532 3477 deindequehaud

143 3478 230 3563 lapso
248 3493 371 3559 tempore
384 3476 582 3540 chalcedonem
601 3475 746 3554 adductus,
763 3479 904 3540 damnatus
914 3473 1053 3562 capiteque
1070 3481 1168 3564 plexus
1180 3496 1230 3543 est.
1246 3486 1322 3547 Hauc
1333 3509 1415 3571 porro
1428 3505 1529 3574 tragoe.

143 3571 194 3633 'ita
212 3569 401 3652 chrysostomi
421 3567 457 3628 ad
469 3589 570 3628 annum
583 3571 644 3630 599
663 3568 791 3651 pluribus
808 3572 1027 3632 recensebimus:
1043 3592 1074 3633 ac
1088 3574 1174 3634 malta
1186 3594 1247 3654 quae
1258 3575 1294 3637 ad
1312 3578 1380 3640 hanc
1390 3580 1530 3646 historiam

143 3663 173 3725 el
197 3663 330 3724 hactenus
354 3661 471 3736 intacta,
494 3660 539 3722 vel
552 3660 674 3721 intricata
694 3659 856 3735 admodum,
871 3659 907 3720 ad
927 3681 1019 3722 veram
1044 3682 1250 3743 germanamque
1263 3686 1356 3726 rerum
1365 3669 1462 3731 seriem
1481 3693 1530 3734 nos

215 3776 302 3817 amns.

143 3776 320 3932 Kdaobus
336 3862 398 3931 post
410 3848 537 3931 Eutropii
556 3848 652 3928 fugam
660 3844 757 3906 diebus
777 3843 931 3905 concionem
940 3858 1094 3924 sequentem
1111 3844 1209 3907 babuit
1227 3846 1435 3930 chrysostomus
1448 3872 1457 3912 t
1479 3857 1528 3917 ubi

143 3970 146 4000 r
166 3939 318 4022 praemissis
334 3940 369 4000 de
394 3940 510 4002 utilitate
533 3941 654 4001 lectionis
678 3939 833 4000 divinarum
857 3935 1074 4018 scripturarum,
1094 3934 1227 3998 obsessam
1241 3941 1335 4020 paucis
1359 3957 1419 4005 ante
1431 3946 1529 4010 diebus

143 4033 222 4094 icisse
234 4046 335 4106 narrat,
350 4054 435 4112 neque
456 4047 546 4093 tamen
560 4031 689 4091 traditum
703 4028 820 4089 inimicis
830 4027 1011 4110 Eutropium,
1024 4028 1072 4106 qui
1085 4027 1109 4089 si
1128 4026 1267 4089 oeclesiam
1287 4051 1342 4092 non
1354 4033 1527 4117 deseruisset,

143 4148 240 4209 aquam
251 4126 355 4187 fuisset.
370 4125 487 4186 Fluxam
497 4126 596 4186 iterum
611 4123 790 4184 humanarum
799 4120 957 4180 facultatum
970 4119 1181 4200 divitiarumque
1193 4120 1374 4186 conditionem
1383 4127 1420 4187 ob
1433 4132 1527 4192 oeulos

143 4233 280 4299 stumque
294 4218 361 4280 dicit
374 4220 410 4279 ab
421 4220 549 4294 amicis,a
564 4217 753 4290 domesticis,a
771 4214 887 4274 fortunis
900 4213 1026 4274 omnihus
1035 4214 1210 4295 Eutropium.
1224 4217 1374 4297 Multisque
1383 4219 1482 4281 additis
1494 4223 1529 4284 de

142 4328 245 4388 noque
258 4306 416 4369 divitiarum
431 4329 493 4384 usu,
506 4307 594 4386 deque
616 4307 671 4367 vita
695 4303 829 4386 prasenti,
844 4323 925 4381 quam
948 4301 1191 4383 peregrinationem
1203 4326 1261 4365 csse
1282 4322 1481 4383 commonstrat,
1492 4310 1529 4372 ad

142 4398 220 4461 mdes
232 4400 340 4473 transit,
353 4399 463 4479 ejusque
472 4400 578 4479 nuptias
590 4419 652 4458 cum
665 4397 773 4458 christo
785 4394 911 4475 pluribus
926 4393 1109 4475 prosequitur,
1120 4394 1173 4454 hoc
1185 4396 1336 4475 frequenter
1350 4419 1415 4459 usus
1427 4401 1528 4462 Psalmi

143 4491 183 4552 mi
200 4496 289 4571 quarti
303 4490 447 4562 versiculo,
460 4489 586 4549 Adstitit
598 4493 701 4572 regina
711 4509 730 4547 a
742 4490 853 4547 dextra's
864 4489 922 4546 tur's
940 4489 972 4544 in
989 4487 1097 4545 uestitu
1107 4485 1258 4561 macerato,
1268 4502 1320 4548 etc.
1335 4490 1424 4571 Hujus
1437 4506 1528 4554 autem

142 4586 268 4646 censione
279 4582 431 4645 Saviliuset
445 4584 545 4642 Fronto
554 4584 669 4641 Ducaeus
677 4582 747 4641 hanc
756 4579 909 4639 concionem
920 4578 989 4637 inter
999 4576 1133 4637 Humilias
1146 4577 1234 4637 varias
1245 4578 1273 4638 in
1285 4579 1405 4642 Psalmos
1419 4583 1527 4646 locave-

142 4689 228 4737 nante
241 4676 334 4735 licetet
345 4675 459 4736 titaloet
471 4674 556 4756 priori
568 4673 685 4733 homiliae
695 4686 779 4754 parto,
793 4671 841 4730 ubi
852 4669 887 4730 de
896 4684 995 4751 captos
1006 4669 1139 4729 militibus
1147 4670 1281 4752 Eutropio
1289 4672 1414 4754 pluribus
1425 4677 1526 4757 agitur.

142 4768 201 4828 tac
213 4767 323 4826 homilia
334 4766 446 4826 ubinam
460 4764 628 4825 commodius
641 4763 754 4836 locetur,
767 4786 848 4843 qaam
862 4761 1009 4843 postillam
1022 4761 1081 4842 ipso
1102 4777 1233 4842 prasente
1245 4765 1378 4847 Eutrupio
1388 4766 1528 4831 habitam?

142 4857 224 4941 »pede
233 4859 366 4940 Eutropio
377 4857 496 4916 ecclesiae
503 4857 610 4937 asylum
622 4854 808 4935 etpraesidium
815 4854 976 4935 implorante
989 4854 1096 4933 agitur3
1111 4853 1139 4911 in
1153 4854 1204 4915 irae
1215 4877 1279 4915 vero
1292 4854 1327 4916 de
1337 4857 1429 4918 eodem
1439 4882 1527 4923 euna·

142 4951 262 5013 nnimrrm
268 4949 388 5011 ecclaiae
402 4949 509 5030 asylum
517 4961 594 5029 capto
601 4968 687 5007 sermo
694 4945 818 5005 habetur.
828 4943 992 5027 Hujusnrodi
1000 4958 1089 5004 autem
1097 4944 1222 5006 homilias
1228 4947 1388 5029 separandas
1400 4969 1452 5010 uon
1467 4975 1523 5014 csse

142 5043 211 5118 atio,
226 5054 283 5102 tum
296 5041 479 5114 eruditorum,
492 5061 561 5120 quos
573 5038 749 5111 consulimus,
760 5036 896 5118 judicium
910 5035 1049 5096 suadebat.

142 5134 195 5197 rin
216 5134 268 5196 lmc
289 5132 435 5218 posteriori
450 5131 563 5192 homilia
575 5131 783 5211 chrysostomus
796 5149 811 5186 a
826 5124 906 5186 solito
920 5123 1026 5184 dicendi
1046 5145 1140 5204 genere
1153 5144 1206 5185 nou
1224 5146 1322 5208 parum
1334 5126 1460 5194 deflectit.
1474 5136 1526 5198 Hic

141 5268 148 5297 ,
170 5243 221 5284 ceu
234 5236 328 5305 sponte
345 5221 475 5282 liuentem
492 5234 583 5280 sancto
595 5219 698 5280 doctori
720 5216 880 5278 familiarem
895 5214 1054 5295 elegantiam
1066 5235 1119 5275 non
1133 5213 1369 5297 deprehendimus.
1387 5223 1525 5288 Orationis
