3764 5992
562 467 597 514 ιι·
623 464 864 515 ιιιιιττιοιιιι
889 461 1061 515 unusssuu
1087 467 1150 515 unu
1176 466 1324 515 ruerus.
1667 449 1711 543 47

160 579 400 667 δεῖςέπεστύμιζε
422 587 774 672 τδνκατηγοροῦντα.Ἄλλ’
794 582 944 648 οὐδὲτοῦτο
997 603 1064 667 sent,
1085 588 1179 650 Simon
1200 590 1236 649 ab
1256 590 1305 652 illo
1317 590 1542 673 accepitettulit.
1556 592 1661 652 Rursus
1678 591 1713 654 de
1818 644 1821 649 ,

164 681 238 740 πολιν
259 679 394 740 ἐναντίον.
416 680 513 753 Διατί;
529 680 595 741 Ὅτι
614 681 661 740 καί
681 683 791 740 ἐνταῦθα
807 679 944 762 ἄμρύτερα
995 680 1147 741 latronibus
1159 702 1230 741 umus
1238 681 1348 762 quidam
1357 683 1396 742 ait
1404 682 1473 743 duos
1485 681 1577 764 ipsum
1586 681 1714 764 blasphe-

164 774 248 851 γέγονε
271 772 321 832 κτλ
346 772 425 855 παρὰ
453 772 502 852 μὲν
522 771 572 845 τὴν
592 771 680 854 ἀρχὴν
703 771 847 853 ἀμφότεροι
875 762 943 845 ἦσαν
997 793 1093 846 masse,
1109 772 1177 833 alter
1192 794 1359 846 verounum
1370 773 1650 856 oompescuisseillum
1664 777 1713 856 qui

165 870 187 925 οἰ
207 865 434 945 πονηρευόμενον·
456 863 525 944 ’μετὰ
543 864 571 926 δὲ
594 872 679 925 ταῦτα
698 865 816 943 σημείων
835 863 945 944 γενομέ-
996 866 1148 927 accusabat.
1156 865 1212 928 Sed
1221 887 1308 944 noque
1323 867 1374 926 hoo
1384 888 1479 927 rursus
1487 881 1526 927 ast
1537 867 1711 929 oontrarium.

165 981 212 1016 νων
233 957 282 1018 καί
312 963 364 1030 τῆς
393 963 445 1035 γῆς
471 959 660 1036 κλονουρίνης,
687 957 734 1017 καί
758 961 812 1016 τῶν
838 960 942 1039 πετρῶν
959 974 978 1022 n
997 956 1073 1030 Quid
1087 957 1296 1031 itai'Quoniam
1310 958 1474 1038 hicquoque
1487 959 1714 1039 utrumqueacci·

167 1050 340 1131 σγιζομίναπ,
358 1051 407 1110 καί
422 1050 499 1124 ἡλίου
513 1049 716 1132 κρυπτομένου,
736 1049 843 1130 θιίτερος
857 1050 942 1108 αὐτῶν
995 1046 1047 1117 dit,
1062 1061 1143 1126 atque
1156 1050 1233 1109 initio
1245 1048 1355 1128 quidem
1370 1063 1482 1129 uterque
1495 1051 1617 1132 improbe
1630 1072 1714 1133 sege·

167 1143 396 1222 μετιύλήθη,καί
405 1142 616 1226 σωρρονέστερος
626 1144 717 1224 γέγονε
727 1142 944 1218 ,καλτὸνέσταυ-
995 1139 1185 1220 rebatzpostea
1204 1162 1269 1203 vero
1290 1163 1355 1202 cum
1374 1144 1443 1201 sacta
1464 1156 1549 1202 assent
1569 1143 1713 1222 miracula,

169 1235 281 1315 ρωμένσν
296 1235 419 1314 ἐπέγνω,
432 1237 478 1295 καλ
493 1236 542 1308 τὴν
562 1235 699 1315 βασιλείαν
720 1234 876 1315 ὡμολόγησε
894 1233 943 1307 τὴν
996 1244 1065 1291 terra
1079 1245 1161 1304 mota,
1171 1247 1254 1313 petrae
1274 1234 1373 1312 scissas,
1386 1234 1461 1296 usot
1474 1235 1659 1314 absoonditttt,
1672 1237 1715 1297 al·

167 1327 272 1388 έιιένου.
285 1325 350 1386 Ἵνα
371 1327 426 1410 γὰρ
445 1327 483 1406 μὴ
498 1326 628 1406 νομίσῃς,
641 1327 684 1388 ὅτι
704 1327 807 1408 ἀνάγκη
828 1327 880 1386 τινί
899 1327 944 1388 καὶ
996 1336 1037 1381 ter
1053 1344 1147 1383 eorum
1160 1344 1305 1385 conversus
1325 1340 1351 1386 et
1364 1325 1510 1386 modestior
1524 1341 1564 1386 est
1577 1328 1674 1408 botua,
1689 1342 1715 1389 et

168 1418 209 1498 βία1
220 1419 293 1486 τινὸς
306 1419 412 1480 ἔνδοθεν
424 1421 553 1488 ὧθοῦντος
563 1420 642 1480 αὐτὸν
655 1424 732 1480 τοῦτο
744 1419 861 1499 γίνεται,
876 1420 944 1498 μηδὲ
997 1415 1160 1474 crucifixum
1185 1415 1307 1495 agnovit,
1321 1418 1432 1497 ejusque
1451 1438 1564 1498 reguum
1581 1419 1716 1480 confussus

168 1512 309 1590 διατορῇς,
330 1510 452 1572 δείκνυσί
471 1535 514 1572 σοι
523 1511 570 1571 καί
580 1515 607 1570 ἐν
621 1514 659 1591 τῷ
675 1515 781 1592 σταυρῷ
795 1512 843 1583 τὴν
860 1535 944 1584 πονη-
996 1521 1045 1570 eut.
1055 1510 1125 1567 Nam
1134 1530 1167 1568 ne
1178 1510 1248 1568 sorte
1255 1510 1423 1571 existimares
1433 1511 1588 1570 necesitate
1597 1510 1716 1589 quadam

168 1599 221 1680 ρίαν
246 1604 332 1660 αὐτοῦ
346 1602 388 1661 ἔτι
412 1605 589 1716 διατηροῦντρι
612 1601 661 1675 τλν
680 1601 855 1682 προτίραν,ἰ
851 1626 885 1661 να
908 1606 945 1662 εἰ·
993 1600 1068 1660 aovi
1082 1601 1225 1681 cujusdam
1238 1600 1311 1661 intus
1325 1622 1388 1661 eum
1401 1602 1563 1683 impellentis
1577 1601 1630 1661 hoc
1643 1601 1715 1679 fieri,

168 1695 197 1751 δ”
181 1717 224 1767 ς
245 1692 289 1751 δτι
314 1694 419 1753 οἴκοθεν
447 1693 493 1753 καί
510 1696 575 1774 παρ’
600 1696 692 1752 ἑαυτοῦ
716 1692 941 1772 μεταύαλόμενος,
998 1713 1064 1754 neve
1076 1691 1224 1771 dubitares
1235 1694 1357 1753 illumin
1371 1717 1449 1755 cruoe
1459 1694 1510 1755 trhr
1520 1694 1632 1755 exhubet
1643 1715 1717 1777 prro

169 1786 335 1858 καίτῇςτου
316 1789 423 1846 ”Θεοῦ
439 1786 549 1868 χάριτος
565 1784 736 1861 ἀπολαύσας,
752 1784 822 1846 ούτω
834 1785 944 1866 βελτίων
997 1784 1157 1850 τειιιαιίίιιιο
1177 1786 1379 1868 improbitatem
1399 1787 1566 1858 retinentem,
1585 1800 1616 1847 ut
1632 1807 1717 1867 agno-

169 1877 274 1954 ἐγίνετα
998 1900 1057 1939 scas
1068 1901 1132 1940 eum
1144 1893 1239 1961 sponte
1256 1894 1337 1959 atque
1354 1881 1471 1961 aseipso
1492 1894 1637 1952 mutatum,
1653 1880 1717 1940 Dei·

998 1993 1051 2050 que
1062 1971 1150 2053 gratia
1165 1971 1316 2033 donatum
1308 1987 1347 2032 uta
1359 1973 1499 2033 meliorem
1511 1973 1634 2034 evasisse.

204 2061 257 2120 Καὶ
270 2062 357 2145 ἔτερα
372 2061 462 2122 πολλὰ
470 2063 581 2123 τοιαῦταί
591 2063 661 2123 ἐστιν
677 2065 708 2122 ἐκ
721 2065 774 2123 τιῦν
787 2061 946 2143 εὐαγγελίων
1038 2066 1068 2125 ί.
1081 2064 1142 2125 Alia
1152 2086 1261 2146 quoque
1277 2067 1362 2126 multa
1375 2065 1509 2147 ejusmodi
1527 2087 1561 2125 ex
1572 2064 1719 2146 evangeliis

172 2154 358 2234 ἰνελίγεσθαι,
375 2154 474 2214 δδοκεῐ
484 2154 532 2234 μὲν
549 2153 726 2223 ἐναντιώσεως
736 2154 851 2235 ὑποψίαν
866 2152 947 2235 ἔχειν,
963 2167 982 2215 c
1000 2159 1127 2239 colligere
1139 2159 1212 2236 licet,
1222 2181 1283 2239 quae
1295 2158 1424 2220 videntur
1433 2160 1611 2241 suspicionem
1620 2158 1720 2219 habere

172 2249 211 2306 ιθκ
229 2247 289 2306 ἔστι
307 2246 339 2306 δέ
357 2246 529 2321 ἐναντίωσις,
544 2247 613 2307 ἀλλὰ
633 2245 679 2305 καί
704 2247 738 2307 τί
760 2246 835 2329 παρὰ
853 2247 947 2305 τούτου
999 2251 1184 2333 repugnantiae
1199 2252 1266 2313 :sed
1282 2251 1358 2313 nulla
1373 2266 1462 2313 tamon
1475 2265 1514 2311 est
1527 2250 1717 2334 repugnantia,

171 2340 208 2398 ιαί
220 2339 256 2399 τὰ
276 2343 345 2420 παρ’
368 2340 471 2400 ἐκείνου
486 2338 614 2420 εἰρημένα
634 2339 807 2420 Ιγεγένηται·
827 2342 851 2398 εἰ
865 2338 893 2399 δί
909 2338 946 2417 μὴ
1000 2343 1048 2402 sod
1065 2357 1091 2404 et
1104 2365 1167 2424 quar
1185 2346 1220 2405 ab
1235 2345 1301 2422 Ιιοο,
1315 2358 1340 2404 et
1356 2345 1468 2424 quarab
1488 2343 1536 2404 illo
1549 2343 1622 2404 diota
1641 2357 1717 2423 suut,

171 2432 233 2491 εατδι
250 2432 303 2504 τλν
330 2431 420 2504 αὐτὴν
444 2431 527 2511 ὤραν,
553 2431 600 2492 καί
621 2436 636 2491 θ
660 2432 708 2509 μίν
728 2430 894 2514 πρότερον,ὁ
920 2431 948 2490 δί
1001 2436 1286 2495 ενειιοτιιιιιιιιιιιοιιί
1309 2456 1363 2495 nou
1382 2435 1476 2495 eadem
1497 2435 1577 2514 hora,
1601 2447 1629 2494 et
1647 2454 1720 2494 nous

172 2523 326 2606 οἰδεύτερον
338 2524 465 2606 εἴρηκεν·
480 2526 593 2583 ἐνταῦθα
606 2522 634 2582 δέ
648 2523 720 2584 οὐδὲν
734 2523 849 2584 τοιοῦτόν
861 2527 948 2583 ἐστιν·
1001 2527 1122 2608 primum
1147 2527 1217 2586 illud
1240 2527 1323 2601 dixit,
1339 2526 1407 2586 altor
1425 2526 1497 2586 illud
1509 2524 1658 2586 secuudum
1672 2549 1678 2582 ι
1693 2539 1720 2585 at

171 2617 232 2678 ott
253 2618 290 2677 τὰ
314 2621 424 2688 πλῆθος
442 2621 496 2676 τῶν
521 2614 667 2698 εἰρημένων
689 2614 806 2694 σημείων
832 2614 949 2675 δείκνυσι
1001 2618 1125 2677 hoclooo
1140 2618 1210 2677 nihil
1233 2632 1273 2678 est
1286 2617 1350 2694 tale,
1366 2617 1412 2678 sod
1436 2627 1529 2677 uorum
1556 2614 1722 2678 indiciorum

171 2709 275 2778 ειλεοῐς
288 2715 420 2770 ὁπωσοῦν
444 2708 628 2792 προσέχωσιν,
651 2707 692 2767 ὅτι
715 2708 803 2789 ίτερος
827 2706 876 2785 μίν
896 2709 948 2766 αύ-
1002 2709 1159 2782 multitudo,
1171 2731 1231 2789 qua
1251 2723 1342 2769 notata
1363 2723 1437 2787 sunt,
1452 2710 1495 2785 iis,
1508 2709 1556 2790 qui
1575 2722 1722 2788 utcumque

171 2803 206 2870 εἰς
226 2795 271 2877 ἦν,
294 2802 392 2887 ἔτερος
421 2801 449 2863 δέ
474 2802 637 2869 ἐκεῖνος.ού
658 2800 742 2882 μικρὰ
767 2800 795 2860 δέ
818 2799 864 2858 καί
879 2798 947 2870 αύτη
1002 2802 1123 2862 ποίπνυον
1138 2802 1313 2880 adverterint,
1325 2801 1722 2864 ostenditalterumhuncfuis·

170 2895 257 2971 γίνοιτ’
271 2894 307 2953 ἂν
322 2892 464 2962 ἀπόδειξις
476 2893 542 2975 πρὸς
551 2893 583 2953 τὸ
596 2891 677 2961 δεῖξαι
691 2891 753 2960 τούς
764 2889 950 2972 εύαγγελιστᾶς
1001 2913 1040 2969 se,
1054 2907 1080 2954 et
1090 2895 1205 2954 alterum
1219 2894 1308 2957 illum.
1324 2897 1418 2973 Neque
1429 2916 1495 2954 vero
1514 2893 1658 2954 mediocris
1670 2894 1721 2954 ista

171 2991 376 3065 τυραννοῦντος
391 2984 534 3056 ἀλληλοις,
548 2983 594 3042 καὶ
608 3007 637 3042 ου
624 2982 828 3063 ’.μπςομένουτ
841 2979 930 3042 Ἂν
900 3004 949 3060 μεν
1001 2999 1157 3067 οιτεροιεει
1177 2983 1370 3047 demonstratio
1384 2984 1420 3044 ad
1433 2985 1606 3067 probandum
1633 3006 1721 3047 evau-
1848 3064 1851 3069 Ι

170 3078 213 3159 γίρ
226 3070 358 3159 αυτὸςῇ,
372 3076 463 3148 πολλὴ
481 3084 499 3150 ἡ
515 3077 605 3157 μάχη·
598 3076 648 3135 du
673 3075 811 3156 δέἐτερος
835 3080 948 3149 ἐκεῖνος,
1001 3077 1598 3181 gelistasinterseconsentireznonpugnare.
1605 3077 1636 3139 si
1649 3077 1721 3138 euim

172 3181 236 3232 πῦσε
247 3169 460 3251 ἀμφισύήτησις
475 3169 595 3229 λέλυται.
606 3158 733 3249 Φέρεουν
748 3168 830 3235 αθτδς
843 3167 891 3235 τδις
904 3169 946 3226 αἰ
964 3188 985 3236 n
1003 3167 1074 3228 idem
1090 3168 1125 3229 ait
1125 3188 1249 3249 ‚magua
1264 3188 1367 3249 pugna:
1376 3169 1418 3228 sin
1432 3169 1596 3230 autemalter
1610 3184 1651 3230 ast
1663 3170 1721 3248 ilie,

171 3263 370 3341 τίαςείπωμεν,
384 3264 421 3322 δι’
436 3262 521 3330 ἃς
491 3285 521 3322 αι
539 3285 625 3344 φαμεν
638 3265 730 3322 τοῦτον
749 3251 818 3321 εἶναι
840 3263 947 3320 ἐκεῖνον.
1001 3260 1110 3322 sublata
1131 3274 1171 3321 est
1190 3259 1279 3321 omnis
1297 3259 1441 3321 dubitatio.
1462 3261 1539 3341 Age
1532 3261 1616 3342 igitur
1628 3283 1721 3323 musas

172 3347 286 3422 Τίνες
253 3378 302 3414 σιν
324 3345 500 3414 εἰσιναύται·
493 3354 607 3433 ,Ὁρὲν
624 3355 651 3412 ἐν
665 3352 701 3414 Ιε
703 3351 857 3432 ροσολύμοις
871 3357 915 3432 θερ
917 3375 947 3410 α-
1002 3373 1074 3434 ipsas
1083 3373 1277 3434 proponamus,
1289 3352 1388 3432 quibus
1397 3352 1508 3413 adductr
1520 3353 1637 3415 dicimus
1645 3355 1721 3415 huno
1760 3404 1767 3419 .

172 3447 287 3520 παίεται,
303 3437 384 3513 οὗτος
404 3445 432 3505 δὲ
454 3449 482 3506 ἐν
498 3443 694 3527 Καπερναοθμ,
710 3444 755 3505 καί
778 3444 854 3523 ὁμὲν
873 3443 946 3524 παρὰ
1001 3443 1081 3503 iilum
1101 3464 1154 3503 non
1180 3465 1243 3504 esse.
1258 3444 1390 3516 Quaenam
1412 3444 1466 3504 ullae
1480 3467 1561 3526 porro
1575 3447 1657 3505 sunt⁹
1668 3445 1720 3505 tlte
1780 3463 1818 3523 Qu
1820 3465 1871 3509 int

173 3538 214 3608 τλν
232 3538 431 3620 εολυμύήθραν
453 3542 505 3598 τῶν
526 3537 640 3613 ύδίτων,
653 3528 728 3603 οὗτος
740 3535 768 3596 δέ
790 3539 816 3595 ἐν
836 3534 946 3616 οἰκίσκῳ
1000 3551 1111 3597 sanatur
1130 3537 1316 3618 ierosolymis,
1332 3537 1453 3599 hisvero
1473 3539 1501 3596 in
1515 3538 1716 3618 capharnaum,
1726 3525 1872 3632 ‘¹¹⁸¹f5u’·
1831 3588 1874 3632 1³-

173 3630 230 3688 τινί·
246 3630 304 3691 ἰδοὺ
320 3631 380 3691 ἀπὸ
395 3633 445 3690 τοῦ
466 3629 567 3691 τύπου·
586 3633 663 3690 udus·
641 3653 705 3696 ινος
731 3628 779 3707 μὲν
802 3629 862 3686 ἐν’
850 3630 945 3709 εορτῇ·
1000 3642 1026 3687 et
1039 3628 1085 3687 ulle
1097 3627 1230 3707 quidem
1218 3642 1298 3708 Juxta
1314 3650 1446 3709 piscinam
1457 3649 1598 3708 aquarum
1608 3643 1659 3690 rste
1670 3651 1719 3689 au
1705 3650 1825 3711 ηιιγιιιι.

175 3722 221 3782 ἰδού
242 3727 300 3785 ιἰπδ
321 3730 372 3784 τοῦ
396 3727 508 3804 καιροῦ·
529 3724 650 3791 κάκεῖνος
676 3721 723 3800 μέν
744 3719 887 3836 τριάκοντα
901 3718 947 3778 καί
1002 3720 1095 3780 tamin
1110 3717 1228 3799 quodam
1250 3720 1384 3797 cubiculo,
1397 3720 1719 3783 coceindiciumalooo·

173 3816 297 3890 διτὼέτη
318 3808 395 3896 εἶχεν
409 3814 636 3894 ἐνιηάσθενειιρ
650 3814 712 3897 περί
729 3813 820 3873 τούτου
835 3811 919 3872 δέοθδ
920 3811 946 3872 ὲν
1002 3826 1083 3891 atque
1100 3811 1147 3871 ille
1163 3811 1301 3890 quidem
1292 3811 1472 3891 ιιιιίιοίειιο,
1487 3834 1547 3874 ecce
1564 3815 1722 3896 ntemporis

172 3914 283 3969 τοιοῦτον
296 3914 313 3968 ὁ
328 3907 536 3987 εῦαγγιλιστής·
552 3906 607 3967 ἰδού
627 3906 672 3966 καί
695 3905 748 3965 ἀπὸ
769 3909 815 3965 τοῦ
835 3903 946 3986 χρόνου·
1003 3904 1155 3964 conditione
1164 3928 1171 3961 ι
1180 3918 1207 3964 et
1218 3904 1264 3963 illa
1278 3903 1389 3984 quidem
1401 3904 1511 3985 triginta
1525 3920 1552 3967 ot
1564 3919 1624 3967 ooto
1638 3928 1722 3968 annos

172 4005 286 4069 ειὶκεὶνος
303 3999 357 4078 μίν
382 3998 545 4080 ἐθεραπεύθη
561 4002 588 4059 ἐν
607 3998 752 4080 σαύύοίτιρ·
767 3996 821 4058 ἰδού
836 3998 882 4058 καὶ
895 3997 948 4057 ἀπὸ
1002 3997 1120 4056 habehat
1142 3996 1171 4055 in
1184 3995 1343 4056 infirmitate
1352 4016 1401 4056 sua
1407 4017 1417 4076 ρ
1432 3996 1467 4057 de
1479 3997 1531 4057 hoc
1549 4011 1640 4059 autem
1651 3999 1721 4058 nihil

171 4094 283 4175 ἡμέρας·
304 4096 331 4152 εἰ
350 4092 407 4173 γὰρ
428 4095 456 4152 ἐν
470 4090 597 4171 σαύύύτῳ
616 4090 776 4170 ἐθεραπεύθη
792 4090 837 4149 καλ
859 4080 946 4163 ούτος,
1003 4090 1057 4150 talo
1065 4089 1229 4169 evangelista
1245 4101 1347 4167 narrat,
1365 4110 1425 4149 ecce
1445 4103 1595 4172 atemporo
1608 4114 1615 4148 ι
1628 4104 1656 4151 οι
1674 4090 1721 4152 iile

172 4187 222 4244 οἶδ’
245 4187 278 4245 ἂν
304 4190 390 4244 τοῦτο
410 4181 616 4264 παρεσιίιπησεν
638 4186 653 4241 θ
675 4184 825 4255 Ματθαῐος,
839 4183 893 4242 οὐδ’
917 4182 948 4240 διν
1004 4181 1115 4260 quidem
1134 4181 1162 4239 in
1183 4179 1294 4240 sabbato
1315 4195 1423 4240 sanatus
1436 4194 1490 4258 est,
1510 4203 1570 4242 ecce
1589 4182 1664 4242 adio
1679 4183 1722 4242 :si

174 4276 307 4358 ἡαίγασαν
334 4281 361 4338 oi
386 4274 515 4358 παρόντες
527 4274 666 4334 Ἰωδαῖοι·
687 4278 711 4336 ot
736 4273 788 4354 γδιρ
803 4274 849 4333 καί
868 4273 906 4353 μὴ
921 4278 948 4335 ἐν
965 4298 985 4345 Ε
1003 4274 1077 4335 euim
1090 4274 1118 4332 in
1130 4273 1243 4332 sabbato
1254 4271 1347 4331 suisset
1360 4272 1405 4331 hic
1416 4293 1523 4351 quoque
1540 4286 1659 4356 sanatus,
1670 4295 1718 4334 ne·

175 4371 299 4451 τούδίτῳ
315 4367 524 4450 θεραπευθέντος
537 4370 616 4427 αὐτοῦ
631 4366 836 4449 δυσχεράναντες
846 4368 880 4425 δι’
898 4367 948 4426 δίλ-
1003 4363 1092 4446 quaid
1101 4362 1387 4439 nonsummum,
1395 4385 1481 4442 noque
1490 4364 1643 4442 Judaei.qui
1653 4363 1721 4424 ade·
1814 4444 1818 4449 .

175 4464 221 4534 λην
241 4463 343 4537 αἰτίαν,
360 4460 455 4540 πολλῷ
469 4461 568 4538 μᾶλλον
582 4460 606 4517 εί
618 4457 722 4530 καλτὴν
737 4457 844 4519 ἀπὸτοῦ
857 4465 950 4538 καιροῦ
1004 4471 1073 4533 rant,
1089 4454 1328 4535 quievissentzqui
1338 4454 1410 4513 enim
1423 4457 1505 4514 etiarn
1525 4470 1583 4515 tum
1599 4477 1662 4515 cum
1674 4457 1721 4516 ille

175 4555 257 4629 λείην
272 4554 367 4634 ἔσχον,
380 4555 429 4613 οὐκ
442 4552 474 4611 ἂν
492 4549 630 4631 ἐφείσαντο
642 4554 696 4610 τῶν
711 4551 884 4631 ἐγκλημάτων
896 4554 949 4610 τῶν
1005 4550 1033 4610 in
1047 4548 1159 4609 sabbato
1172 4560 1280 4607 sanatus
1294 4566 1347 4605 non
1363 4559 1413 4624 ost,
1423 4547 1506 4606 aliam
1517 4548 1552 4607 ob
1566 4547 1722 4609 causamin-

174 4649 304 4707 κιτδτοῦ
329 4649 458 4725 Χριστοῦ.
475 4635 615 4710 Καίούτος
632 4644 759 4725 ρίνπρθς
777 4644 822 4705 τὸν
835 4643 949 4726 Χριστὸν
1004 4640 1108 4722 dignati
1123 4652 1196 4714 sunt,
1202 4638 1287 4698 multo
1298 4637 1385 4718 magis
1394 4638 1571 4718 siatemporo
1583 4638 1722 4701 dataesset

176 4740 296 4822 ρέρεσαι·
311 4740 380 4820 πρὸς
393 4742 491 4798 ἐκεῖνον
508 4737 537 4798 δέ
557 4736 858 4818 αθτδςθΧριστὸςπαρ
859 4734 950 4816 αγίνε-
1005 4755 1070 4795 ansa
1094 4731 1322 4813 reprehendendi,
1341 4751 1512 4810 nequaquam
1533 4733 1700 4813 jactandis'
1692 4753 1720 4794 ιιι

176 4858 233 4909 ται,
244 4832 366 4914 κάκείνῳ
385 4830 435 4911 μίν
450 4829 538 4898 οἰνδείς
560 4830 697 4910 ἅνθρωπος
710 4821 771 4902 iud
797 4829 880 4910 βοηθή
882 4852 950 4889 σων·
1006 4827 1143 4886 Christum
1163 4822 1396 4883 criminationibus
1417 4823 1607 4904 pepercissent.
1633 4828 1722 4906 Atque

178 4927 257 5007 Κύριε
268 4924 340 5006 γὰρ,
354 4947 446 5005 φησιν,
460 4923 639 5005 ἄνθρωπον’
614 4945 662 4981 osu
675 4921 742 5002 ἔχω·
735 4913 831 4991 οὗτος
844 4921 871 4983 δὲ
882 4925 952 4984 πολ
1005 4916 1169 4997 hrcquudem
1177 4915 1211 4975 ad
1219 4914 1359 4974 Christum
1369 4913 1496 4992 defertur,
1504 4915 1537 4974 ad
1546 4915 1624 4976 ullum
1632 4932 1722 4979 autem

180 5010 392 5099 ἰὼςςίγσςὼς
408 5015 612 5098 προσήκοντας,
625 5015 651 5075 οἰ
669 5016 715 5075 καί
713 5016 832 5165 ὸδιδιτοιι
815 5016 954 5097 στέγαις
1007 5010 1132 5071 Christus
1156 5006 1269 5079 accedit,
1285 5020 1312 5067 et
1333 5006 1374 5065 illi
1397 5006 1488 5067 nullus
1501 5021 1558 5068 erat
1571 5009 1653 5071 homo
1674 5011 1722 5091 qui

186 5108 259 5167 αιτδν
282 5107 428 5187 ἐγέλασαν.
448 5104 637 5168 Κέκείνου
607 5128 712 5186 paup
675 5104 728 5165 πί
741 5110 797 5179 ‘fit
817 5107 978 5194 ίθχῆι
924 5106 955 5166 τδ
979 5103 1145 5196 suppetias
1158 5101 1256 5160 serrat:
1250 5100 1397 5158 momine
1416 5097 1499 5171 enim,
1511 5100 1609 5181 inquit,
1625 5106 1721 5165 ίιοιιιί-
1731 5113 1791 5160 toan
1795 5111 1870 5171 ,ιη

188 5203 262 5276 σῶμα
275 5199 425 5280 δαίρθινσε
441 5197 574 5281 πρότερον
594 5196 646 5277 γδιρ
667 5200 746 5258 αὐτοῦ
767 5198 816 5272 τλν
837 5197 956 5277 παρίλυ·
967 5157 1075 5258 inem
1090 5213 1150 5252 non
1165 5193 1279 5253 tabeo
1292 5190 1415 5252 istevero
1429 5193 1528 5256 multos
1536 5193 1653 5256 habebnt
1662 5217 1723 5278 pro·

218 5356 514 5428 ⁸[iaegentittmtidetur
533 5361 665 5426 γεγένηται,
674 5363 716 5411 eta
718 5364 810 5424 αἰμηκ
813 5363 945 5424 ...ηταῶ
956 5359 1071 5421 ιιιίθμίν
1080 5352 1171 5438 τὸπρ]
