3764 5992
540 468 585 516 DE
612 469 781 519 ruorucrtt
808 468 1006 518 nvaucuutt.

1469 443 1532 515 561

144 616 158 651 ι·
167 592 261 655 auu
280 592 312 653 τδ
327 591 407 671 μέσον
421 591 513 652 τοέτου
525 592 657 655 κάκείνου.
669 595 710 655 Τὸ
725 592 772 673 μέν
789 600 809 646 Ι)
823 591 960 654 differtab
968 592 1025 654 illo.
1032 590 1245 669 Etenimdioete,
1256 591 1446 667 annuntietur,
1452 591 1537 673 legem

144 690 181 757 tit,
201 681 419 763 εαταγγελλίσθω
429 726 439 760 ,
465 685 664 762 νομοθετοῦντός
698 688 772 745 ἐστι·

144 783 199 850 πιέν,
220 772 454 854 Καταγγίλλεται,
469 775 500 834 εδ
522 775 667 854 συμθαῖνον
687 779 742 837 άπα
761 812 772 821 -

144 866 221 932 ;.’οπι
242 866 272 927 di
285 868 315 927 οὗ
334 872 468 945 νομοθετεῖ
483 868 590 935 Παῦλος
606 868 720 948 αίρίσεις
736 803 773 929 εί-

823 682 914 744 dantis
927 698 981 763 est;
1001 683 1211 746 Annuntiotur
1223 684 1292 744 vero
1303 683 1407 759 dicere,
1419 682 1449 743 id
1465 684 1539 762 quod

824 775 955 856 contingit
967 774 1100 835 narrantis
1114 789 1163 835 est.
1181 774 1263 850 Quod
1284 796 1350 835 vero
1373 775 1474 834 Paulus
1486 797 1539 837 uon

824 867 911 948 legem
923 868 991 927 serat
1008 879 1037 926 ut
1048 867 1103 927 sint
1119 866 1241 943 hermes,
1255 864 1303 927 sed
1317 865 1435 926 abducat
1448 887 1540 926 omnes

144 958 271 1039 ίάπάγει
287 959 390 1025 πάντας
410 956 471 1026 τοὺς
484 962 556 1040 αὐτῷ
579 961 771 1041 προσέχοντας,
823 959 872 1038 qui
887 958 937 1040 ipsi
952 957 1129 1034 attenderent,
1142 958 1207 1018 audi
1221 957 1288 1038 quid
1308 959 1463 1020 dixeritzSi
1474 963 1539 1042 quis
1552 970 1608 1014 cat.
1625 965 1678 1013 et.

144 1051 156 1109 i
163 1075 255 1133 φησιν·
277 1051 315 1112 Ei
332 1076 372 1119 τις
383 1055 452 1131 ὑμᾶς
470 1053 667 1132 εὐαγγελίζεται
680 1056 745 1133 παρ’
758 1053 773 1112 δ

144 1164 180 1217 τε,
201 1141 322 1220 ἀνάθεμα
347 1141 425 1212 toro,
450 1141 500 1202 κᾶν
515 1143 582 1223 ἐγὼ,
601 1143 650 1202 κᾶν
664 1143 773 1224 ἅγγελος

144 1256 169 1293 ο.
181 1234 240 1293 ota
259 1231 292 1292 im
306 1233 334 1293 δὲ
356 1232 527 1310 άνιίεμείεεσε
550 1235 596 1296 καὶ
618 1236 709 1296 ἑαυτὸν
723 1237 772 1296 καί

145 1324 214 1385 sith
231 1334 347 1405 πρᾶγμα
359 1325 494 1385 ἀκίνδυνον
514 1326 584 1403 ᾔδει.
607 1329 660 1387 Καὶ
681 1328 772 1400 πάλιν,

144 1439 151 1474 ι
170 1419 240 1495 bui(
254 1419 326 1478 Θεοῦ
339 1416 424 1498 ζήλῳ,
441 1418 533 1498 φησίν·
548 1420 709 1499 ἡρμοσάμην
721 1420 772 1501 γάρ

144 1507 342 1590 νθρίπαρθάνον
356 1507 449 1588 ἁγνήν.
474 1509 617 1589 Φοὸοθμαι
631 1509 773 1590 diptiacum

147 1596 222 1661 Etis
234 1599 373 1672 ἠπάτησεν
397 1603 423 1660 έν
444 1606 478 1681 τῇ
503 1603 652 1685 πανουργία
672 1606 771 1679 αὐτοῦ,

825 1053 910 1110 uobis
925 1051 1110 1131 evangelizat
1119 1062 1226 1130 proeter
1240 1051 1273 1109 id
1284 1051 1364 1130 quod
1376 1052 1538 1131 accepistis,
1550 1047 1575 1092 9·

825 1144 985 1202 anathemo
993 1146 1043 1215 sit,
1057 1145 1113 1201 etsi
1123 1161 1186 1222 ego,
1202 1145 1257 1201 etsi
1267 1141 1390 1223 angelus
1404 1144 1441 1201 de
1452 1142 1541 1201 calb.

824 1234 886 1293 Non
900 1246 990 1293 autem
1009 1246 1036 1292 et
1049 1254 1078 1291 se
1092 1246 1119 1291 et
1141 1231 1265 1312 angelum
1280 1231 1541 1308 anathematizasset,

825 1325 917 1385 sirem
935 1325 993 1384 sine
1004 1324 1126 1405 periculo
1138 1322 1342 1401 esseseivisset.
1357 1328 1396 1383 Ae
1409 1345 1518 1384 rursum
1532 1348 1539 1386 ι

827 1417 962 1476 AEmuior
990 1419 1069 1474 enim
1093 1435 1148 1474 uos
1173 1415 1232 1475 Dei
1262 1415 1449 1475 <emulatione
1464 1439 1473 1472 .·
1491 1418 1576 1475 εἰσ-2·

1588 1417 1644 1462 Cor.
1659 1423 1691 1460 rt.

825 1511 932 1590 spondi
952 1511 1030 1567 enim
1042 1527 1097 1567 uos
1112 1511 1165 1566 uni
1177 1511 1244 1566 uiro
1260 1511 1405 1588 uirginem
1418 1523 1541 1568 castam.
1554 1494 1576 1525 ²‘
1589 1478 1612 1524 3.

830 1603 930 1660 Timeo
940 1613 1037 1659 autem
1058 1621 1095 1658 ae
1104 1601 1180 1658 sicut
1194 1619 1312 1679 serpeus
1325 1600 1421 1658 Euam
1433 1600 1543 1680 decepit
1556 1607 1612 1649 Ga·-
1624 1600 1679 1660 bi·

825 1695 937 1752 astutia
948 1712 1014 1765 sua,
1030 1694 1072 1751 sic
1091 1704 1318 1770 corrumpantur
1335 1711 1437 1750 sensus
1451 1695 1543 1751 uestri

162 1782 288 1865 Χριστόν.
300 1781 369 1842 ’tuot
390 1783 586 1858 καὶάπλάτητα
596 1785 707 1861 τέθεικε,
727 1785 772 1845 καί
789 1799 806 1846 Ε
826 1807 847 1843 νε
859 1785 1050 1865 simplicitate
1068 1803 1133 1862 quoe
1156 1794 1200 1841 est
1224 1786 1256 1841 in
1279 1784 1403 1842 Christo.
1430 1781 1500 1842 Eece
1519 1796 1546 1842 et

144 1877 213 1934 ruia
231 1874 340 1934 ἔδωκεν.
361 1877 392 1935 Ei
402 1873 454 1956 γάρ
466 1866 499 1948 ἦν
512 1876 670 1957 συγγνώμη,
685 1877 771 1937 κίνδυ-

144 1990 167 2019 ι·
180 1969 204 2026 εί
226 1966 255 2028 δέ
278 1966 396 2034 κίνδυνος
417 1969 465 2027 οὐκ
485 1958 528 2040 ἦν,
546 1972 593 2029 σιἰκ
608 1969 639 2027 ἂν
654 1971 770 2050 &pedride

144 2057 205 2118 ιειαί
219 2059 270 2139 οὐχ
282 2063 296 2118 θ
310 2057 424 2140 Χριστὸς
438 2057 466 2117 di
480 2058 514 2118 τθ
532 2060 633 2129 ζιζάνια
648 2062 696 2120 κᾶν
710 2062 770 2123 ixi-

144 2153 286 2224 σαπῆναι,
312 2153 337 2208 εί
364 2160 475 2231 πρᾶγμα
499 2150 640 2232 άδιάρορον
670 2145 702 2226 ἦν
727 2153 772 2213 καὶ

144 2239 257 2322 iuriam,
272 2241 318 2300 καὶ
338 2241 420 2323 ἑτέρῳ
441 2240 599 2323 προσέχειν,
624 2243 670 2303 καί
691 2255 772 2304 πᾶσιν

144 2427 152 2449 ’
172 2415 219 2485 oda
239 2429 297 2485 ἐστι
323 2424 354 2484 τὸ
373 2422 530 2503 λεγάμενον;
553 2425 655 2508 Μικρὸν
674 2425 773 2486 άνωθεν

151 2516 270 2597 ίσπορίαν
294 2514 402 2576 άπασαν
423 2515 602 2596 διηγήσασθαι
623 2517 771 2595 βούλομαι·

144 2607 225 2669 ίθίνσι
238 2611 265 2666 έν
281 2605 350 2668 τίσιν
375 2610 389 2666 θ
410 2607 517 2674 Παῦλος
531 2599 575 2680 ἦν,
590 2608 669 2679 ἡνίκα
691 2614 773 2667 ταῦτα

827 1875 1026 1957 simplicitatem
1039 1872 1141 1954 posuit,
1151 1885 1178 1932 et
1191 1871 1296 1932 veniam
1308 1895 1361 1933 non
1376 1873 1461 1933 dedit.
1474 1874 1545 1935 Nam

826 1969 849 2025 si
869 1966 949 2027 uenia
965 1978 1042 2042 esset,
1056 1978 1126 2024 certe
1139 1963 1290 2045 periculum
1301 1986 1354 2024 non
1369 1979 1440 2043 οισι,
1455 1965 1477 2024 si
1497 1987 1546 2047 pe-

826 2058 942 2118 riculum
956 2079 1009 2118 non
1023 2072 1089 2136 erat,
1105 2077 1158 2115 non
1168 2055 1262 2134 utique
1280 2057 1413 2117 timuisset
1424 2058 1543 2135 Paulus3

826 2171 912 2228 neque
926 2150 1050 2210 Christus
1070 2150 1168 2211 zizania
1184 2152 1306 2212 comburi
1318 2150 1450 2229 jussisset,
1467 2149 1490 2209 si
1504 2171 1546 2209 res

826 2242 986 2302 indifferens
1009 2258 1067 2303 erat
1089 2242 1170 2322 huie,
1197 2244 1239 2306 illi
1263 2244 1307 2306 vel
1326 2243 1373 2303 alii
1397 2242 1543 2315 attendere,

827 2334 1005 2413 omnibusque
1024 2335 1191 2416 simpliciter.

867 2428 895 2487 ί.
918 2425 994 2499 Quid
1017 2426 1069 2486 sibi
1090 2428 1151 2487 vult
1171 2426 1240 2486 illud
1264 2425 1338 2505 quod
1356 2426 1459 2486 dictum
1482 2426 1545 2487 est?

827 2519 912 2577 Paulo
933 2518 1016 2578 altius
1035 2518 1114 2579 robis
1136 2532 1220 2578 totam
1246 2518 1387 2578 historiam
1410 2534 1543 2600 repetam:

827 2608 967 2669 sciendum
986 2609 1089 2691 qnippe
1108 2623 1148 2669 est
1158 2632 1212 2689 quo
1226 2610 1255 2669 in
1273 2623 1342 2670 statu
1364 2610 1464 2669 Paulus
1478 2625 1546 2671 esset

144 2722 165 2759 ν.
181 2698 230 2759 Ἐν
252 2698 307 2758 τίσι
323 2699 409 2757 τοίνυν
425 2690 457 2772 ἦν
472 2699 547 2772 τότε,
563 2699 609 2759 Ἐν
631 2700 770 2777 deoperta·
780 2738 817 2776 ω,
828 2723 890 2760 eum
902 2701 960 2761 haee
971 2701 1109 2762 scriberet.
1123 2702 1185 2773 Quo
1197 2701 1224 2760 iu
1239 2715 1310 2761 statu
1325 2701 1410 2781 igitur
1422 2702 1501 2760 erat?
1513 2703 1545 2760 in

144 2790 230 2851 tieret
243 2790 290 2850 καὶ
302 2790 430 2858 κινδύνοις
439 2790 587 2872 άρορήτοις.
600 2790 685 2851 Πόθεν
696 2799 773 2852 τοῦτο
790 2794 810 2839 Λ
828 2814 944 2868 earcere,
969 2807 994 2852 et
1024 2793 1142 2868 eatems,
1168 2793 1376 2873 ingentibusque
1405 2792 1543 2873 periculis.

144 2883 239 2954 {mir-'ir
252 2886 301 2954 τῆς
311 2884 462 2954 ἐπιστολῆς.
472 2880 606 2963 Ἀνωτέρω
616 2881 669 2964 γὰρ
680 2880 771 2942 τούτου
827 2884 970 2945 Undeuam
990 2885 1018 2943 id
1032 2884 1136 2964 liquet?
1149 2884 1193 2944 Ex
1213 2907 1243 2945 ea
1267 2885 1325 2966 ipsa
1342 2882 1453 2965 epistola
1464 2909 1470 2942 :
1481 2906 1545 2945 nam

144 2972 230 3035 ίιεοεειν
244 2973 273 3035 di
286 2979 355 3052 ὑμᾶς
370 2973 519 3053 βούλομαι,
539 2974 665 3054 diripui,
684 2974 724 3033 ὅτι
738 2975 772 3033 τδι
826 2989 903 3034 autea
917 2974 1040 3034 dixerat:
1054 2976 1133 3036 Scire
1144 2989 1242 3036 autem
1261 2977 1409 3048 aureolo,
1419 2977 1542 3058 fratres,
1559 2984 1651 3044 etaim·
1675 2998 1695 3030 ¹·

1588 3061 1639 3093 .-Ι
1662 3077 1668 3091 ν

144 3066 243 3145 μᾶλλον
265 3069 302 3131 εἰς
322 3065 460 3145 προκοπὴν
480 3073 526 3126 τοῦ
540 3065 693 3146 εὐαγγελίου
724 3066 741 3140 i
757 3101 770 3110 ·
828 3069 907 3147 quod
918 3089 963 3141 eo,
976 3088 1041 3146 quoe
1056 3071 1137 3127 circo
1157 3082 1293 3140 ruerunt,
1319 3072 1413 3148 magis
1427 3071 1469 3129 uei
1477 3090 1544 3151 pro·
1559 3057 1585 3092 ¹²

144 3180 174 3217 τε
195 3157 255 3223 τὼς
278 3157 391 3235 δεσμούς
414 3182 464 3236 μου
479 3156 605 3239 φανεροὺς
624 3162 650 3217 έν
666 3160 773 3239 Χριστῷ
823 3161 937 3238 sectum
965 3173 1111 3219 uenerunt
1130 3161 1275 3240 evarcgelii
1283 3184 1296 3230 ,·
1311 3164 1354 3219 ito
1374 3173 1406 3219 ut
1421 3163 1546 3221 uinculo

144 3250 166 3309 b
191 3248 247 3329 ὓιῳ
269 3252 307 3328 τῷ
333 3247 506 3331 πραιτωρίῳ,
530 3250 576 3308 καί
597 3259 650 3316 τοῖς
672 3252 773 3316 λοιποῖς

144 3338 226 3408 itui<
239 3340 363 3409 πλείονας
375 3339 402 3398 δὲ
415 3345 467 3399 τῶν
482 3342 600 3421 άδελρῶν
616 3341 773 3409 πεποιθότας

144 3440 180 3499 οἱς
205 3454 257 3508 μου
276 3431 471 3512 περισσοτέρως
495 3437 595 3512 τολμᾷν
612 3431 715 3512 siquidm<
728 3434 772 3492 rhu

144 3530 190 3583 ιῑν.
208 3523 300 3604 Νέρων
316 3523 345 3583 δὲ
367 3515 400 3596 ἦν
420 3525 496 3583 αὐτὸν
519 3523 692 3601 ἐμίῖείῖληκὼς
712 3524 773 3583 τότε

144 3614 240 3697 αηρίῳ.
256 3615 384 3697 Καθάπερ
400 3615 451 3696 γάρ
465 3639 504 3681 τις
520 3615 620 3692 λῃστὴς
634 3620 681 3686 τῆς
691 3617 775 3682 οἰκίας

144 3705 311 3766 ametistus
334 3707 470 3780 ἁπάντων,
492 3708 525 3766 rh
545 3707 632 3766 πάντα
652 3708 776 3789 θραιροιί-

144 3795 218 3857 utin
231 3798 275 3877 ίδῃ
288 3798 349 3858 τινὰ
367 3796 464 3878 λύχνον
484 3798 605 3879 diruere,
619 3799 708 3859 καὶτὸ
722 3805 776 3880 φῶς

828 3269 894 3308 meo
921 3252 1081 3331 manifesto
1104 3251 1211 3330 fierent
1234 3254 1266 3309 iu
1293 3253 1410 3312 Christo
1433 3257 1465 3311 in
1484 3266 1545 3312 toto

826 3346 964 3420 proetorio
977 3355 1006 3400 et
1015 3346 1127 3402 caeteris
1142 3346 1275 3401 omnibus
1280 3366 1292 3412 ,·
1306 3355 1333 3402 et
1344 3344 1444 3423 plures
1457 3367 1473 3404 e
1481 3348 1544 3426 sra-

829 3436 921 3493 tribus
941 3437 973 3491 in
988 3437 1117 3492 Domino
1131 3435 1309 3515 confidentes
1323 3437 1452 3496 uinculis
1463 3442 1544 3511 meis,

829 3527 1031 3585 abuudantius
1050 3527 1192 3586 auderent
1214 3531 1277 3584 sine
1300 3531 1403 3586 timore
1422 3533 1544 3590 uerbum

831 3621 889 3676 Dei
912 3619 1002 3698 loqui.
1026 3619 1096 3677 Nero
1116 3629 1182 3687 erat,
1195 3617 1243 3695 qui
1259 3617 1337 3677 illum
1363 3619 1391 3678 in
1413 3641 1544 3681 carcerem

829 3712 984 3790 conjecerat.
998 3708 1233 3784 Quemadmodum
1245 3710 1315 3769 euim
1329 3712 1421 3793 prado
1435 3713 1545 3793 quidam

831 3801 934 3861 cunctis
956 3799 1151 3859 dormientibus
1170 3800 1282 3860 domum
1306 3803 1456 3883 ingressus,
1478 3806 1546 3866 duur

148 3888 252 3949 miris
259 3892 405 3971 λυχνοῦχον
423 3890 591 3972 άναιρεῖ,ίνα
605 3890 672 3969 μετά
687 3893 776 3960 ἀδείας
794 3909 811 3954 Β
831 3892 920 3952 omnia
936 3891 1048 3972 abripit,
1063 3891 1087 3950 si
1101 3912 1181 3970 quem
1191 3890 1281 3952 videat
1302 3893 1439 3955 lucernam
1451 3919 1546 3957 acoen-

145 3984 201 4041 rir'm
221 3981 309 4040 ἄλλων
325 3987 492 4063 ὑφαιρεῖσθαι
512 3983 557 4041 καί
569 3983 695 4064 ἁρπάζειν
710 3984 774 4064 iiii·

144 4072 174 4133 αλ
186 4072 279 4155 Νέρων
292 4078 306 4133 θ
318 4077 423 4155 Καῖσαρ
436 4074 512 4149 τότε,
524 4073 614 4155 ὥσπερ
625 4099 664 4142 τις
676 4077 776 4155 λῃστὴς

144 4162 248 4247 setiger,
267 4166 446 4235 καθευδόντων
472 4166 595 4225 ἁπάντων
618 4168 697 4247 βαθύν
715 4192 775 4226 τινα

144 4262 221 4329 θητον
237 4255 327 4330 ὕπνον,
349 4255 383 4316 ‘th
403 4258 510 4317 πάντων
529 4259 661 4338 ἁρπάζων,
675 4259 776 4338 γάμους

144 4372 157 4423 ι,
184 4347 270 4415 οίειίας
298 4348 463 4427 ἀνατρέπειν,
492 4349 563 4408 daras
588 4350 683 4417 κακίας
710 4343 776 4416 εἶδος

144 4461 237 4516 μενος,
264 4437 356 4509 irretiri
384 4437 428 4497 τὸν
463 4441 569 4499 Παῦλον
604 4430 656 4500 εἶδε
683 4441 777 4520 λύχνον

144 4528 191 4589 nh
198 4529 248 4602 rhu
260 4527 425 4607 οἰκουμένην,
435 4530 479 4589 τὸν
491 4535 538 4601 τῆς
552 4530 721 4598 διδασκαλίας
735 4533 779 4590 λα’·

144 4620 272 4701 hippum
283 4624 363 4680 αὐτοῦ
372 4621 420 4693 τὴν
431 4623 568 4702 πονηρίαν,
580 4625 723 4694 ἐσπούδαζε
734 4624 779 4682 καὶ

144 4736 179 4771 αα
192 4711 303 4784 ottoni,
319 4712 364 4770 καί
379 4713 422 4771 τὸν
437 4714 593 4773 διδάσκαλον
612 4717 722 4788 ἀνελεῖν,
736 4715 779 4775 ‘ivo

144 4803 196 4870 σίας
213 4807 287 4883 αὐτῷ
298 4804 387 4863 πάντα
401 4814 485 4864 ποιεῖν
497 4805 560 4884 ἐξῇ,
575 4808 620 4866 καὶ
642 4807 723 4879 δήσας
737 4810 781 4866 τὸν

831 3985 903 4058 dere,
919 3985 1009 4042 lumen
1033 3983 1194 4063 exstinguit,
1208 3997 1235 4043 et
1256 3985 1335 4047 ilium
1359 3988 1506 4068 interimit,
1517 4003 1547 4049 ut

831 4077 920 4137 omnia
933 4075 1019 4135 libere
1042 4075 1127 4156 possit
1145 4077 1249 4136 auferre
1267 4092 1293 4136 et
1310 4081 1446 4161 abripere:
1464 4083 1503 4142 sie
1522 4098 1547 4142 et

832 4184 896 4227 tunc
909 4169 980 4227 Nero
994 4168 1093 4243 Caesar,
1112 4189 1161 4226 eeu
1184 4167 1295 4247 quidam
1315 4172 1406 4252 prado
1430 4189 1456 4233 et
1476 4196 1548 4233 ‹nm-

832 4260 951 4341 pilator,
976 4257 1172 4318 dormientibus
1197 4262 1340 4337 omnihus,
1364 4266 1550 4346 profundoque

832 4372 926 4411 somno
948 4348 1062 4424 obrutis,
1083 4350 1204 4410 omnium
1226 4353 1295 4413 bona
1318 4357 1484 4438 abripiebat,
1500 4381 1550 4418 nu·

834 4442 904 4524 ptias
917 4441 1077 4515 invadebat,
1093 4439 1187 4502 domos
1209 4447 1393 4521 subvertebat,
1408 4470 1487 4509 omne
1499 4472 1549 4530 ge·

835 4555 887 4593 nus
901 4533 1026 4610 nequitiae
1047 4533 1193 4594 exhibebat
1205 4558 1331 4616 :eumque
1345 4541 1459 4601 Panium
1475 4543 1550 4604 vide-

836 4640 877 4684 ret
887 4624 1023 4683 lucernam
1037 4645 1084 4703 per
1097 4636 1180 4683 toturn
1192 4627 1286 4686 orbern
1296 4632 1449 4711 accendere,
1458 4656 1554 4718 nempe

837 4715 966 4774 doctrinae
990 4715 1125 4792 verbum,
1151 4716 1260 4794 ejusque
1285 4721 1432 4798 nequitiam
1459 4727 1552 4786 redar-

840 4828 931 4886 guere,
953 4805 1169 4886 pradicationem
1192 4809 1361 4891 exstinguere
1374 4830 1400 4874 et
1419 4817 1556 4879 duetorem

144 4904 194 4955 ῐνπν
210 4895 334 4955 ίνέίαλεν
348 4898 385 4963 εἰς
401 4897 592 4976 δεσμωτήριον.
605 4901 631 4959 T
632 4898 676 4957 o‘re
697 4899 783 4958 τοίνυν
802 4937 821 4984 g·
841 4897 960 4957 occidere
970 4911 1079 4955 conatus
1090 4911 1140 4974 est,
1151 4912 1181 4956 ut
1190 4901 1280 4960 omnia
1291 4923 1353 4963 cunr
1367 4920 1495 4986 potestate
1503 4913 1557 4971 sibi

144 4992 259 5071 ραφενθ
278 4989 407 5070 μακάριος
426 4991 542 5057 Παῦλος.
558 4991 607 5058 Τίς
625 4993 673 5052 οὐκ
693 4991 725 5050 ἂν
740 4995 785 5050 έκ-

147 5078 251 5149 ricuini
270 5078 302 5139 ἂν
316 5079 476 5159 θαυμάσειε,
491 5084 592 5161 μᾶλλον
614 5082 642 5141 δέ
663 5083 704 5151 τίς
724 5088 784 5143 κατ’

840 4989 1558 5084 facereliceretrvinctumquesanetumillumeonjeeit

843 5083 870 5142 in
881 5103 1022 5142 carcerem.
1033 5082 1112 5141 Tune
1121 5082 1204 5163 igitur
1213 5086 1270 5147 brec
1277 5088 1371 5151 beatus
1379 5093 1480 5155 Paulus
1487 5098 1557 5157 scri-

147 5236 198 5287 !t.
206 5237 281 5303 [m]
291 5245 329 5291 rai
345 5245 356 5292 θ
368 5248 463 5309 horarie
474 5245 498 5292 ii
510 5250 540 5296 τὰ
551 5250 641 5305 ζιζάνια
651 5248 688 5295 oie
700 5251 727 5297 aiu
739 5248 846 5296 ἐκέλευσε-

168 5323 247 5363 ἸΠἊ.
274 5325 324 5365 lii.

1398 5318 1438 5378 θί
