3764 5992
224 531 273 577 DE
297 530 415 577 VERBIS
442 529 617 595 apostola,
646 532 825 579 HABENTES
851 531 995 578 Eunoen
1023 531 1193 578 solatrum.
1226 534 1274 579 ΙΙΙ.

144 652 288 730 θυόμενος,
298 653 344 712 καί
365 653 409 712 διδ
421 653 521 712 τούτων
535 654 629 723 αὐτοὺς
642 657 744 731 ὁδηγῶν

146 746 247 825 ἀρετῆς
261 744 399 824 ἐργασίαν,
409 745 455 804 καὶ
469 748 505 813 είς
519 745 567 817 τήν
581 750 634 804 τῶν
656 748 744 805 καλῶν

144 832 283 893 ιθαλλων·
295 834 341 894 τθν
359 834 387 893 δὲ
407 834 502 895 Ἠλίαν
516 835 561 894 καί
585 837 629 895 τὸν
653 835 746 896 Ἐλισ-

144 926 277 1005 Ιιρεμίαν,
300 926 345 987 τὸν
366 924 492 1001 Ἠσαίαν,
515 927 562 985 καί
590 927 692 995 πάντας
714 926 745 998 δή

149 1016 302 1097 προφήτας,
308 1017 354 1076 καί
366 1018 424 1077 δσοι
436 1025 482 1078 τοῦ
496 1025 578 1098 χοροῦ
591 1017 747 1098 γεγένηνται

1447 516 1516 607 την

800 677 877 714 suam
890 654 1089 714 adfuturorum
1103 655 1236 715 bonorum
1253 656 1407 717 fruitionem
1420 675 1519 720 exten-

801 740 874 816 dere,
887 740 1030 821 praesentia
1050 742 1121 801 bonu
1141 746 1282 823 exhibuit,
1307 747 1521 812 imbecillitatem

802 831 898 889 animae
905 851 1000 888 eorum
1009 833 1182 912 consolando,
1194 850 1219 894 et
1226 858 1276 918 per
1284 838 1336 897 boc
1348 839 1383 899 ad
1394 841 1522 903 virtutem

803 921 978 982 exercendam
997 921 1071 1002 ipsos
1088 922 1260 999 deducendo,
1271 941 1351 1008 atque
1376 931 1412 991 ad
1431 953 1523 993 rerum

803 1014 976 1073 honestarum
989 1013 1173 1092 desiderium
1186 1017 1276 1076 Eliam
1295 1035 1384 1079 autem
1407 1036 1433 1081 et
1459 1023 1522 1082 Eli-

144 1108 186 1167 ιαί
213 1109 336 1186 μεγάλων
350 1111 465 1190 ἀνδρῶν,
481 1109 525 1170 ἐπὶ
540 1109 599 1177 τοὺς
623 1108 748 1190 οὐρανοὺς
765 1112 783 1158 Β
803 1127 887 1164 saeom
902 1119 928 1165 ct
938 1106 1116 1167 ieremiamet
1132 1108 1229 1167 isaiam
1243 1122 1271 1168 et
1288 1109 1316 1168 in
1332 1132 1437 1171 somma
1460 1114 1523 1172 uni-

144 1198 166 1260 θ
179 1202 237 1260 tut
249 1200 490 1280 παρεσκευασμένα
502 1211 556 1268 τοῖς
569 1202 747 1281 εὐδοκιμηκό-

144 1291 184 1352 tet
196 1292 244 1351 καὶ
254 1298 270 1352 θ
279 1294 385 1359 Παῦλος
394 1295 446 1373 οὐχ
456 1293 548 1360 ἁπλῶς
563 1294 664 1361 πάντας
678 1298 748 1366 ἀπη-

144 1381 219 1443 tlt&
231 1381 291 1450 τοθς
306 1384 333 1441 ἐν
352 1384 503 1462 μηλωταῖς,
517 1385 545 1441 ἐν
566 1383 673 1463 αἰγείοις
688 1383 750 1463 δέρ-

154 1475 184 1532 tv
206 1473 327 1553 καμίνῳ,
349 1473 408 1542 robe
427 1477 454 1534 ir
477 1472 666 1555 δεσμωτηρίῳ,
689 1474 750 1542 τοὺς

144 1563 273 1641 αθόντσς,
295 1564 357 1633 robe
380 1565 621 1637 καταλιυσθόντας,
640 1564 701 1631 τοὺς
722 1569 749 1625 ἐν

146 1659 176 1716 όν
186 1655 283 1738 πενίᾳ,
297 1656 395 1724 τοθςίν
410 1656 547 1737 ἐρημίαις,
562 1655 622 1722 τοὺς
634 1659 661 1715 ἐν
679 1680 750 1729 σπη-

165 1751 195 1808 tv
214 1758 274 1816 ταῖς
291 1752 369 1816 ὀπαῖς
382 1751 432 1818 τῆς
450 1754 515 1828 γῆς,
531 1746 590 1814 τοὺς
609 1749 643 1807 τά
665 1747 749 1827 μυρία

145 1839 200 1898 ινά.
216 1840 269 1898 Καὶ
291 1841 352 1901 τότε
373 1831 432 1899 εἶπε
454 1840 524 1899 κατὰ
543 1839 633 1900 πίστιν
648 1840 749 1907 πάντας

144 1954 204 2003 ναι,
218 1931 264 1989 καί
277 1932 389 2010 μηδίπω
400 1932 558 2009 κεκομίσθαι
573 1933 620 1998 τὰς
634 1933 748 2012 ίπαγγε·

144 2022 164 2082 δ
181 2024 284 2095 πλῆθος
303 2025 335 2084 rb
349 2022 504 2097 Ἰουδαϊκὸν,
517 2022 586 2084 ἀλλὰ
599 2022 659 2090 τοὺς
677 2024 748 2084 κατά

803 1218 895 1256 versos
910 1196 1067 1277 propbetas,
1081 1210 1107 1255 et
1127 1211 1258 1277 quotquot
1269 1199 1305 1259 ad
1319 1222 1479 1281 magnorum
1497 1218 1523 1263 ct

804 1302 958 1348 sanctorum
982 1286 1123 1346 bominum
1147 1291 1260 1349 chorum
1282 1294 1463 1372 pertinebant,
1487 1295 1523 1354 ad

804 1381 882 1440 caelos
901 1380 1024 1456 vocabat,
1038 1377 1073 1437 ad
1087 1400 1172 1458 caque
1193 1381 1263 1441 bona
1278 1404 1338 1462 quae
1358 1385 1449 1445 electis
1460 1400 1524 1444 sunt

804 1473 863 1531 illic
875 1483 1035 1552 praeparata.
1053 1472 1237 1544 Quamobrem
1251 1474 1332 1532 etiam
1357 1475 1458 1535 Paulus
1470 1497 1522 1535 nou

805 1585 897 1622 omncs
906 1562 986 1621 simul
1003 1562 1185 1638 enumerarit,
1200 1562 1247 1622 secl
1260 1565 1373 1624 amictos
1387 1567 1479 1625 ovillis
1492 1588 1524 1625 ac

805 1654 922 1735 caprinis
933 1653 1095 1735 pellibus,in
1106 1654 1242 1713 fornacem
1251 1656 1393 1736 conjectos,
1407 1657 1524 1718 vinculis

805 1746 970 1821 constrictos,
994 1744 1135 1822 distentos,
1152 1747 1226 1805 saxis
1245 1746 1389 1828 lapidatos,
1404 1749 1475 1808 fame
1498 1763 1524 1808 et

804 1839 896 1920 inopia
911 1837 1074 1905 laborantes,
1086 1838 1114 1896 in
1134 1838 1336 1912 solitudinibus,
1350 1840 1483 1920 speluncis
1498 1854 1525 1899 et

804 1929 925 1990 cavernis
934 1928 1150 2007 terradegentes,
1162 1929 1432 2007 innumeraqnemala
1444 1931 1524 1990 susti·

803 2035 903 2080 nentes.
918 2024 954 2079 Αι
979 2034 1037 2078 tom
1050 2020 1161 2079 demum
1178 2021 1251 2080 dixit
1267 2042 1359 2080 omnes
1372 2022 1421 2081 bos
1436 2022 1464 2080 in
1476 2043 1525 2102 spe

144 2118 211 2191 ήμῖν
225 2113 414 2192 αἰνιττόμενος.
432 2116 466 2172 Et
480 2114 508 2173 δὲ
523 2114 596 2194 λέγοι
608 2138 661 2182 τις·
673 2115 747 2174 αὐτοί
765 2121 783 2168 C
804 2126 932 2188 mortuos,
942 2132 990 2170 ncc
996 2110 1087 2170 adbuc
1096 2112 1298 2192 promissionem
1309 2113 1450 2194 recepisse:
1459 2115 1525 2173 sub·

144 2225 175 2271 ος
197 2204 285 2264 ίνικεν
305 2204 408 2265 οὐδέπω
421 2204 468 2263 καί
481 2210 526 2264 νῦν
541 2205 674 2264 άπὲλαόον
688 2204 748 2274 τοὺς

144 2318 157 2363 ς
173 2299 266 2364 σιἰτοῑς
276 2296 435 2375 στεφάνους;
449 2296 603 2374 μανθανέτω
622 2297 668 2356 καί
681 2297 745 2357 τού·

144 2387 250 2447 ίῙαάλου
273 2386 322 2460 τήν
340 2388 436 2448 αἰτίαν.
459 2388 551 2448 Είπόιν
573 2388 640 2469 γθρ,
669 2389 747 2448 ίίατδι

144 2500 208 2539 ανου
228 2472 301 2539 οὗτοι
314 2480 423 2554 πάντες,
444 2480 481 2558 μή
504 2481 679 2557 κομισάμενοι
698 2480 746 2547 τίις

144 2569 297 2648 ,διτήγαγε,
309 2572 365 2629 Τοῦ
377 2573 448 2630 Θεοῦ
462 2571 581 2652 κρεῖττόν
594 2596 621 2629 τι
634 2572 746 2651 προόλε-

144 2660 162 2720 tl
181 2665 271 2737 ἡμῶν,
284 2659 327 2721 lucc
338 2662 376 2739 μὴ
394 2663 477 2741 χωρὶς
489 2666 566 2738 ήμῶν
577 2666 744 2722 τελειωθῶσι.

150 2754 223 2824 θστι,
243 2752 333 2831 φησὶν,
358 2759 375 2825 ή
397 2752 558 2832 πανήγυρις,
583 2754 673 2826 ἐπειδή
699 2755 745 2812 καὶ

144 2841 189 2916 νή,
214 2842 279 2901 όταν
312 2847 386 2921 κοινῇ
413 2843 605 2925 στεφανώμεθα
636 2845 743 2911 πάντες.

147 2936 176 2992 όν
199 2943 254 3001 τοίς
277 2935 472 3012 Ὀλυμπιακοῖς
494 2939 579 3015 ἀγῶσι
602 2936 745 3014 precavi

152 3025 345 3099 κυκτεόσας,θ
358 3027 559 3108 παγκρατιάσας
570 3031 598 3086 ἐν
614 3028 746 3109 διαφόροις

803 2203 927 2264 indicans
947 2202 1027 2262 nobis
1043 2223 1096 2260 non
1110 2202 1209 2282 vulgus
1232 2204 1396 2281 Judaicum,
1412 2206 1459 2264 sed
1472 2205 1524 2264 ho-

804 2296 889 2354 mines
902 2293 938 2353 ad
961 2294 1029 2353 Eliae
1044 2294 1251 2354 similitudinem
1260 2295 1425 2355 accedentes.
1443 2297 1525 2368 Quod

803 2385 826 2442 si
840 2384 978 2463 quisdicat
992 2406 998 2441 ι
1015 2385 1049 2442 Hi
1058 2397 1147 2443 autem
1161 2386 1214 2466 ipsi
1226 2387 1401 2464 quamobrem
1413 2408 1525 2448 nenunc

803 2477 913 2555 quidem
925 2475 1029 2535 debitas
1035 2476 1088 2534 sibi
1094 2497 1204 2535 coronas
1213 2492 1387 2558 perceperunt
1395 2480 1409 2536 ?
1417 2499 1525 2540 causam

802 2567 885 2647 hujus
896 2566 933 2625 rei
944 2566 1051 2625 discata
1060 2568 1229 2626 Panlo.Cum
1238 2568 1310 2626 enim
1322 2567 1525 2643 dirisset,Fide

801 2671 869 2717 sunt
886 2661 994 2716 mortui
1012 2678 1112 2717 omnes
1134 2661 1166 2716 lu'
1184 2678 1243 2716 non
1260 2662 1386 2738 acceptis
1399 2663 1521 2738 promis-
1533 2673 1602 2780 lpas.
1616 2686 1652 2718 ιι.

1534 2747 1542 2779 ι
1564 2749 1618 2793 .qo.

801 2753 942 2820 sionibus,
955 2749 1107 2828 subjunxit,
1117 2751 1182 2808 Deo
1188 2771 1243 2829 pro
1255 2753 1338 2810 nobis
1351 2752 1455 2810 melius
1464 2752 1522 2810 ali·

805 2844 877 2922 quid
891 2841 1073 2920 providente,
1085 2854 1116 2899 ut
1137 2862 1195 2900 non
1207 2846 1272 2901 εἰπε
1288 2846 1369 2901 nobis
1387 2863 1521 2902 consum-

805 2945 965 2991 marentur.
980 2931 1137 2991 Communis
1153 2933 1224 2991 enim
1236 2946 1276 2992 est
1284 2933 1423 2992 celebritas
1440 2934 1519 3006 brec,

802 3024 900 3102 inquit,
911 3022 1129 3102 quandoquidem
1145 3027 1232 3105 major
1244 3027 1324 3084 ctiam
1335 3038 1375 3085 est
1388 3026 1522 3107 voluptas,

144 3140 149 3183 ;
172 3116 234 3184 τὼς
260 3122 364 3194 ἀγῶνας
387 3118 570 3196 ὑπομένουσιν,
595 3122 622 3178 ἐν
648 3131 697 3201 μιᾳ
717 3120 744 3180 δὲ
764 3115 867 3174 ndum
880 3135 972 3173 omues
985 3113 1079 3173 eadem
1090 3135 1170 3195 opera
1180 3136 1350 3175 coronamur.
1367 3115 1443 3175 ldem
1453 3118 1521 3177 litet

144 3215 152 3280 ἱ
175 3207 275 3275 πάντες
294 3209 526 3291 ἀνακηρόττονται.
548 3211 629 3269 Οὕτω
649 3212 695 3269 καί
718 3216 746 3271 ἐν

144 3323 156 3366 ς
168 3298 282 3378 γίνεται.
298 3299 383 3359 Ὀταν
397 3299 450 3382 γάρ
470 3306 523 3360 τῶν
537 3303 700 3381 δαιτυμόνων
722 3307 746 3362 ol

144 3413 159 3449 a
179 3392 450 3469 προαπαντήσαντες,
463 3397 487 3451 οἱ
508 3394 536 3452 δὲ
550 3394 590 3453 ἔτι
613 3396 745 3472 με’λλωσι,

144 3480 180 3550 b<
212 3482 419 3563 ἀπολειφθέντας
442 3487 466 3542 οἱ
494 3485 658 3566 ἑστιάτορες,
687 3488 746 3555 τοὺς

144 3572 188 3645 ήδη
203 3576 253 3633 καὶ
267 3574 494 3654 παραγενομένους
512 3576 663 3637 κελεύουσιν
683 3581 746 3638 ἄνα·

144 3664 349 3745 θστιρήσαντας.
363 3669 451 3725 Τοῦτο
470 3666 515 3724 καὶ
528 3672 542 3726 θ
553 3669 620 3735 Θεδς
631 3670 746 3743 πεποίη-

144 3756 199 3837 γδρ
212 3756 272 3824 τοὺς
286 3760 316 3816 ἐκ
326 3762 373 3828 τῆς
387 3758 543 3836 οἰκουμένης
556 3760 663 3832 ἁπάσης
676 3762 745 3822 ruric

144 3847 233 3927 ιιροδς
248 3849 455 3926 εθδοκιμηκότας
469 3852 514 3911 tari
536 3852 627 3924 κοινήν
647 3878 676 3913 τε
699 3855 746 3914 καί

144 3939 280 4021 »obnoxior
294 3941 419 4014 ἐκάλεσε,
436 3942 496 4010 τοὺς
519 3944 570 4017 ήδη
595 3945 746 4024 φθάσαντας

144 4030 247 4100 Maec
260 4031 359 4092 κελεύει
372 4032 432 4100 τοὺς
446 4035 514 4112 μετὰ
531 4042 616 4095 ταῦτα
639 4039 746 4099 ἀπιέναι

144 4121 281 4200 ιαμόνιιν,
295 4122 329 4182 ίν’
345 4123 414 4184 οὕτω
428 4131 502 4207 κοινῇ
523 4129 745 4207 παραγενομένων

802 3206 829 3264 in
853 3205 1024 3288 Olympiacis
1044 3207 1255 3266 certaminibus:
1272 3206 1399 3285 luctator,
1422 3209 1520 3289 pugil,
1612 3260 1616 3265 .

802 3300 991 3378 pancratiasta,
1005 3297 1121 3357 dirersis
1131 3298 1242 3376 quidem
1256 3301 1422 3380 temporibus
1436 3315 1520 3360 certa·

802 3411 861 3449 men
876 3391 1003 3462 subeunt,
1017 3388 1064 3448 sed
1080 3411 1134 3448 uno
1144 3391 1271 3471 temporis
1283 3406 1416 3450 momento
1428 3414 1520 3453 omnes

800 3503 815 3538 a
829 3501 951 3561 praecone
961 3479 1076 3538 victores
1089 3481 1308 3560 pmnuntiantur.
1326 3482 1402 3541 ldem
1413 3483 1444 3542 stt
1456 3485 1520 3543 etin

801 3573 942 3632 conviviis.
959 3572 1072 3646 Quoties
1085 3573 1157 3631 enim
1168 3574 1345 3632 convivarum
1364 3575 1411 3633 alii
1435 3596 1519 3634 vene-

801 3677 864 3722 runt
877 3663 1020 3737 maturius,
1032 3663 1079 3721 alri
1093 3662 1184 3723 adhuc
1197 3679 1369 3740 cunctantur,
1392 3666 1521 3726 conriva-

801 3769 871 3815 tores
892 3755 1061 3814 inhonorem
1083 3756 1234 3814 absentium
1253 3757 1350 3836 jubent
1376 3771 1520 3838 presentes

801 3847 940 3926 paulisper
963 3866 1079 3921 manere,
1099 3846 1185 3906 donec
1208 3847 1248 3905 illi
1267 3869 1373 3926 quoque
1398 3849 1517 3908 veniant.

801 3936 877 3995 Idem
898 3937 980 3995 etiam
995 3939 1067 3995 Deus
1089 3937 1171 3996 iecit:
1187 3938 1316 4015 quoniam
1329 3938 1402 3997 enim
1415 3960 1450 3999 ex
1465 3953 1521 3999 toto

801 4029 867 4087 orbe
880 4028 996 4087 dirersis
1007 4029 1173 4109 temporibus
1186 4030 1284 4089 electos
1294 4029 1329 4089 ad
1342 4051 1482 4091 commune
1495 4046 1522 4092 et

802 4121 943 4200 spirituale
966 4121 1124 4179 convivium
1152 4121 1289 4198 inritavit,
1314 4122 1394 4203 jubet
1414 4125 1521 4203 eosqui

144 4214 207 4287 ἡὴ
230 4215 298 4292 τιμὴ
313 4218 393 4287 καὶὴ
417 4218 498 4292 ἡδουὴ
516 4219 565 4296 μία
592 4219 677 4279 ἅπας,
701 4221 746 4300 rt'·
765 4232 783 4278 Ε
802 4212 905 4291 priores
927 4212 1044 4288 iverunt,
1061 4226 1215 4293 exspectare
1226 4235 1270 4272 eos
1294 4215 1341 4292 qui
1363 4216 1522 4295 posteriores

144 4567 220 4650 ιγθρ
233 4568 325 4640 ἡλίκον
338 4570 409 4631 ἐστίν
425 4575 461 4639 εἷς
476 4575 557 4650 τιμῆς
571 4573 657 4651 λόγον,
671 4578 745 4636 Παῦ-

144 4683 148 4726 ;
160 4664 223 4719 κατ’
235 4662 335 4721 tutin
349 4661 468 4731 ἅπαντας
473 4707 481 4735 ,
497 4666 540 4724 τὸν
552 4665 687 4746 Ἀόραλμ,
699 4670 745 4727 καί

144 4757 230 4819 αἶνον,
251 4752 298 4811 καὶ
316 4751 377 4820 robe
399 4755 452 4831 πρὸ
475 4754 575 4815 ἐκείνου
597 4756 678 4815 πάλιν
696 4759 749 4837 πρὸ

144 4846 185 4901 ἴεν
200 4843 366 4915 άθλήσαντας
380 4845 426 4903 καί
446 4847 604 4918 νικήσαντας
618 4852 749 4920 καθῆσθαι

144 4931 224 5015 σε’ραν
238 4936 415 5014 ἅναμόνοντας
429 4938 608 5013 εὐδοκίμησιν.
619 4938 685 4999 Ὅτι
697 4940 748 5021 γὰρ

155 5024 287 5103 eriperes
303 5028 410 5097 Παῦλος
419 5028 574 5110 ἀπείληφεν,
594 5031 652 5089 οὐδὲ
671 5033 749 5099 ἄλλος

144 5114 272 5196 ἰξᾶρχῆς
290 5119 515 5197 εὐηρεστηκότων,
527 5123 586 5180 ἀλλ’
607 5122 664 5182 οὐδὲ
684 5126 749 5181 ἀπο-

802 4316 864 4361 suut
879 4302 998 4378 venturi,
1017 4315 1046 4360 ut
1059 4303 1110 4362 boc
1128 4317 1206 4383 pacto
1227 4305 1352 4363 omnibus
1375 4327 1427 4364 ona
1447 4327 1522 4386 prar-

802 4395 932 4467 sentibns,
950 4416 1019 4453 onus
1034 4396 1160 4455 omnibus
1178 4397 1314 4477 contingat
1333 4397 1419 4456 bonor
1434 4411 1521 4457 etuna

803 4484 934 4566 voluptas.

844 4578 891 4636 10.
909 4576 1004 4657 Cogita
1017 4576 1088 4636 enim
1101 4590 1200 4655 quanta
1216 4577 1252 4635 sit
1270 4576 1380 4636 honoris
1393 4580 1520 4655 accessio,

802 4669 918 4727 Paulum
931 4682 957 4727 et
969 4669 1011 4727 sui
1032 4667 1159 4748 temporis
1183 4667 1314 4743 homines,
1335 4670 1521 4731 Abrabamum

803 4759 866 4819 item
879 4773 959 4839 atque
967 4761 1025 4840 ejus
1037 4760 1122 4819 oetatis
1134 4759 1217 4831 viros,
1235 4781 1266 4819 ac
1280 4782 1387 4819 rursum
1397 4762 1464 4822 alios
1474 4765 1520 4842 qui

802 4864 841 4911 tot
854 4852 958 4911 sarculis
977 4865 1039 4910 ante
1059 4850 1138 4910 illum
1159 4864 1326 4910 certaverunt
1340 4867 1365 4911 et
1378 4854 1518 4926 ricenrnt,

803 4942 894 5002 sedere
905 4964 976 5002 nuuc
990 4942 1265 5022 exspectantosdoncc
1279 4964 1326 5001 uos
1339 4964 1444 5023 quoque
1457 4967 1520 5025 pro-

802 5034 859 5094 bati
873 5035 968 5094 simus.
985 5032 1068 5108 Quod
1074 5033 1145 5093 enim
1155 5033 1255 5094 Paulus
1265 5033 1384 5093 noudum
1394 5056 1519 5097 coronam

803 5127 943 5207 receperit,
965 5147 1049 5204 neque
1068 5147 1162 5185 eorum
1174 5125 1319 5205 quisquam
1331 5126 1379 5206 qui
1390 5149 1520 5208 umquam

144 5204 184 5273 ἐις
193 5203 227 5265 ὃν
242 5207 357 5275 άπαντες
371 5211 396 5269 ot
412 5209 493 5290 μέχρι
503 5212 593 5278 τέλους
608 5220 749 5293 στεφανοῦ·
758 5218 838 5301 ²⁸⁸ab
853 5218 931 5277 initio
944 5219 1002 5277 Deo
1015 5217 1182 5297 placuerunt,
1194 5217 1249 5276 imo
1267 5238 1301 5276 ne
1310 5219 1443 5299 recepturi
1453 5219 1520 5300 qui-

144 5320 199 5367 ιτες
218 5298 377 5378 ἀφίκωνται,
397 5302 509 5361 ἄκουσον
523 5305 603 5362 αὐτοῦ
617 5312 662 5365 τοῦ
672 5305 751 5364 llud-
768 5318 788 5362 a
805 5307 868 5367 dem
878 5306 1024 5368 sintdouec
1033 5328 1125 5369 omnes
1138 5307 1409 5387 quicomoandisuut
1422 5332 1520 5378 conve·
