3810 6000
255 393 323 488 ¹94
568 408 599 457 s.
625 407 766 461 ιοιινιιιο
791 405 974 459 caursosr.
1002 404 1171 455 anamma
1188 405 1458 461 consrannuor.

250 538 286 600 sit
294 557 327 598 ae
333 537 421 618 piger,
431 554 560 616 umquam
569 533 752 615 veniadignus
759 531 969 607 habeatur,licet
1022 530 1137 614 ῥᾴθυμον
1149 531 1308 613 συγγνώμης
1317 542 1407 614 τυχεῖν
1420 556 1505 610 τοτε,
1517 531 1567 594 κάν
1577 532 1705 616 μυριάκις
1716 535 1796 616 άνάγ-

251 629 350 690 millies
384 627 555 689 surcularium
583 627 752 708 negotiorum
781 625 968 706 occupationes
1021 649 1069 692 κας
1082 626 1267 708 προόάλληται
1287 627 1453 708 πραγμάτων
1477 630 1618 708 βιωτικῶν.
1634 629 1697 689 Οθκ
1708 617 1797 703 οἶδας,

251 719 388 782 obtendat.
402 720 511 797 Nescis,
530 719 554 781 si
575 719 631 778 huc
643 717 752 781 veniens
772 719 861 777 Deum
872 716 969 778 adora·
1019 718 1061 780 ὅτι
1075 718 1121 779 ἐάν
1141 718 1224 779 ἐλθὼν
1236 718 1423 801 προσκυνήσῃς
1435 719 1553 781 thul
1498 720 1577 796 Θεδ,ν
1591 719 1640 780 καλ
1658 718 1799 803 μετάσχῃς

253 815 342 888 veris,
355 827 381 875 et
403 826 550 875 conventus
574 811 652 872 istius
671 811 806 914 particeps
827 811 919 887 fueris,
938 832 970 870 ea
1021 814 1069 882 τῆς
1093 812 1204 872 ἐνταῦθα
1226 811 1349 894 οιατριῦ
1350 837 1380 887 ς
1403 812 1504 891 μθλλόν
1528 836 1571 874 σοι
1594 812 1630 873 τὰ
1649 815 1677 873 ἐν
1703 812 1808 897 χερσίνΙ

253 927 314 986 quae
326 927 382 988 prae
396 905 521 965 manibus
529 917 592 964 sunt
601 916 707 983 negotia
718 901 807 962 sactlta
817 901 869 962 tihi
883 914 908 962 et
921 922 970 962 ex·
1022 902 1235 985 εῦμσρίζεταιπ
1213 904 1375 1020 πράγματα,
1395 903 1528 975 hunul<
1550 904 1622 985 ἔχεις
1639 904 1797 988 ρροντίδαςς

130 1010 231 1059 &ertu
226 999 346 1080 repedita
373 996 475 1058 reddi?
503 994 683 1057 Saecularibus
714 994 787 1055 curis
820 993 962 1076 premeris.
954 993 1075 1059 οθιθιδι
1098 994 1195 1064 ταύτας
1223 985 1325 1074 pls*
1295 1018 1339 1055 ουν
1360 1000 1471 1057 θνταῦθα
1491 992 1655 1071 eramen,
1681 996 1729 1057 ἵνα
1748 995 1797 1073 vlt

100 1078 159 1183 ’ἐξ
168 1088 244 1119 ⁸¹¹“‘'
237 1090 377 1151 Earum
369 1103 454 1171 rgttur
464 1110 545 1149 causa
553 1088 609 1148 huc
619 1101 731 1163 veruta,
741 1100 772 1146 ut
783 1106 846 1146 cum
856 1086 907 1146 trht
917 1085 972 1146 Det
1024 1087 1125 1148 εὔνοιαν
1145 1089 1360 1167 ἐπισπασάμενος
1381 1093 1427 1147 τοῦ
1450 1080 1522 1150 Θεοῦ
1547 1088 1649 1150 διδ*
1614 1113 1664 1160 της
1687 1092 1798 1151 ἐνταῦθα

100 1146 178 1244 miii
183 1138 464 1245 ωῖάίίνεαενοίειιῐίοαι
484 1178 682 1252 conciliaveris,
702 1179 775 1257 quod
791 1178 970 1239 hieversatus
1023 1182 1111 1260 διατρι
1129 1204 1177 1256 ης,
1199 1179 1268 1240 οθτω
1289 1203 1340 1258 μετ
1340 1179 1507 1262 ’ἀσφαλείας
1529 1179 1648 1262 ἐξέλθῃς·
1666 1180 1714 1242 ἵνα
1734 1181 1797 1263 άχιγς

101 1270 146 1307 ω’·
251 1275 345 1343 fueris,
357 1288 394 1334 tta
404 1295 466 1334 cum
476 1285 619 1333 securitate
628 1270 770 1348 discedas
785 1282 816 1329 ut
830 1269 909 1329 illum
917 1270 969 1330 ha
1024 1271 1152 1332 αῦτδν’
1122 1297 1275 1353 συμμαχον,
1294 1271 1339 1331 ἵνα
1357 1271 1649 1355 άκαταγάινιστοςγίνῃ
1666 1271 1796 1343 τοῖςδαί-

249 1366 498 1448 θεεεεᾶγιιῐοιεαι,
496 1379 526 1424 ut
536 1362 648 1423 calestus
660 1361 868 1422 manusauruho
879 1375 970 1444 septus
1024 1388 1101 1445 μασιν
1115 1365 1218 1425 ὑπὸ
1185 1388 1233 1436 της
1250 1364 1347 1424 ἄνωθεν
1360 1361 1535 1443 βοηθοάμενος
1552 1363 1674 1476 χειρός.
1663 1362 1714 1424 Aa
1727 1366 1795 1425 άκο-

248 1457 417 1519 daemonibus
437 1458 487 1518 iias
510 1454 639 1517 invictus.
655 1454 687 1515 si
705 1453 824 1535 paternis
840 1453 970 1559 precibus
1023 1457 1219 1539 λαυοῃςεθχῶν
1234 1461 1382 1539 πατρικῶν,
1403 1456 1435 1516 ἂν
1448 1456 1584 1536 ρςτάοχῃς
1597 1459 1795 1539 κοινῆςεῦχῆς,

248 1551 364 1627 fruaris,
379 1550 404 1609 si
419 1568 568 1609 communis
580 1560 706 1606 orationis
717 1560 850 1628 particeps
865 1546 934 1623 fias,
946 1545 971 1606 si
1024 1550 1056 1609 δν
1072 1548 1186 1630 ἀκούσῃς
1209 1549 1285 1610 θείων
1308 1547 1414 1627 λογίων,
1439 1548 1471 1608 δν
1495 1547 1633 1629 ίπισπάσῃ
1655 1554 1705 1609 τοῦ
1727 1551 1794 1611 Θεοῦ

249 1642 356 1722 eloquia
376 1661 452 1702 sacra
474 1636 661 1714 audiveris,
639 1658 663 1698 st
685 1637 737 1697 Dei
759 1638 812 1697 tibi
835 1590 971 1698 auxiliism
1023 1642 1072 1717 τὴν
1086 1643 1223 1722 βοήθειαν,
1239 1641 1272 1701 δν
1286 1640 1387 1710 τοίτοις
1401 1650 1457 1709 τοῖς
1469 1640 1561 1710 άσλοις
1574 1639 1794 1722 ρραξάμκνοςιῦ-

250 1735 456 1817 comparaveris,
470 1733 493 1792 si
505 1731 548 1791 his
560 1730 643 1790 armis
653 1730 835 1790 communitus
845 1751 969 1810 egressus
1023 1759 1075 1802 τως
1086 1734 1206 1816 ἐξέλθῃς,
1220 1732 1279 1794 οὐδὲ
1298 1734 1375 1801 αὐτὸς
1386 1739 1401 1794 θ
1411 1731 1533 1802 διάάολος
1544 1732 1705 1815 άντιὸλίψαι
1718 1731 1794 1807 δινή-

248 1826 344 1905 fuen's,
359 1848 393 1886 ue
406 1824 533 1885 diabolus
546 1821 657 1902 quidem
670 1823 728 1903 ipse
741 1837 834 1882 contra
848 1836 874 1882 te
887 1822 969 1883 dein·
1024 1826 1100 1887 σεταί
1123 1850 1164 1887 σοι
1184 1824 1285 1900 λοιπδν,
1307 1825 1373 1905 μήτι
1383 1849 1414 1906 γε
1430 1825 1564 1906 άνθρωποι
1577 1824 1702 1905 πονηροί,
1717 1848 1795 1887 σοον·

249 1941 311 2002 ceps
320 1916 529 1979 oculosaudehit
537 1915 670 1993 attollere,
681 1913 781 1974 nedum
788 1915 912 1975 homines
918 1915 971 1974 im·
986 1978 988 1983 ,
1025 1916 1144 1987 δάζοντες
1158 1917 1312 1999 ἐπηρεάζειν
1327 1917 1373 1977 καί
1387 1927 1568 1998 συκοφαντεῖν.
1578 1917 1628 1977 Ἂν
1640 1915 1671 1977 θλ
1685 1915 1739 1978 teo
1750 1920 1794 1991 τῆς

248 2011 338 2093 probi,
351 2009 451 2091 quibus
473 2008 565 2069 studio
586 2027 642 2068 esse
663 2007 740 2079 solet,
754 2020 785 2065 ut
798 2007 970 2068 contumeliis
1024 2008 1108 2078 οἰκίας
1123 2008 1226 2082 ὶπλτὴν
1238 2009 1335 2089 ἀγοράν
1350 2009 1443 2090 ἔλθῃς,
1455 2010 1554 2089 γυμνδς
1564 2012 1618 2069 τῶν
1632 2006 1793 2071 tument

249 2116 395 2163 caeteroset
414 2100 557 2163 calumniis
577 2113 780 2181 persequantur.
795 2100 876 2173 Quod
889 2101 912 2160 si
935 2121 970 2161 ex
988 2117 1008 2165 a
1024 2125 1077 2162 των
1104 2101 1232 2183 εὑρεθείς,
1267 2101 1422 2183 εὐχείρωτος
1449 2101 1497 2182 loq
1525 2110 1582 2169 τοῖς
1608 2100 1792 2182 ἐπηρεάζουσιν

249 2195 355 2255 aedibus
369 2194 501 2256 inferum
513 2204 634 2272 egressus
648 2190 783 2272 ejusmodi
793 2191 912 2252 nudatus
925 2214 968 2252 ar·
1024 2193 1117 2254 ἅπασι.
1142 2192 1195 2253 ded
1214 2199 1292 2254 τοῦτο
1315 2192 1402 2254 πολλθ
1423 2192 1469 2253 καί
1484 2196 1511 2253 tu
1531 2202 1586 2260 τοῖς
1607 2200 1706 2261 κοινοῖς
1716 2192 1792 2255 mtto

249 2288 304 2348 mis
322 2285 478 2361 offendaris,
491 2283 614 2345 omnium
628 2283 677 2362 qui
695 2297 722 2343 te
738 2284 908 2344 contumeliis
923 2285 969 2344 in·
1023 2296 1077 2354 τοῖς
1092 2285 1166 2354 ἰδίοις
1178 2285 1321 2366 πράγμασι
1332 2284 1407 2366 παρὰ
1420 2284 1529 2367 γνώμην
1543 2289 1609 2364 ἡμῖν
1623 2283 1793 2366 &acrabin

249 2379 386 2441 testabunt
405 2377 486 2439 facilc
505 2375 654 2437 vincendus
675 2375 781 2457 patebis
803 2376 967 2437 iucursibus.
1023 2381 1053 2439 οὐ
1067 2377 1130 2460 περὶ
1150 2376 1185 2437 τά
1207 2377 1376 2457 πνευματικά
1397 2382 1502 2459 πρῶτον
1526 2377 1740 2455 θσπουδάκσμεν,
1752 2374 1794 2438 aul

248 2471 390 2532 ldeircoet
398 2470 427 2530 in
434 2468 550 2551 privatis
558 2482 584 2528 et
591 2467 618 2526 in
626 2466 745 2549 publicis
753 2467 971 2548 uostrisnegotiis
1022 2469 1082 2532 τότε
1096 2470 1159 2552 περί
1171 2468 1206 2530 τδ
1229 2469 1360 2550 βιωτικά,
1373 2471 1432 2530 ἀλλ’
1448 2468 1666 2550 άντιστρέψαμεν
1689 2467 1792 2543 clud·

250 2582 419 2644 nequaquam
431 2583 467 2622 ex
482 2560 567 2620 animi
578 2560 707 2621 sententia
720 2559 798 2619 nohis
812 2560 896 2619 multa
907 2581 971 2620 suc·
1024 2561 1072 2633 ξιν.
1086 2562 1138 2623 Aah
1150 2568 1229 2624 τοῦτο
1251 2563 1298 2623 καλ
1316 2569 1333 2636 ἡ
1351 2565 1404 2623 τῶν
1417 2561 1585 2642 πραγμάτων
1599 2558 1741 2621 ἀκολουθία
1750 2557 1793 2620 nl

251 2656 360 2733 cedunt,
373 2653 449 2731 quod
463 2653 615 2734 spiritualia
628 2673 682 2713 non
696 2652 772 2732 prius
791 2651 910 2713 studiose
923 2674 971 2713 ac·
1023 2653 1163 2728 εῦθύτης’
1148 2653 1361 2736 αντέστραπται,
1372 2653 1419 2715 καί
1436 2654 1538 2723 πολλῆς
1549 2657 1616 2731 ἡμῖν
1632 2651 1738 2711 ἅπαντα
1747 2649 1791 2731 γί-

251 2748 445 2819 curaverimus,
461 2742 601 2804 acdeinde
616 2744 770 2817 secularia,
785 2743 832 2803 sed
849 2744 972 2805 ordinem
1024 2773 1068 2828 μοι
1090 2751 1219 2829 ταραχῆς.
1237 2750 1302 2815 Πῶς
1322 2746 1408 2808 οίεσθί
1427 2770 1462 2825 με
1481 2744 1790 2823 constructumque,

251 2839 452 2907 inverterimus.
468 2837 573 2896 Idcirco
587 2836 756 2939 negotiorum
770 2838 972 2939 quoqucseries
1023 2841 1086 2900 ὅταν
1109 2839 1234 2914 tostae,
1247 2839 1288 2898 δτι
1302 2837 1475 2918 πανηγύρεως
1488 2836 1536 2915 μὲν
1559 2836 1607 2896 καί
1621 2828 1716 2915 ἑορτῆς
1734 2835 1790 2895 lat·

252 2953 283 2991 ac
304 2942 392 2990 rectus
415 2927 509 2988 ordo
501 2928 654 3002 invertitur,
668 2941 694 2987 et
712 2927 803 2988 omnia
819 2928 899 3010 plane
914 2944 970 2990 tur·
979 2982 1016 3024 ss
1004 2931 1143 3022 στάοης,
1165 2931 1213 2990 κᾶν
1229 2931 1322 3010 μηδεὶς
1335 2936 1350 2991 θ
1364 2920 1502 3009 καλῶνῇ,
1515 2937 1592 2989 πᾶσα
1608 2931 1627 3000 ἡ
1643 2926 1720 2996 πόλις
1736 2948 1789 2987 σιν·

252 3022 362 3081 bantur.
373 3021 513 3093 Quantum
534 3019 609 3080 mihi
623 3018 743 3079 dolorem
767 3040 799 3079 ac
820 3021 970 3081 molestiam
989 3023 1130 3103 Δτρέχει·
1145 3022 1267 3104 πανηγύρ
1253 3046 1317 3104 ρεως
1331 3021 1359 3083 δί
1377 3022 1423 3082 καί
1445 3025 1537 3102 ἑορτῆς
1551 3015 1788 3094 άπελθοιίοης,κθν

254 3113 326 3173 inuri
340 3112 452 3194 putatis,
467 3134 530 3172 cum
544 3112 633 3192 cogito
648 3112 770 3174 veniente
780 3112 919 3192 quidems
915 3127 972 3174 esto
1024 3117 1131 3176 ἅπασαν
1141 3114 1189 3186 τὴν
1202 3115 1305 3198 ἡμέραν
1319 3113 1511 3192 διατελέαωμεν
1523 3111 1787 3194 διαρρηγνίντεςίσε·

254 3228 286 3265 ac
299 3205 474 3282 solennitate,
490 3204 554 3264 licet
567 3203 659 3263 nullus
673 3203 708 3262 sit
721 3202 769 3282 qui
783 3217 872 3279 vocet,
887 3218 972 3265 totam
1024 3206 1084 3276 τοὺς
1104 3207 1150 3267 καί
1172 3210 1312 3275 καλοῦντες
1328 3211 1412 3283 ὑμᾶς,
1438 3205 1547 3275 οὖδεὶςθ
1560 3203 1702 3286 προσίχων
1721 3199 1787 3277 ίιτίς

255 3319 412 3358 concurrere
434 3297 587 3358 civitatem:
604 3296 650 3355 uhi
664 3317 729 3357 vero
743 3297 841 3355 festum
856 3297 973 3359 solenni·
1025 3303 1119 3361 Ταῦτα
1140 3299 1193 3381 γδιρ
1213 3299 1342 3367 πολλάκις
1363 3303 1390 3359 ἐν
1405 3298 1506 3378 διανοίιρ
1531 3294 1663 3380 στρίρων,
1676 3295 1785 3377 χαλκοῦς

254 3403 347 3469 tasque
354 3389 498 3463 transierit,
508 3400 565 3448 toto
578 3387 642 3446 lieet
655 3385 700 3446 die
714 3408 916 3467 perseveremus
925 3410 973 3450 nos
1025 3390 1202 3463 deterioria,
1228 3389 1274 3449 καί
1293 3390 1358 3471 πρὸς
1371 3388 1482 3469 ἐμαυτὸν
1497 3378 1571 3449 εἶπον
1582 3410 1590 3426 ·
1602 3386 1632 3446 τί
1648 3389 1686 3447 δεῖ
1698 3407 1782 3466 παροι-

254 3483 452 3564 disrumpentes
466 3496 492 3541 et
506 3502 555 3542 vos
569 3479 741 3558 advocantes,
759 3481 867 3540 nullum
884 3495 974 3543 tamen
1025 3485 1137 3559 νίσεως,
1163 3482 1180 3556 ἣ
1209 3483 1378 3562 συμῦουλῆς,
1412 3480 1538 3563 ουνηθείορ
1569 3479 1664 3546 ἁπλῶς
1691 3477 1779 3538 ἅπαντα

254 3575 370 3653 assequi
383 3573 521 3633 attendat?
536 3573 601 3632 Haec
620 3572 692 3632 euim
709 3593 890 3653 saepenumero
911 3595 974 3634 cunr
1025 3576 1169 3640 octodurus
1183 3580 1267 3654 ὑμῶν,
1287 3574 1331 3634 καί
1341 3573 1414 3634 οὐδὲν
1430 3576 1483 3634 ἀπὸ
1495 3576 1543 3644 τῆς
1555 3569 1724 3638 διδασκαλίας
1732 3588 1779 3648 προ

255 3680 343 3725 mente
357 3687 500 3738 versarem,
517 3663 637 3745 graviter
650 3663 781 3744 ingemui,
794 3678 821 3724 et
832 3664 889 3725 haec
901 3666 974 3747 apud
1026 3669 1176 3750 θυμοτίρων
1193 3667 1338 3747 γινομένων
1362 3672 1411 3740 τῆς
1432 3665 1581 3746 ἡμετέραςς
1604 3662 1692 3725 Ὅταν
1704 3661 1778 3744 qipd

253 3781 297 3819 me
325 3759 409 3820 verba
444 3759 591 3818 faciebam:
608 3757 686 3830 Quid
711 3758 894 3821 cohortatione
932 3761 974 3821 vel
1027 3767 1129 3842 ἑορταῖς
1152 3760 1201 3840 μὲν
1224 3759 1306 3837 μηδὲν
1318 3757 1429 3832 δεήσητε
1442 3761 1490 3829 τῆς
1504 3760 1568 3837 παρ’
1583 3757 1662 3835 ἡμῶν
1674 3746 1779 3835 παροοί·

253 3851 366 3911 consilio
379 3866 419 3910 est
430 3873 510 3933 opus,
523 3872 585 3910 curn
596 3872 645 3909 vos
658 3851 849 3912 consuetudine
868 3866 974 3914 tantum
1027 3879 1110 3926 σεως,
1128 3854 1297 3913 άπελθουσῶν
1317 3849 1345 3910 δὲ
1366 3849 1470 3910 ἐκείνων
1486 3847 1569 3927 μηδὲν
1580 3837 1778 3929 ὠραλῆαθειιογθ
1826 3908 1831 3915 ,

253 3956 349 4002 cuncta
363 3943 478 4020 satiatis,
496 3964 544 4001 nec
557 3942 642 4000 ullius
656 3957 753 4001 nostrae
766 3942 895 4004 doctrinae
910 3968 975 4027 ope·
1027 3951 1075 4018 τῆς
1088 3943 1220 4026 ἡμετέρας
1234 3941 1422 4016 διδασκαλίας,
1436 3940 1495 4021 οὐχί
1508 3937 1631 4022 περιττδν
1643 3939 1717 4016 ἡμῶν
1728 3936 1777 3995 dm

254 4057 284 4095 ra
296 4034 457 4116 promtiores
472 4033 647 4093 reddamini?
662 4034 732 4092 Cum
745 4035 817 4093 enim
827 4037 902 4096 sestis
914 4038 975 4116 qui·
1028 4039 1133 4121 ραίνετε
1147 4037 1190 4097 τδν
1202 4034 1289 4116 λόγον,
1303 4032 1333 4094 τό
1342 4059 1373 4115 γε
1384 4038 1420 4103 εἰς
1433 4038 1501 4112 θμθς
1513 4023 1598 4106 ἥκονς

251 4128 314 4188 dem
328 4128 425 4188 diebus
438 4141 529 4187 nostra
543 4125 726 4186 cohortatione
738 4127 808 4186 nihil
822 4127 974 4208 indigeatis,

252 4235 395 4302 postquam
405 4233 495 4279 autem
509 4219 550 4279 illi
561 4218 752 4300 praeterierint,
764 4219 868 4279 nullam
878 4242 912 4281 ex
925 4221 974 4282 do·

253 4313 339 4373 ctrina
365 4309 510 4372 utilitatem
539 4309 706 4393 percipiatis,
730 4332 818 4372 nonne
841 4326 974 4392 qrtantum

251 4404 361 4484 quidem
372 4405 400 4464 in
414 4406 494 4465 vobis
508 4404 590 4463 situm
601 4416 650 4475 est,
665 4402 788 4463 inutilem
798 4426 829 4465 ac
839 4424 970 4487 superva-

252 4520 360 4559 caneam
375 4498 523 4559 orationem
535 4509 654 4556 nostram
667 4494 803 4557 redditis?

292 4594 323 4651 ά.
337 4593 418 4651 Forte
442 4589 541 4668 multi,
569 4587 616 4667 qui
638 4587 697 4647 haeo
720 4587 845 4666 audiunt,
866 4589 1007 4651 detentu
1064 4590 1147 4671 Τάχα
1158 4591 1268 4669 άλγοῦαι
1280 4587 1373 4649 πολλοὶ
1383 4590 1435 4656 τῶν
1448 4590 1532 4647 ταῦτα
1542 4581 1781 4650 άκουόντων.·’λλλ“

251 4684 306 4745 Scd
320 4683 485 4764 negligentes
499 4682 536 4741 ita
546 4680 748 4740 consentiunt:
765 4681 885 4761 alioquin
894 4682 971 4742 incu-
1024 4686 1075 4764 οὐχ
1093 4681 1175 4750 οἱίτως
1194 4685 1218 4741 οἱ
1239 4685 1415 4762 ῥᾳθυμοῦντες
1428 4678 1530 4741 ἴσασιν·
1552 4683 1576 4740 εἰ
1597 4677 1663 4763 γάρ,
1685 4679 1716 4739 δν
1731 4673 1784 4740 θεία

251 4777 321 4835 riam
339 4797 415 4835 suam
431 4774 604 4855 deponerent,
616 4786 647 4830 ut
667 4793 715 4831 nos
731 4772 779 4851 qui
795 4773 916 4851 quotidie
935 4772 970 4834 dc
1024 4780 1098 4834 θεντο
1117 4772 1166 4845 τὴν
1179 4771 1332 4853 ὀλιγωρίαν,
1346 4774 1382 4840 ὥς
1395 4776 1473 4851 ἡμεῖς
1485 4774 1510 4831 οἱ
1521 4774 1581 4831 καθ’
1601 4771 1715 4846 ἑκάστην
1725 4767 1785 4849 ἡμί-

251 4869 331 4929 rehus
349 4867 453 4927 vestris·
464 4865 573 4926 solliciti
594 4885 695 4924 sumus.
709 4864 790 4936 Quod
804 4880 914 4925 tantum
935 4887 971 4926 en
1024 4891 1071 4949 ραν
1082 4865 1117 4926 τά
1128 4865 1243 4946 ὑμέτερα
1261 4869 1451 4947 μεριμνῶντες.
1464 4863 1501 4924 Τί
1517 4871 1642 4938 τοσοῦτον
1656 4861 1788 4945 κερδαίνοι

250 4960 364 5039 negotiis
388 4958 562 5020 saecularibus
581 4958 689 5016 lucrum
706 4956 822 5036 colligis,
838 4964 971 5036 quantum
1023 4963 1115 5020 ἐκτῶν
1130 4959 1222 5029 ἔξωθεν
1234 4957 1413 5040 πραγμάτων,
1428 4955 1489 5017 ὅσον
1501 4961 1605 5036 ζημιοῖς
1621 4955 1790 5030 ίαντόνςθθῑ

228 5103 233 5111 .
250 5051 302 5110 tibi
315 5050 446 5111 damnum
459 5049 597 5110 accersis?
612 5048 684 5108 Fieri
700 5049 805 5128 nequit,
819 5063 850 5109 ut
867 5070 902 5109 ex
915 5050 970 5110 alio
1023 5051 1094 5112 ἔστιν
1111 5050 1137 5120 ἐξ
1159 5050 1250 5131 ἑτέρας
1263 5049 1394 5118 ουνάξεως
1408 5048 1425 5121 ἢ
1441 5047 1550 5108 συνόδου
1570 5055 1697 5111 τοσοῦτον
1710 5047 1792 5130 κάρδος

251 5165 393 5225 congressu
410 5157 576 5206 conventura
594 5155 699 5201 tantum
719 5142 825 5201 lucrum
840 5156 970 5224 reportes,
1022 5142 1152 5212 λαάόντας
1165 5145 1299 5215 ἀπελθεῖν,
1311 5141 1373 5202 ὅσον
1387 5141 1442 5202 ἀπδ
1458 5145 1507 5214 τῆς
1519 5144 1635 5202 ἐνταῦθα
1646 5139 1792 5224 impiis(

283 5317 294 5345 ι
310 5301 400 5368 {Foro
413 5297 461 5368 leg.
473 5297 527 5356 lll'
540 5305 581 5368 rix
591 5304 661 5364 οὕτως
672 5307 693 5355 οἱ
704 5306 728 5370 ρ.
742 5308 811 5356 tractu
824 5299 855 5370 (ἦ
868 5310 912 5376 γὰρ
923 5308 950 5355 δυ
962 5309 1071 5358 ἀπέθεντο
1083 5310 1123 5367 τὴν
1137 5304 1276 5373 ὀλιγωρίαν),
1287 5308 1316 5362 ὡς
1331 5325 1353 5354 κ.
1367 5323 1389 5356 τ.
1403 5301 1438 5366 λ]
