3764 5992
443 387 519 484 934
763 401 794 451 s.
821 397 963 451 rouuurs
987 396 1171 451 enrrsosr.
1198 398 1354 451 arenam.
1382 394 1693 449 eousruumuor.

443 544 520 591 estet
532 549 641 589 sursum
654 539 681 587 et
695 525 857 586 nobiseum?
872 524 974 584 Habuit
987 524 1086 584 eaelum
1103 544 1164 584 san·
1218 527 1315 598 ἀνῆλθε
1327 524 1373 584 καλ
1386 525 1528 603 ἀνήνεγκε
1544 524 1583 583 τὸ
1598 522 1744 603 ἡμέτερον
1759 524 1878 599 edundi

444 639 518 684 ctum
526 620 761 704 eorpus3suseepit
769 633 795 680 et
805 634 875 679 terra
886 632 1008 679 sanetum
1017 617 1162 698 spirituum
1216 614 1266 689 τὴν
1281 616 1369 677 εἰκόνα
1383 623 1430 676 τοῦ
1441 616 1538 694 Ἀδὰμ
1560 614 1622 689 τλν
1639 619 1670 675 ἐν
1685 615 1767 696 τάφῳ
1780 639 1835 696 νεγ,
1850 656 1868 695 .,

445 716 523 787 venit
530 714 654 773 Christus
662 709 924 791 etatuditSpiritum
932 721 1165 785 sanetum3aseen·
1217 707 1257 767 έτε
1280 707 1348 787 μετὰ
1372 708 1497 789 ἀγγέλων
1522 708 1730 790 φαινομένην,
1754 711 1813 768 ἀλλ’
1835 716 1875 770 ὑπ

444 804 487 866 dit
495 806 621 866 Christus
631 817 658 864 et
669 803 762 863 retulit
772 816 894 862 nostrum
904 798 1166 881 eorpusilidereque
1218 802 1337 880 ἀγγέλων
1351 801 1570 880 ουγκαθημένην
1590 805 1638 882 τῷ
1661 804 1748 881 Θεῷ,
1768 802 1862 861 imezi

445 910 502 957 erat
515 896 661 976 imaginem
676 893 787 970 Adurni,
803 894 830 952 in
847 893 989 974 sepulchro
1013 891 1163 969 humatam,
1218 894 1316 974 καθίσῃ
1326 896 1384 973 μετ’
1402 897 1497 955 αὐτοῦ.
1509 891 1552 954 Ὢ
1567 899 1627 967 τῆς
1639 895 1767 976 φοὸερῖς
1780 896 1824 954 καὶ
1837 897 1860 965 {J

445 1010 499 1049 nou
518 990 589 1048 ultra
615 1009 677 1047 curn
697 986 799 1066 angelis
820 998 1005 1067 apparentem,
1021 982 1069 1043 sed
1084 1004 1165 1064 super
1218 985 1323 1065 μέας·ὧ
1333 992 1379 1046 τοῦ
1389 986 1511 1063 μεγάλου
1521 987 1680 1065 βασιλέως
1691 994 1744 1047 τοῦ
1755 989 1790 1046 ελ
1803 988 1879 1047 πάντα

446 1081 629 1160 angeloseum
643 1082 700 1139 Deo
714 1077 859 1153 sedentem,
870 1089 902 1135 ut
915 1089 941 1135 et
955 1076 1071 1156 nosejus
1084 1095 1164 1156 opera
1216 1084 1264 1137 τοῦ
1276 1077 1378 1145 ὀὕτως
1393 1077 1514 1157 μεγάλου
1536 1079 1595 1138 καὶ
1611 1084 1794 1159 θαυμαστοῦ.
1811 1081 1859 1139 liei
1875 1120 1882 1132 „

444 1172 499 1254 ipsi
521 1172 708 1233 assideremus.
728 1171 753 1229 0
774 1167 940 1229 tremendam
960 1181 987 1227 et
1005 1166 1165 1248 stupendam
1217 1168 1372 1250 προφήτης·
1386 1167 1468 1247 Κύριε
1492 1168 1630 1251 δκύριος
1653 1174 1760 1248 ἡμῶν,
1782 1177 1818 1240 ὡς
1830 1177 1878 1249 baa:

445 1264 691 1347 dispensationem!
709 1287 725 1324 o
743 1285 873 1344 magnum
896 1284 986 1343 regem
1006 1284 1055 1343 per
1076 1261 1166 1322 omnia
1217 1259 1301 1339 ὄνομά
1315 1284 1361 1320 σου
1373 1262 1400 1319 έν
1419 1261 1495 1339 πάσῃ
1515 1265 1552 1341 τῇ
1572 1266 1635 1341 γῇ,
1649 1261 1697 1321 ὅτι
1710 1263 1818 1343 ἐπήρθη
1831 1270 1865 1339 1,,
1880 1310 1882 1313 .

446 1379 588 1439 magnum,
612 1358 650 1418 ita
664 1378 803 1437 magnum,
817 1356 938 1434 inquam,
953 1369 978 1413 et
992 1353 1163 1416 mirabilem!
1218 1351 1282 1412 ποιά
1299 1374 1345 1412 σου
1360 1350 1482 1432 ὑπεράνω
1497 1356 1556 1410 τῶν
1577 1355 1728 1434 οὐρανῶν.
1750 1353 1868 1433 ’Enipea

293 1472 362 1519 frat.
375 1468 399 1519 4,
412 1482 435 1519 4,
446 1453 534 1529 Atque
544 1463 575 1510 ut
588 1450 627 1509 ait
641 1448 772 1529 propheta
784 1472 791 1505 ι
802 1449 935 1513 Douu'ne¹
946 1447 1094 1505 Dominus
1108 1465 1164 1504 no-
1182 1460 1200 1507 a
1219 1441 1350 1511 αὖεολεξελ
1369 1451 1471 1502 κεῖται·
1497 1444 1680 1503 Βλεπόντων
1704 1448 1799 1505 αὐτῶν
1818 1447 1878 1525 ieri?

444 1554 514 1614 ster,
532 1563 623 1623 quam
645 1538 821 1600 admirabile
841 1550 885 1597 est
909 1557 1014 1594 nomen
1035 1548 1118 1594 tuum
1133 1539 1165 1594 in
1219 1534 1307 1594 πάντα
1319 1533 1416 1613 μέγας
1429 1532 1515 1612 μέγας
1529 1540 1544 1594 b
1559 1534 1661 1610 θεὸς,
1674 1537 1871 1617 μέγαςὸΙέάρ·

445 1654 583 1693 rtnrversa
593 1646 690 1691 terra
687 1630 696 1671 t
711 1632 851 1710 quoniam
864 1628 926 1686 eles
922 1639 981 1685 ata
991 1639 1034 1686 est
1048 1627 1167 1706 magni-
1219 1623 1314 1705 Κύριος
1333 1624 1378 1685 καὶ
1399 1623 1501 1692 eiusab<
1525 1626 1655 1705 σφόδρα.
1679 1630 1708 1687 F
1709 1632 1720 1687 1
1745 1628 1830 1687 δὲ’
1795 1654 1871 1709 μιγας

440 1725 569 1807 ficentia
581 1737 633 1782 tua
644 1743 731 1800 super
738 1722 834 1781 caelos
840 1719 952 1778 Elevata
964 1731 1003 1776 est
1016 1716 1165 1795 divinitas;
1220 1715 1303 1796 μέγας
1319 1716 1429 1796 Κύριος,
1446 1715 1533 1795 μέγας
1547 1716 1604 1775 καὶ
1622 1718 1786 1797 βασιλευς,
1806 1723 1880 1780 Βαοιλ

444 1813 511 1895 ipsis
539 1813 631 1873 verbis
652 1812 774 1870 dicitur·
768 1811 961 1869 ·Walentibus
985 1809 1046 1868 illis
1069 1810 1166 1869 eleva-
1219 1808 1360 1869 ἐπλπᾶοαν
1370 1807 1490 1888 τλνγῆν.
1510 1806 1593 1889 ’'Opr¹
1607 1808 1735 1884 Eiram·
1716 1812 1867 1893 τὰπλευρι

445 1918 493 1964 tus
510 1916 564 1981 est,
583 1925 631 1982 qur
623 1899 798 1961 seeundum
811 1899 901 1959 omnia
914 1921 1038 1980 magnus,
1052 1921 1165 1979 magnus
1218 1900 1324 1973 ἡπόλις
1337 1922 1384 1959 που
1367 1899 1530 1979 βασιλέως
1541 1923 1597 1959 του
1576 1902 1761 1981 μεγάλω.
1778 1906 1868 1984 Μέγας

292 2025 342 2072 444
345 2023 433 2087 4444
447 1997 529 2071 Deus,
544 2014 657 2098 magnus
671 1991 825 2051 Dominus.
837 1995 967 2072 Magnus
977 1994 1125 2052 Dominus
1135 2005 1165 2054 et
1219 1990 1302 2072 μέγας
1316 1991 1418 2073 ἱερεὺς,
1429 1991 1498 2070 μέγα
1515 1996 1594 2072 φῶς,
1608 1993 1650 2053 τὰ
1662 1995 1767 2055 πάντα
1782 1996 1870 2109 μέγας

446 2085 606 2145 laudabilis
621 2087 716 2144 nimis.
730 2083 762 2143 si
781 2104 846 2144 vero
860 2102 974 2163 magnus
987 2084 1062 2143 Deus
1071 2095 1098 2142 et
1106 2104 1165 2143 ma
1218 2083 1313 2164 Γραφὴ
1332 2082 1401 2163 μετὰ
1412 2084 1569 2164 προσθήκης
1588 2086 1680 2146 αὐτὸν
1703 2087 1836 2168 λέγει’
1801 2114 1878 2167 μεγαν

293 2208 356 2253 4444,
446 2197 515 2257 gntus
526 2175 669 2251 Dominus,
680 2195 794 2254 magnus
804 2189 886 2236 etiam
899 2194 949 2234 rex
961 2188 1012 2252 est,
1026 2176 1164 2235 Reama·
1217 2174 1282 2255 λέγῃ
1295 2176 1418 2242 Παῦλος
1430 2176 1486 2234 λου
1500 2176 1630 2255 μεγάλω
1646 2179 1730 2237 Θεοῦ
1746 2179 1880 2240 zaim

295 2309 332 2353 44,
343 2325 365 2353 v.
377 2308 402 2355 4,
443 2288 520 2349 gnus
533 2287 619 2346 super
632 2287 747 2324 omnem
761 2280 879 2327 terram.
888 2268 1005 2326 Montes
1021 2266 1102 2339 Sion,
1118 2267 1164 2326 la·
1217 2265 1306 2339 Ἰηοοο
1317 2267 1479 2346 Χριστου
1446 2288 1453 2302 ·
1464 2290 1500 2333 ως
1519 2265 1567 2326 καὶ
1590 2267 1690 2328 Δαοὶδ
1706 2270 1809 2352 λέγει·
1825 2272 1867 2332 bl
1871 2334 1875 2347 ,

445 2370 509 2416 tera
524 2358 683 2438 aquilonis,
700 2360 805 2416 civitas
820 2360 896 2437 regis
918 2360 1029 2438 magni.
1045 2359 1163 2437 Magnus
1217 2356 1263 2416 καὶ
1280 2358 1379 2426 αἰνετὸς
1399 2357 1508 2438 σφόδρα.
1526 2358 1631 2436 Μέγας
1656 2363 1813 2438 βασιλεὺς,
1828 2366 1870 2444 μέ

444 2450 593 2533 propbeta,
615 2471 729 2531 magnus
752 2448 891 2529 sacerdos,
908 2472 1037 2531 magnum
1057 2452 1161 2531 lumen,
1179 2472 1198 2521 c
1216 2472 1264 2522 της
1277 2471 1284 2486 ·
1297 2448 1341 2509 ὅτε
1355 2449 1408 2529 γὰρ
1422 2447 1505 2508 ἐποίει
1518 2448 1554 2507 τὰ
1566 2449 1714 2528 θαύματα
1729 2458 1747 2512 b
1763 2454 1879 2528 Ἰησοῦς,

444 2542 593 2603 seeundum
612 2542 701 2603 omnia
712 2563 835 2622 magnus.
844 2542 1009 2624 Semperque
1022 2543 1162 2624 Scriptura
1216 2540 1308 2621 ὄχλοι,
1323 2539 1390 2601 Ὅτι
1403 2539 1486 2619 μέγας
1498 2540 1652 2622 προφήτης
1672 2546 1830 2627 ἐγήγερτις
1847 2552 1871 2608 {a

296 2674 343 2719 444,
357 2684 381 2722 4,
396 2669 432 2719 ,4,
443 2656 572 2715 magnum
586 2634 728 2715 praedieat5
739 2648 769 2693 ut
778 2656 840 2694 eum
853 2636 954 2694 Paulus
965 2634 1048 2695 dicit:
1058 2638 1165 2717 Magni
1213 2631 1255 2691 det
1266 2632 1532 2712 έπεοκέψατοὸθεὸς
1543 2633 1592 2691 τὸν
1612 2636 1687 2694 λαὸν
1704 2642 1806 2699 αὐτοῦ.
1821 2644 1861 2700 Οὐ
1875 2666 1881 2717 ;

443 2729 502 2787 Dei
511 2740 541 2785 et
552 2727 717 2787 Salvatoris
734 2730 827 2784 nostri
843 2726 915 2786 lesu
925 2728 1057 2797 Christi5
1070 2749 1164 2804 quem·
1214 2724 1285 2783 κατὰ
1294 2723 1344 2796 τὴν
1358 2724 1471 2797 θεάτητα
1487 2724 1591 2803 μέγας,
1607 2728 1689 2788 ἀλλὰ
1705 2732 1759 2791 καλ
1773 2733 1845 2791 κατὰ
1876 2734 1881 2755 “

442 2817 590 2879 admodum
611 2832 638 2877 et
656 2816 748 2877 David
768 2815 993 2898 dieitzMagnus
1019 2820 1164 2879 Dominus
1214 2815 1306 2898 ὥσπερ
1324 2817 1377 2899 γὰρ
1389 2817 1457 2885 θεὸς
1471 2816 1573 2896 μέγας,
1591 2820 1645 2879 καὶ
1662 2822 1775 2902 Κύριος
1796 2824 1876 2905 μέγας

442 2923 471 2971 et
486 2912 646 2971 laudabilis
658 2913 755 2971 nimis
766 2911 884 2989 Magnus
898 2930 946 2968 rex
948 2931 1084 2989 ,magnus
1099 2931 1164 2991 pro-
1215 2907 1303 2976 σιλιὺς
1328 2908 1411 2987 μέγας
1434 2906 1505 2967 κατά
1529 2908 1581 2980 τλν
1607 2912 1759 3025 θεάγητα,
1784 2917 1855 2975 οὕτω

442 3002 541 3085 pheta:
554 3024 617 3063 cum
632 3002 704 3062 enim
718 3000 849 3060 miracula
872 3000 962 3061 ederet
982 3004 1072 3077 Jesus,
1087 2999 1162 3061 dice-
1214 2999 1277 3059 1ε
1241 3022 1298 3079 ρευς
1312 2998 1406 3079 μέγας,
1420 2999 1466 3059 καὶ
1475 3000 1677 3080 προφήτης
1636 3028 1747 3084 μαγις
1760 3008 1879 3068 114444-

344 3124 433 3190 ,,,4,
443 3090 714 3172 hantturbaevulqi.
725 3094 876 3173 Propheta
889 3113 1015 3172 magnus
1035 3097 1163 3151 surrexit
1214 3115 1258 3171 γει
1275 3094 1400 3158 Παῦλος·
1415 3085 1588 3171 Ἔγονειιςτ
1557 3114 1606 3151 ουν
1627 3100 1776 3179 ἀρχιερέα
1799 3102 1880 3219 μέγιγ

444 3190 477 3246 in
489 3190 582 3263 nobis,
595 3197 623 3244 et
634 3187 714 3244 Deus
728 3187 864 3244 visitavit
872 3185 988 3263 plebem
1001 3204 1095 3243 suam.
1103 3185 1164 3245 Non
1216 3181 1338 3243 θάτα
1299 3207 1359 3251 τους
1376 3182 1501 3264 οὐρανοὺς
1511 3184 1670 3256 Ἰησοῦν
1640 3211 1693 3248 τον
1705 3192 1735 3249 λ
1736 3191 1828 3250 ἱὸν
1799 3218 1831 3253 το
1829 3199 1878 3250 ὖ·

444 3277 627 3338 modoautem
639 3274 966 3337 seeundumdiuinitatem
979 3295 1104 3354 magnus,
1117 3273 1165 3334 sed
1215 3280 1310 3351 τοῦμεν
1329 3281 1377 3348 τῆς
1395 3275 1535 3356 ὁμολογίας
1556 3280 1655 3355 ἡμῶν.
1672 3282 1712 3339 El
1734 3282 1800 3342 δὲ
1784 3309 1877 3364 αρχιε

445 3369 526 3430 edam
546 3367 694 3429 seeundum
715 3389 839 3428 earnem:
852 3366 1079 3446 quemadmodum
1093 3367 1164 3426 enim
1215 3367 1261 3426 καλ
1274 3368 1412 3449 προφητης
1434 3367 1531 3446 μέγας,
1545 3368 1635 3437 ὄντως
1658 3375 1872 3455 ἐπεοκεφατο
1861 3398 1875 3435 ο

446 3464 520 3522 Deus
528 3481 652 3539 magnus,
663 3462 798 3519 Dominus
811 3481 937 3540 magnus,
949 3474 975 3519 et
988 3480 1037 3519 rex
1050 3481 1165 3541 magnus
1215 3458 1279 3519 λαὸν
1299 3463 1389 3534 αὐτοῦ,
1409 3460 1456 3520 καὶ
1479 3460 1610 3531 ἀνέστησε
1639 3467 1800 3545 προφήτην
1825 3468 1875 3546 μέγ

445 3568 485 3614 est
497 3552 646 3613 secundum
658 3552 830 3612 divinitatem
840 3576 847 3609 ε
858 3553 896 3612 ita
906 3574 1000 3612 rursus
1013 3566 1039 3611 et
1049 3574 1165 3632 magnus
1180 3578 1201 3626 p
1217 3550 1336 3632 Ἰσραήλ.
1350 3554 1385 3612 Ei
1399 3551 1427 3610 δὲ
1441 3551 1525 3632 μέγας
1538 3553 1705 3633 προφήτης,
1727 3560 1821 3638 μέγας
1832 3563 1872 3640 444

446 3644 578 3719 sacerdos,
588 3658 613 3703 et
634 3663 749 3723 magnus
765 3644 906 3725 propheta.
919 3643 1063 3718 Quomodo
1075 3643 1165 3704 illud?
1217 3646 1358 3725 βασιλεὺς,
1377 3645 1424 3705 καλ
1444 3649 1499 3726 φῶς
1522 3645 1615 3724 μέγα·
1636 3651 1792 3710 Γαλιλαία
1814 3657 1867 3711 τῶν

296 3775 319 3822 4
319 3772 394 3839 4,,4,
400 3775 436 3835 ,4
447 3737 494 3797 Ait
507 3736 622 3796 Paulus:
634 3738 786 3793 Habentes
800 3738 901 3815 itaque
912 3736 1165 3816 pontificemma-
1215 3737 1278 3806 λαὸς
1302 3741 1316 3796 ὁ
1338 3737 1520 3816 antipatros}
1521 3760 1534 3794 ν
1556 3760 1652 3798 οκοτει
1679 3732 1741 3801 εἶδε
1762 3749 1854 3825 φῶς
1849 3772 1881 3804 ns

445 3849 534 3910 girum
544 3848 593 3908 qm
589 3827 858 3905 penetravitcoelos
867 3827 970 3885 lesum
978 3827 1089 3886 Filium
1097 3829 1165 3905 Dei,
1216 3829 1291 3903 καὶὴ
1302 3828 1393 3913 ἡμέρ
1394 3831 1706 3909 ααῦτουὴμεγάλη,
1690 3859 1732 3903 ιος
1748 3838 1784 3897 λέ
1784 3844 1855 3919 γειὸ

447 3920 799 3999 tenemusconsessionem
811 3930 953 3976 nostram.
957 3917 1088 3977 Siautem
1097 3940 1165 3999 pon-
1215 3921 1286 4002 Πριν
1301 3925 1385 3982 ἐλθεῖν
1408 3921 1457 3995 τὴν
1479 3920 1584 4001 ἡμέραν
1606 3925 1720 4006 Κυρίου
1749 3930 1806 4003 vlu
1829 3957 1876 4043 444,

445 4011 638 4090 tifexmaqnus
652 4023 678 4068 et
692 4009 821 4090 propheta
833 4029 1029 4087 magnauram
1042 4009 1166 4071 visitavit
1216 4016 1341 4095 ἐπιφανῆ.
1364 4015 1507 4163 Πανταγ,οο
1528 4012 1614 4092 μέγαν
1636 4018 1771 4095 damas,
1788 4024 1838 4082 χαὶ
1862 4050 1881 4101 ,¹²

447 4104 520 4163 Deus
533 4102 640 4183 plebem
652 4123 738 4176 suam
751 4115 777 4162 et
787 4113 928 4159 suscitavit
936 4100 1165 4181 prophetamma
1216 4105 1281 4186 ἔργα
1304 4104 1418 4186 Κυρίου,
1442 4105 1478 4165 πά
1479 4111 1521 4164 θεν
1479 4106 1648 4178 θέπηλθέ
1674 4134 1722 4171 σοι
1749 4116 1819 4195 4-4ίζ
1820 4140 1873 4233 444

447 4215 530 4275 gnum
546 4194 574 4254 in
587 4194 680 4253 lsrael.
694 4147 818 4266 Qdodsr
834 4214 949 4273 magnus
964 4206 1004 4251 est
1019 4194 1162 4274 propheta,
1216 4198 1261 4258 καλ
1282 4197 1475 4277 ομικρύνεινε
1476 4196 1626 4276 ὸνμέγαν;
1642 4200 1882 4284 ’1144444444

447 4307 561 4366 magnus
573 4285 903 4365 saeerdos,rexmagnus,
912 4285 1054 4344 luxetiam
1066 4308 1162 4366 magna
1215 4315 1263 4362 της
1274 4293 1344 4363 ζωης
1357 4294 1434 4369 ἡμων
1445 4292 1512 4348 ἐν
1487 4292 1605 4371 ουρανῷ,
1617 4299 1877 4379 συνανελήφοημεγ

299 4406 340 4452 lea
326 4404 411 4466 ,4444
416 4418 439 4451 4
447 4393 502 4439 est:
516 4378 644 4439 Galilaea
665 4382 806 4459 gentium,
821 4380 947 4459 populus
968 4383 1020 4458 qui
1046 4380 1163 4439 sectabar
1179 4411 1198 4460 44
1216 4385 1282 4442 στῶ.
1305 4372 1444 4442 Hadru
1414 4405 1459 4441 ουν
1478 4381 1656 4461 ἁρπαζέμεθα
1678 4389 1708 4446 ἐν
1722 4392 1874 4471 νεφελαις,

448 4472 626 4541 intenebris,
635 4470 818 4529 vrilitlueem
833 4492 991 4550 magnam
984 4470 1164 4531 ·imoetdies
1215 4474 1283 4543 ἄξιοι
1299 4474 1343 4534 ἐπὶ
1356 4477 1500 4556 νεφελῶν’
1485 4478 1653 4545 απαντῆοαι.
1669 4477 1872 4553 ‘iudanos
1820 4510 1875 4544 44

301 4596 342 4641 4,,
343 4592 440 4641 4,,44,
448 4564 506 4644 ejus
518 4582 647 4641 magnus,
663 4575 693 4619 ut
706 4561 745 4619 art
757 4561 907 4642 propheta
915 4562 1091 4643 Antequam
1113 4584 1164 4622 oe·
1215 4566 1423 4645 δεκααεη,αλλλι
1435 4564 1597 4646 φαίνεται
1566 4590 1617 4643 μιν
1633 4573 1715 4651 αὐτῷ
1728 4578 1870 4656 παρις-44,

449 4656 586 4714 niatdies
605 4653 726 4711 Domini
744 4666 905 4731 magnuset
920 4655 1079 4714 horribilis.
1093 4655 1164 4714 Cum
1214 4661 1321 4738 ἀπαντᾷ
1332 4657 1396 4730 δή(
1382 4681 1418 4724 ως
1432 4657 1687 4737 απαρῤηοέαοεος’
1664 4686 1720 4721 ων.
1741 4668 1804 4726 Ed!
1792 4668 1880 4747 44344414

449 4744 568 4827 undique
587 4761 715 4821 magnum
735 4738 831 4798 audias
849 4753 876 4798 et
899 4760 998 4820 magna
1011 4762 1068 4802 esse
1081 4764 1163 4824 opera
1214 4754 1292 4827 ἡραῖς
1309 4720 1438 4823 linense,
1457 4749 1745 4827 ἀγαπηεο1,ἵνα“των
1765 4761 1879 4819 ἅπαντά

449 4848 519 4929 ejus,
540 4842 612 4907 unde
632 4840 732 4901 tibin
752 4850 868 4897 mentem
890 4840 973 4917 venit,
987 4862 1004 4899 o
1025 4840 1162 4917 haeretice,
1215 4843 1242 4899 έν
1256 4852 1340 4921 μικρᾷ
1353 4839 1572 4920 τάξεε’τυχωμεν
1585 4840 1709 4926 Ὥσπερ
1723 4848 1785 4930 γὰρ
1801 4856 1868 4910 οἱα

480 5031 589 5103 ¹[Cod.
603 5032 666 5083 4447
681 5035 749 5088 mm
763 5031 873 5092 μιγάλοο.
887 5027 952 5075 11116
970 5030 1081 5094 βασιλέως
1098 5034 1200 5098 χριιιοῦ.
1260 5027 1273 5067 ¹³
1290 5025 1430 5092 [Codieem
1442 5027 1569 5094 sequimur
1584 5029 1665 5082 1117.
1684 5033 1794 5092 Menti.
1810 5043 1877 5094 omia

455 5126 526 5175 44444
534 5124 578 5187 7⁶¹?
588 5121 663 5169 4444444
673 5116 713 5166 γοῡ
722 5112 791 5167 ὅπως
796 5109 898 5172 μεγάλου
904 5110 1015 5172 βασιλέως
1026 5111 1062 5159 καὶ
1072 5112 1203 5172 θαυμαστοῦ
1227 5110 1313 5174 ἡμέρα.
1325 5104 1391 5158 Ced.
1411 5107 1474 5159 1186
1486 5112 1523 5159 καὶ
1534 5110 1615 5178 ἡμέρα
1627 5112 1693 5170 αὕτη
1706 5122 1837 5187 44444444]

458 5204 487 5259 ὣς
497 5200 553 5251 εἶπεν
562 5194 624 5259 μοι]
