3810 6000
581 494 625 540 nn
650 493 874 541 confessione
901 491 1067 540 ennuosn
1092 491 1218 539 crucis.
1472 455 1473 458 ¹
1567 474 1650 544 1003

106 620 156 694 τὴν
170 618 324 680 ἀντίστασιν.
341 616 395 674 {iet
408 616 487 675 πάλιν
501 617 595 719 ἑτέροις
610 621 696 690 δηλῶν
709 625 754 677 τοῦ
768 625 880 698 σταυροῦ
936 630 1035 693 turum,
1044 629 1070 675 et
1084 616 1311 676 resurrectionem.
1320 617 1424 676 Rursus
1434 617 1511 676 aliter
1525 619 1582 678 viru
1593 641 1654 678 eru·

106 700 156 773 πλν
169 698 255 776 ἰσχύν,
269 696 374 775 ἔλεγεν·
387 695 475 755 Ὅταν
495 700 618 776 tepore-gre
632 697 676 756 τδν
691 697 755 757 Υίδν
766 702 811 755 τοῦ
831 701 880 755 ἀν·
935 695 974 753 eis
987 695 1136 769 declarans,
1146 694 1213 753 alibi
1228 693 1344 771 dicebat,
1365 698 1439 756 Cum
1453 698 1654 760 exaltaveritis
1665 717 1804 770 nunna.

108 778 232 860 θρώπου,
247 775 307 834 τότε
323 773 453 853 γνώσεσθε
468 775 509 834 ὅτι
519 776 573 855 ἐγώ
584 780 648 854 εἰμι.
661 775 747 836 Ὅταν
762 774 880 856 σταυρύι·
936 776 1049 833 Filium
1064 777 1200 848 hominis,
1215 787 1284 834 tttnc
1303 779 1490 856 cognoscetis,
1511 779 1590 856 quod
1602 799 1653 859 ego

109 856 175 929 σητί
190 879 240 931 με,
255 853 336 933 φησί,
350 854 396 912 καί
406 853 532 932 νομίσητε
545 855 727 933 περιγενέσθαι
743 879 808 932 μου,
821 856 882 912 τότε
933 874 1009 912 sum.
1018 855 1088 913 Cum
1099 854 1259 931 me‚·inquit,
1268 858 1341 913 cruci
1352 855 1518 929 suffixeritis,
1524 870 1550 914 et
1559 877 1601 914 me
1611 858 1653 916 vi·

110 937 227 1014 μάλιστα
246 932 346 991 εἰσεοθί
364 957 414 1009 μου
435 933 484 1006 τὴν
505 932 591 1013 ἰσχύν.
611 935 686 994 ’Καὶ
709 937 796 1000 καλῶς
809 925 881 993 εἶπεν
936 946 1009 991 ctum
1023 933 1249 1006 existimaveritis,
1260 946 1318 991 tum
1327 933 1444 993 maxime
1452 935 1509 992 vim
1518 956 1605 993 meam
1613 937 1654 995 in-

110 1020 125 1074 θ
144 1011 269 1093 Χριστός.
292 1010 369 1070 Μετδ
387 1011 439 1092 γδρ
458 1012 488 1071 τὸ
508 1017 693 1113 σταυρωθῆναι
714 1014 828 1092 Χριστὸν
847 1010 881 1070 τδ
936 1011 1072 1091 teiligetis.
1088 1012 1124 1070 Et
1138 1027 1208 1072 recte
1218 1011 1247 1070 id
1257 1013 1382 1072 Christus
1395 1013 1553 1074 affirmavit.
1560 1015 1654 1074 Postea

110 1089 245 1154 Ἰουδαϊκὰ
260 1090 484 1162 diuinationem,
506 1092 536 1150 τδ
551 1115 584 1163 κη
603 1116 674 1172 υγμα
690 1091 803 1165 ἤνθησε,
818 1092 883 1171 πρὸς
900 1103 918 1150 Β
936 1092 1008 1150 enim
1016 1091 1228 1169 quamChristus
1237 1091 1264 1151 in
1279 1113 1386 1151 erucem
1399 1107 1475 1151 aetus
1485 1106 1534 1164 est,
1543 1092 1654 1153 Judaeo·

109 1172 145 1232 πδ
159 1170 262 1249 πέρατα
280 1175 328 1240 τῆς
348 1169 504 1248 οἰκουμένης
521 1169 628 1243 ἐξεταθη
643 1170 758 1249 θλύγος·
780 1171 826 1229 καλ
847 1176 881 1248 γῆ
936 1191 996 1229 rum
1004 1170 1208 1229 consuetudines
1217 1170 1327 1229 finemet
1337 1171 1479 1230 terminum
1490 1171 1654 1248 habuerunt,

111 1249 158 1310 καί
167 1251 297 1320 θάλασσα,
307 1248 352 1305 καί
362 1249 500 1326 οἰκουμένη
513 1250 558 1307 καί
570 1250 701 1323 ἀοίκητος,
711 1248 759 1320 τὴν
772 1249 881 1327 δύναμιν
937 1248 1092 1328 predicatio
1105 1249 1208 1326 florent,
1220 1249 1255 1308 od
1264 1250 1329 1309 fines
1339 1250 1655 1327 terminosqueorbister·

112 1333 191 1389 αῦτοῦ
216 1326 356 1394 διαπαντὸς
376 1327 593 1407 ἀνακηρύττουαι.
616 1330 717 1400 Μηδεὶς
731 1329 816 1387 τοίνυν
837 1332 882 1386 αἰ-
937 1329 1147 1387 ιοιυιιιυτιίιυιιι
1171 1329 1532 1410 σινοείιισμιιιμιονὶιιιίιιιο
1540 1343 1565 1390 et
1573 1351 1655 1400 mare,

111 1406 248 1488 σύνέσθω
257 1404 291 1464 τδ
305 1406 389 1483 σεμνδ
403 1412 450 1478 τῆς
460 1407 593 1485 σωτηρίας
603 1414 668 1486 ἡμῖν
680 1407 820 1485 σύμῦολοι,
837 1408 883 1466 καὶ
938 1419 993 1464 tam
1009 1428 1039 1465 ea
1053 1429 1113 1484 quae
1120 1351 1287 1480 minitantur,
1299 1430 1380 1487 qrrnm
1392 1428 1452 1486 quae
1465 1430 1517 1466 non
1532 1409 1656 1467 habitun-

111 1433 296 1564 τδκεραλαιον
310 1488 362 1542 τῶν
381 1489 496 1565 ἀγαθῶν,
514 1487 547 1543 δι’
563 1487 577 1546 δ
593 1488 638 1546 καί
654 1491 740 1563 ζῶμεν
754 1488 799 1546 καλ
823 1489 856 1546 δι’
869 1485 886 1544 ὅ
939 1498 984 1544 tur
994 1507 1098 1565 semper
1109 1486 1266 1566 predicant.
1280 1487 1439 1546 Neminemi
1460 1486 1515 1545 itur
1528 1488 1656 1566 glorioso·

113 1569 206 1642 ἐσμεν·
231 1566 289 1622 ἀλλ’
317 1567 352 1631 ὥς
375 1564 512 1642 στέφανον,
538 1565 607 1623 οὕτω
630 1566 813 1645 περιρέρωμεν
838 1565 882 1623 τὸν
939 1585 1001 1623 rum
1015 1565 1109 1624 salutis
1128 1580 1225 1625 nostre
1240 1565 1379 1645 signoruni
1400 1508 1511 1646 pudeat,
1533 1588 1657 1627 summa·

111 1643 225 1722 σταυρὸν
240 1650 285 1702 τοῦ
298 1645 422 1723 Χριστοῦ.
443 1644 496 1702 Ιίαί
515 1643 568 1723 γδιρ
581 1644 670 1704 ποίντα
691 1646 724 1702 δι’
748 1648 827 1703 αὐτοῦ
841 1666 884 1702 τι·
940 1665 992 1721 que
1006 1645 1148 1722 bonorum,
1183 1666 1215 1702 na
1231 1658 1257 1703 et
1265 1645 1386 1704 vivimus
1399 1660 1425 1704 et
1440 1666 1553 1721 sumus;
1571 1645 1617 1704 sed
1630 1660 1664 1711 ut¹

112 1726 198 1782 λεῖται
215 1721 249 1780 τδι
267 1727 324 1779 καθ’
341 1727 426 1800 ἡμᾶς·
443 1723 492 1781 κάν
507 1727 713 1801 ἀναγεννηθῆναι
730 1724 786 1802 δέη,
802 1747 883 1783 σταυ-
939 1743 1076 1794 coronam,
1094 1723 1133 1782 sic
1152 1725 1174 1781 C
1196 1723 1255 1782 risti
1277 1745 1384 1783 crucem
1406 1725 1531 1783 seramus.
1549 1723 1658 1783 Etenim

115 1802 157 1883 ρδς
171 1800 357 1879 παραγίνεται·
371 1801 421 1858 κᾶν
431 1805 563 1881 τραφῆναι
577 1801 626 1874 τὴν
643 1803 772 1879 μυστικὴν
783 1803 884 1875 ἐκείνην
940 1802 1287 1880 nostraereiigionisomnia
1303 1825 1351 1884 por
1368 1802 1444 1862 iilam
1508 1803 1655 1861 ficiuntur:

112 1879 223 1960 τρορὴν,
240 1879 288 1936 κᾶν
300 1885 533 1960 χειροτονηθῆναι,
546 1880 595 1939 κάν
609 1886 693 1940 ὁτιοῦν
708 1885 795 1960 ἕτερον
808 1885 885 1953 ποιῆ-
940 1880 998 1940 sive
1011 1881 1208 1958 regeneratione
1216 1903 1285 1959 opus
1293 1896 1344 1958 est,
1357 1904 1425 1941 crux
1439 1904 1454 1940 a
1473 1895 1524 1958 est,
1540 1880 1659 1961 sivespi·

114 1982 176 2032 σαι,
189 1963 325 2038 πανταχοῦ
338 1959 368 2018 τδ
382 1957 449 2030 ιτῆς
459 1961 532 2030 νίκης
543 1965 620 2036 ἡμῶν
636 1960 797 2040 παρίσταται
813 1960 885 2039 σύμ·
942 1958 1047 2017 ritualis
1070 1958 1116 2017 ille
1133 1979 1164 2015 ac
1178 1959 1333 2017 tremendus
1352 1961 1430 2018 cibus
1447 1959 1592 2018 sumendus
1611 1972 1659 2033 est,

114 2037 206 2096 ύολον.
221 2036 273 2095 Διά
287 2043 363 2095 τοῦτο
376 2038 421 2096 καί
434 2043 461 2098 ἐν
472 2039 582 2111 οἰκίαις,
597 2039 642 2097 καί
656 2040 700 2097 ἐπί
714 2045 766 2098 τῶν
778 2040 885 2118 τοίχων,
908 2032 910 2040 ’
940 2036 998 2096 sive
1014 2038 1041 2095 in
1057 2037 1179 2095 ordinem
1190 2036 1400 2096 ecclesiasticum
1413 2038 1660 2119 aliquieooptandi,

113 2117 161 2175 καὶ
171 2114 215 2173 ἐπί
228 2121 282 2173 τῶν
295 2120 389 2195 θυρῶν,
400 2118 446 2176 καί
456 2117 500 2176 ἐπὶ
512 2123 558 2175 τοῦ
574 2117 712 2195 μετώπου,
728 2117 773 2176 καί
784 2064 887 2189 taire<
942 2116 999 2175 sive
1012 2115 1123 2193 quidvis
1137 2114 1213 2174 aliud
1226 2115 1378 2175 faciendum
1398 2131 1448 2192 est,
1464 2117 1565 2194 ubique
1575 2117 1660 2178 victo-

115 2193 249 2269 διανοίας,
266 2195 331 2273 μετὰ
348 2197 447 2266 πολλῆς
460 2196 641 2276 ἐπιγρᾶρομεν
656 2197 732 2255 αὐτὸν
746 2202 794 2268 τῆς
808 2220 888 2257 σπου-
943 2195 988 2251 riae
999 2206 1096 2252 noslrae
1110 2192 1218 2272 signum
1240 2193 1323 2254 adest.
1339 2193 1404 2254 Ideo
1425 2194 1500 2254 iiiam
1516 2210 1541 2254 et
1556 2197 1582 2254 in
1596 2195 1661 2255 aedi·
1697 2210 1811 2257 Crucini-

115 2276 172 2345 δῆς.
184 2275 242 2344 Τῆς
257 2272 308 2355 γδρ
321 2273 386 2352 ὑπὲρ
400 2279 477 2351 ἡμῶν
495 2275 645 2356 σωτηρίας,
660 2276 705 2334 καί
720 2281 767 2346 τῆς
782 2279 887 2333 ἐλευθε-
942 2271 1004 2349 bus,
1018 2285 1044 2330 et
1060 2273 1086 2330 in
1098 2273 1191 2349 muris,
1203 2286 1228 2333 et
1241 2272 1268 2331 in
1291 2273 1406 2347 foribus,
1422 2288 1448 2332 et
1463 2275 1736 2348 insurrectionem
1763 2289 1812 2349 γεξ-

120 2352 178 2432 ρίας
201 2357 249 2422 τῆς
269 2357 371 2420 κοινῆς,
393 2354 503 2422 καὶτῆς
524 2353 665 2418 ἐπιεικείας
684 2358 761 2429 ἡμῶν
776 2360 824 2412 τοῦ
838 2358 888 2413 Aa·
944 2364 1105 2409 menteeum
1120 2372 1220 2430 magno
1243 2351 1334 2411 studio
1350 2352 1532 2434 depingimus.
1557 2355 1661 2412 Nostrae
1669 2336 1814 2444 :aaronita

118 2429 320 2502 σπότου,τοῦτό
334 2429 429 2489 ἔστιτὸ
441 2440 563 2502 σημεῖον·
578 2431 625 2498 Ὡς
635 2430 766 2512 πρόύατον
781 2432 833 2513 γὰρ
845 2433 889 2492 ἐπί
942 2431 1016 2489 enim
1028 2429 1121 2488 salutis
1135 2431 1340 2509 communisque
1355 2431 1487 2491 libertatis
1500 2446 1525 2491 et
1535 2432 1663 2491 bonitatis
1722 2430 1728 2442 ’

119 2506 223 2588 σραγλν
238 2507 316 2588 ἤχθη.
336 2505 423 2567 Ὅταν
442 2485 528 2568 τοίνυν
547 2511 691 2592 σφραγίζῃ,
710 2510 790 2569 ἐννόει
801 2521 889 2572 πᾶσαν
907 2522 926 2572 C
943 2508 1054 2568 Domini
1066 2509 1150 2568 nostri
1157 2509 1209 2570 hoc
1222 2510 1332 2590 signum
1346 2524 1402 2571 est:
1418 2515 1582 2593 Tamquam
1592 2512 1663 2570 enim
1674 2533 1778 2584 1502253,
1788 2548 1813 2593 7,

118 2594 165 2646 τοῦ
177 2593 289 2685 σταυροῦ
298 2587 346 2658 τὴν
360 2588 491 2662 ύπύθεσιν,
504 2589 550 2647 καί
568 2591 662 2649 σύέσον
684 2590 774 2666 θυμὸν,
793 2591 838 2650 καί
856 2590 890 2651 τδ
944 2592 1016 2662 ovis,
1030 2589 1072 2646 ad
1083 2590 1190 2648 coedem
1197 2592 1301 2649 ductus
1314 2603 1365 2650 est.
1380 2591 1496 2666 Quando
1508 2591 1663 2670 ergoeonsi·

118 2665 201 2726 λοιπά
211 2689 298 2724 ποντα
309 2664 396 2738 πάθη·
411 2667 473 2726 ὅταν
488 2669 633 2750 σρραγίζη,
644 2670 744 2739 πολλῆς
754 2669 890 2748 ἔμπλησον
945 2667 1045 2745 gnaris,
1060 2667 1148 2746 cogita
1157 2681 1243 2727 totum
1255 2669 1341 2728 erucis
1354 2685 1552 2748 argumentum,
1562 2669 1664 2729 exstin-

118 2746 152 2805 τδ
162 2744 282 2822 μέτωπον
293 2745 457 2824 παρρησίας,
470 2747 605 2826 ἐλευθέραν
615 2749 663 2819 τὴν
674 2747 762 2828 ἀρχὴν
771 2749 890 2821 ποίησον.
945 2767 997 2827 gue
1006 2746 1075 2804 iram
1084 2760 1111 2805 et
1122 2747 1239 2826 reliquos
1250 2748 1331 2806 animi
1342 2749 1468 2825 affectum
1482 2749 1589 2827 quando
1601 2771 1665 2809 con·

119 2823 192 2884 Ἰστε
205 2824 232 2882 δὲ
247 2824 352 2890 πάντως
366 2825 430 2884 ποῖοί
445 2828 501 2884 ἐστι
518 2826 552 2886 τδ
569 2826 717 2904 ἐλευθερίαν
727 2833 791 2905 ημῖν
809 2827 891 2908 παρέ·
945 2825 1069 2904 signaris,
1083 2846 1179 2904 magna
1192 2826 1291 2885 fiducia
1313 2828 1427 2887 frontem
1440 2829 1533 2908 impio,
1543 2829 1664 2888 animum

118 2924 211 2983 χοντα.
224 2901 272 2960 Διδ
285 2903 329 2961 καί
339 2905 445 2970 Παῦλος
459 2907 495 2971 εἰς
504 2912 580 2965 τοῦτο
590 2905 689 2985 ἐναίγιον
700 2911 786 2983 ἡμᾶς,
796 2911 832 2974 εἰς
842 2905 891 2979 πλν
946 2918 1024 2964 tuum
1038 2905 1080 2964 fac
1094 2904 1220 2965 liberum.
1239 2906 1319 2964 Scitis
1333 2919 1422 2966 autem
1438 2909 1517 2988 plane
1541 2926 1665 2986 quenam

120 2981 268 3063 ἐλευθερίαν
287 2981 356 3059 λέγω
373 2981 421 3055 την
434 3007 456 3041 π
472 2984 619 3056 οσήκουσαν
636 2990 712 3062 ἡμῖν,
730 2984 812 3051 οὕτως
823 2985 892 3059 ἀνή-
946 2983 1023 3043 nobis
1038 2984 1191 3042 libertatem
1206 2984 1327 3043 afferunt.
1342 2988 1435 3064 ltaque
1447 2986 1548 3044 Paulus
1573 2983 1665 3045 nosad

140 3085 202 3138 αγε,
225 3067 270 3119 τοῦ
291 3069 405 3140 σταυροῦ
420 3007 471 3119 καί
485 3070 530 3121 τοῦ
551 3063 663 3141 αἵματος
682 3065 834 3141 ἀναμνήσας
847 3070 893 3125 τοῦ
945 3063 998 3121 hoc
1011 3062 1101 3142 ipsum
1118 3063 1242 3138 incitans,
1257 3062 1291 3122 ad
1305 3063 1454 3124 libertatem
1468 3065 1529 3124 dieo
1543 3085 1602 3156 que
1618 3084 1665 3124 no·

119 3087 292 3199 δεσποτικοῦ·
307 3142 398 3216 Τιμῦης
415 3140 484 3221 γάρ,
501 3144 579 3220 φησί,
591 3142 773 3222 ἠγοράσθητε·
794 3143 831 3220 μὴ
848 3144 893 3223 γί-
947 3140 990 3199 bis
1003 3141 1141 3221 competit,
1158 3142 1300 3202 dominica)
1314 3144 1400 3202 erucis
1415 3164 1446 3202 ae
1467 3144 1605 3222 sanguinis
1621 3164 1665 3203 re-

121 3224 195 3277 νεσθε
210 3220 296 3276 δοῦλοι
312 3218 466 3298 ἀνθρώπων.
487 3220 646 3294 Ἐννόησον,
662 3224 743 3300 φησί,
757 3221 804 3294 πλν
826 3223 893 3306 ὑπὲρ
948 3219 1103 3279 cordatione
1114 3221 1210 3280 invitat
1225 3222 1278 3280 hoc
1289 3222 1389 3280 modo:
1405 3225 1505 3281 Pretio
1524 3223 1606 3294 enirn,
1621 3223 1666 3282 in·
1680 3243 1700 3276 t·
1715 3232 1769 3281 Coe.
1784 3251 1806 3295 7.

122 3303 169 3356 σοῦ
181 3295 391 3369 καταόληθεῖσαν
403 3298 493 3375 τιμὴν,
508 3300 553 3359 καί
571 3301 672 3367 οὐδενὸς
686 3301 831 3380 ἀνθρώπιον
845 3302 892 3375 ἔση
968 3300 1018 3371 uit,
1033 3302 1103 3357 emti
1109 3305 1177 3360 estis
1185 3325 1196 3370 ;
1210 3301 1300 3360 nolite
1309 3306 1384 3360 servi
1398 3305 1550 3360 hominum
1571 3303 1663 3383 effici.
1678 3294 1715 3343 ²3·

123 3376 225 3439 δοῦλος·
239 3374 319 3452 τιμὴν
330 3376 360 3434 τὸ
371 3368 438 3454 αἷμα
452 3378 536 3457 λέγων
549 3380 579 3439 τδ
591 3380 635 3438 διδ
649 3388 771 3462 σταυροῦ.
785 3383 825 3439 Οὐ
841 3368 885 3459 γδ
948 3321 1054 3457 dogna,
1062 3377 1160 3455 inquit,
1174 3379 1290 3459 pretinm
1301 3380 1375 3457 quod
1388 3401 1437 3459 pro
1450 3395 1476 3439 te
1492 3373 1609 3438 solutum
1619 3394 1666 3453 est,

123 3455 215 3520 ἅπλῶς
242 3457 280 3533 τῷ
299 3455 419 3535 δακτύλῳ
442 3460 614 3536 ἐγραραίττειν
641 3459 718 3518 αὐτὸν
746 3461 800 3530 δεῖ,
826 3407 894 3521 tini
1216 3457 1221 3469 ⁸
1401 3457 1406 3469 ⁸

122 3532 250 3633 πρότερον
267 3538 300 3607 τῇ
320 3534 471 3614 προαιρέσει
493 3534 561 3612 μετά
581 3539 681 3606 πολλῆς
699 3540 747 3607 τῆς
764 3537 894 3612 πίστεως,
1149 3534 1197 3593 llat
1213 3535 1379 3626 sanguinem,
1399 3557 1446 3614 qut
1467 3558 1495 3594 tn
1510 3558 1588 3628 cruce
1600 3558 1667 3627 pru·

947 3469 975 3514 et
999 3455 1101 3546 nullius
1118 3456 1236 3514 hominis
1253 3477 1347 3516 servus
1368 3478 1421 3515 eris
1439 3481 1445 3548 ι
1460 3459 1558 3549 quibus
1578 3459 1667 3519 verbis

371 3618 387 3632 Ν
469 3614 475 3632 ρ
531 3620 547 3633 „
949 3548 1149 3671 ρτοῑιιιιιιορρρ
1305 3615 1310 3626 Ι
1374 3614 1405 3627 ..
1491 3612 1525 3627 Η

124 3613 171 3670 καὶ
184 3634 264 3676 ουτοις
279 3615 402 3672 ἐντυπουν
419 3618 495 3672 αὐτον
515 3639 548 3693 τη
564 3615 630 3695 iper.
647 3614 741 3682 Οὐδείς
761 3615 836 3692 ἐγγύς
850 3640 896 3676 σου
964 3634 1026 3671 usus
1048 3626 1097 3672 est.
1147 3633 1179 3672 on
1198 3634 1270 3672 emm
1290 3614 1448 3695 simpliciter·
1468 3615 1555 3695 digito
1574 3636 1668 3695 impu-

125 3694 220 3761 στ’ἠναι
230 3691 369 3762 δυνήσεται
380 3697 432 3751 τῶν
447 3694 602 3830 ἀκαθαίῖρτων
615 3693 756 3771 δαιμόνων,
766 3699 833 3841 δρῶν
847 3696 895 3768 πλν
952 3691 1047 3751 menda
1065 3706 1091 3751 et
1105 3692 1286 3772 consignanda
1305 3707 1357 3769 est,
1372 3692 1419 3752 sed
1431 3695 1508 3785 prins
1530 3694 1669 3755 voluntate

122 3769 258 3872 μάχαιραν
273 3773 299 3828 ἐν
312 3761 330 3842 ᾖ
342 3770 388 3840 τλν
401 3772 506 3852 πληγὴν
557 3773 630 3846 αύτν,
642 3778 710 3853 ὁρῶν
733 3774 764 3832 τθ

125 3872 148 3927 ῳ
162 3847 209 3918 τὴν
222 3850 328 3927 καιρίαν
344 3848 456 3917 ἐδέξατο.
475 3853 510 3909 Εἰ
528 3851 579 3931 γάρ
590 3857 666 3929 ἡμεῖς
680 3851 774 3918 τύπους
786 3857 941 3932 θρῶντεςιιι
953 3862 1034 3929 tuque
1046 3870 1185 3930 impressa,
1197 3871 1367 3931 impurorum
1380 3851 1604 3930 scelestorumque
1614 3851 1670 3910 dae·

123 3927 170 3983 ‘ir
182 3919 218 3993 οἷς
232 3926 424 4004 ἀποτέμνονται
439 3933 464 3988 οἱ
474 3930 627 4002 κατάδικοι,
640 3931 793 4010 φρίττομεν,
805 3933 896 4006 ἐννύη-
914 3924 933 3969 θ
952 3951 1061 3988 monum
1076 3929 1169 3987 nullus
1186 3928 1221 3988 ad
1232 3943 1258 3988 te
1276 3930 1402 3989 aoeodere
1411 3951 1540 4020 umquam
1558 3931 1668 4011 poterit,

126 4027 171 4064 σον
181 4005 207 4063 τί
218 4005 338 4065 πείσεται
348 4011 362 4065 δ
374 4007 502 4079 διοίῦολος,
511 4008 539 4067 ιδ
552 4009 631 4068 ὅπλον
644 4014 710 4089 δρῶν
721 4012 754 4068 δι’
765 4003 794 4069 ού
807 4021 896 4072 πᾶσαν
952 4030 1060 4068 cernens
1070 4007 1192 4088 gladium
1202 4028 1256 4087 quo
1269 4009 1293 4068 ei
1304 4010 1404 4068 vulnus
1413 4009 1546 4068 inilrcturn
1556 4023 1605 4084 est,
1626 4009 1670 4068 vi·

126 4085 206 4142 αὐτοῦ
224 4085 273 4157 τὴν
291 4085 400 4164 δύναμιν
423 4086 513 4145 ἐλυσεν
528 4092 542 4146 θ
555 4090 684 4169 Χριστὸς,
707 4089 753 4148 καὶ
775 4090 825 4162 τὴν
848 4095 895 4150 τοῦ
952 4087 1070 4166 densque
1093 4107 1194 4158 ensem,
1216 4109 1271 4166 quo
1297 4087 1402 4148 letalem
1432 4088 1539 4169 pingam
1557 4088 1669 4168 accepit.

125 4162 265 4243 δράκοντος
279 4165 395 4242 ἀπέτεμε
409 4166 535 4244 κεφαλήν.
953 4168 982 4228 si
998 4171 1129 4225 animnos
1147 4187 1209 4226 cum
1222 4167 1279 4226 loeo
1294 4167 1321 4226 in
1336 4168 1434 4244 quibus
1446 4167 1565 4225 damnati
1585 4167 1672 4247 capite

954 4246 1108 4326 plectuntur
1119 4245 1253 4319 videmus,
1264 4245 1489 4322 exhorrescimus,
1507 4246 1592 4323 cogita
1606 4245 1672 4323 quid

902 4356 905 4365 ·
954 4339 1115 4384 eventurum
1128 4325 1162 4383 sit
1175 4324 1293 4397 diabolo,
1314 4345 1376 4383 cum
1391 4344 1465 4382 arma
1479 4324 1594 4399 videbit,
1611 4324 1674 4401 qui-

956 4406 1007 4463 bus
1018 4404 1074 4465 vim
1085 4416 1295 4484 potestatemque
1305 4404 1363 4483 ejus
1371 4423 1478 4462 omnem
1486 4403 1610 4462 Christus
1619 4402 1673 4461 dis·

958 4484 1049 4558 solvit,
1058 4481 1232 4560 draconisque
1249 4497 1330 4562 caput
1343 4481 1507 4562 amputavit.

170 4558 217 4628 Μὴ
235 4558 319 4617 τοίνυν
339 4562 517 4640 ἐπαισχυνθῇς
530 4567 652 4620 τοσοῦτον
675 4562 781 4640 ἀγαθὸν,
802 4562 845 4621 ίνα
868 4563 898 4622 σί
997 4567 1026 4622 9.
1037 4561 1100 4622 Noli
1112 4561 1195 4640 igitur
1206 4561 1381 4634 committere,
1392 4575 1421 4619 ut
1431 4575 1456 4620 te
1467 4561 1533 4620 tanti
1547 4562 1612 4621 boni
1626 4585 1675 4643 pu·

129 4637 167 4715 μδ,
184 4640 347 4716 ἐπαισχυνθῇ
364 4641 378 4696 ὁ
399 4639 528 4737 Χριστὸς,
550 4639 611 4698 ὅταν
631 4640 743 4721 ἔρχηται
765 4641 832 4719 μετά
853 4646 901 4713 τῆς
958 4641 1028 4714 dent,
1040 4641 1121 4700 netui
1133 4639 1214 4698 etiam
1228 4638 1365 4699 Christum
1380 4639 1603 4720 pudeat‚quand0
1615 4662 1676 4700 curn

129 4717 206 4785 δόξης
227 4718 321 4790 αὐτοῦ,
346 4718 392 4775 καί
413 4741 443 4776 το
464 4725 572 4796 σημεῖον
596 4719 741 4800 ἔμπροσθεν
763 4720 903 4800 φαίνηται,
961 4720 1045 4800 gloria
1073 4739 1120 4777 sua
1139 4718 1275 4794 νομίσητε
1291 4718 1501 4798 signumcoram
1525 4721 1676 4800 apparebit,

129 4793 236 4872 λοίμπον
246 4794 312 4893 ὑπὲρ
324 4796 371 4868 τλν
386 4799 479 4855 ἀκτῖνα
494 4803 538 4855 τοῦ
553 4798 638 4866 ἡλίου.
656 4798 708 4856 Καί
720 4799 771 4878 γδιρ
788 4799 904 4878 φανήσε-
960 4798 1150 4880 superabitque
1162 4797 1226 4856 solis
1240 4796 1329 4857 radios
1338 4798 1448 4858 lumine.
1458 4800 1610 4858 Cruxenim
1621 4814 1678 4858 tum

130 4878 202 4932 ταιδ
216 4896 326 4952 σταυρος
343 4875 403 4933 τότε
425 4875 512 4954 φωνην
527 4877 612 4956 ἀριείς
629 4878 673 4935 διὰ
685 4882 732 4948 τῆς
748 4879 844 4956 θθιως,
859 4880 905 4938 καὶ
958 4876 1109 4958 apparebit,
1124 4876 1265 4953 mittetque
1280 4897 1373 4936 vocem
1395 4891 1504 4958 aspectu
1519 4899 1576 4951 suo,
1601 4891 1681 4956 atque

132 4953 198 5030 πρὸς
208 4954 256 5024 την
267 4954 423 5032 οἰκουμένην
438 4955 544 5014 ἅπασαν
561 4955 770 5034 ἀπολογούμενος
779 4957 846 5037 ύπέρ
860 4964 905 5017 τοῦ
959 4978 1009 5037 pro
1021 4955 1140 5015 Domino
1151 4955 1224 5036 apud
1234 4976 1325 5016 omnen
1333 4956 1408 5015 orbis
1419 4970 1551 5016 terrarum
1560 4958 1682 5017 homines

798 3773 858 3854 ίρος
867 3780 894 3836 ἐν
951 3792 982 3829 ac
989 3772 1170 3862 judicimeum
1177 3792 1272 3862 magna
1284 3771 1337 3831 fide
1344 3793 1415 3851 ;qua
1427 3774 1465 3830 sic
1477 3795 1503 3830 ιιι
1518 3773 1667 3832 oculisvul·

167 5107 176 5125 ⁰
192 5104 299 5171 [Verbo
318 5115 386 5160 καὶ...
410 5119 504 5176 Χριστος
522 5107 666 5161 οιίιίίιίίιιιιιι
685 5127 698 5161 e
716 5109 795 5165 saut.
810 5113 853 5178 qui
871 5128 900 5162 eo
926 5110 1154 5173 iectiossduaatxu
1166 5120 1230 5180 ἡμῶν
1242 5121 1389 5184 παρίσταται.
1402 5115 1461 5165 Ιίιτο
1473 5124 1556 5165 antem
1568 5131 1598 5165 ex
1611 5132 1685 5181 oupe-

136 5184 209 5232 unc'u
220 5181 345 5248 include]
927 5192 992 5242 riore
1002 5191 1125 5242 concione
1136 5187 1251 5241 derumta
1262 5200 1334 5256 eunt,
1349 5200 1377 5241 ut
1387 5188 1435 5243 ιίἰο
1447 5189 1535 5242 multo.

170 5262 183 5299 Β
201 5263 257 5312 1)υο
268 5263 327 5311 Mos.
342 5269 400 5322 νίκης
416 5271 470 5330 ἡμῖν
487 5272 579 5337 παρίστ.
594 5282 648 5332 quae
661 5263 760 5318 videtur
777 5285 829 5320 este
844 5286 901 5320 vera
959 5286 969 5311 ⁶
988 5270 1043 5321 Duo
1054 5269 1105 5321 Mat
1127 5277 1150 5323 ἐν
1162 5273 1192 5329 oie
1203 5278 1369 5337 ἀποτέμνονται
1388 5267 1456 5321 Editi
1471 5279 1493 5323 ἐν
1502 5274 1542 5394 gip
1557 5281 1686 5337 τέμνονται,
1712 5300 1723 5313 ’
