3764 5992
432 382 504 477 918
750 401 780 449 s.
808 400 950 450 ioannis
975 397 1157 448 cunusosr.
1187 400 1344 449 sucurre.
1372 397 1684 450 cousranrmur:

431 529 533 609 quippe
546 526 654 587 Nabum
668 526 808 607 pmpheta,
824 547 886 585 cum
903 524 1065 606 praevideret
1078 525 1152 583 futu-
1203 523 1331 607 προειδὼς
1346 526 1386 585 ὅτι
1407 531 1421 587 ί
1442 524 1557 606 Σωτὴρ
1585 523 1776 601 ἀνιστάμενος
1801 526 1828 582 lx

432 643 494 680 rum
511 642 576 695 esse,
597 634 627 679 ut
646 621 773 681 Βοττιαῖοι
787 641 803 679 a
820 619 933 678 mortuis
953 638 1094 696 resurgens
1110 617 1152 676 iu·
1204 617 1295 694 μέλλει
1309 620 1429 698 ίμρυσᾷν
1441 627 1502 685 τοῖς
1524 617 1625 695 ἁγίοις
1641 615 1821 689 ἀποστόλοις,
1832 619 1869 674 αεὶ

433 713 553 772 sufflaret
575 711 602 771 in
622 726 725 771 sanctos
745 711 888 792 apostolus,
911 725 937 769 et
959 710 1083 790 impleret
1107 729 1153 768 eus
1203 708 1295 777 αὐτοὺς
1325 709 1393 770 θείου
1417 709 1631 790 χαρίσματος,
1660 708 1862 791 διαμαρτύρεται

433 804 528 864 divino
538 824 659 881 munere,
672 802 773 883 populo
784 801 1032 861 testificabaturhis
1042 800 1150 860 verbis:
1202 800 1298 879 λέγων·
1313 799 1456 881 Ἑόρταζε,
1481 800 1603 872 Ἰούδα,
1628 799 1683 867 τὰς
1709 800 1804 878 ἑορτάς
1830 826 1879 870 σω,

179 888 181 892 ’
282 902 387 952 Νοίυοι.
403 897 568 970 ¹-Celebra,
585 897 678 968 luda,
691 897 778 977 sesto
797 907 860 971 tua,
884 896 972 952 redde
990 896 1055 953 Deo
1076 907 1152 953 uota
1202 896 1241 972 τῷ
1256 894 1319 974 Θεῷ
1342 891 1389 959 τὰς
1413 892 1499 973 εὐχάς
1514 916 1588 952 σου·
1606 895 1660 951 οὐκ
1687 890 1731 949 ἔτι
1753 893 1784 950 οὐ
1809 894 1842 970 μὴ
1858 918 1879 972 τΙ

286 967 322 1012 '5'
334 975 357 1010 ‘¹
366 980 388 1011 ²·
404 980 424 1012 ¹·
435 1001 487 1047 tua
500 1011 508 1043 :
522 1009 582 1045 non
596 989 737 1068 adjicient
752 986 833 1045 ultra
847 990 950 1045 uenire
961 990 993 1044 in
1007 990 1151 1066 antiqua·
1204 985 1286 1044 ίλθεῖν
1298 986 1334 1050 είς
1343 983 1506 1043 παλαίωσιν.
1522 981 1779 1056 Συντετέλεσται,
1792 983 1876 1066 ἐξῆρτ

434 1083 551 1139 tionem.
577 1080 818 1138 Consummatum
837 1089 890 1150 est,
913 1082 1071 1136 exscissum
1095 1090 1149 1137 est.
1202 1075 1254 1154 γὰρ
1268 1078 1298 1133 ἐκ
1311 1079 1359 1146 τῆς
1372 1079 1421 1155 γῆς
1441 1081 1457 1135 ὁ
1473 1079 1618 1156 ἐμφυσῶν
1630 1079 1675 1142 εἰς
1693 1075 1728 1134 τὸ
1744 1076 1873 1156 πρόσεστι

434 1172 581 1230 Ascendit
595 1176 673 1230 enim
691 1194 727 1230 ea
743 1184 822 1230 terro
838 1176 889 1251 qui
907 1171 1038 1255 insufflet
1054 1174 1085 1228 in
1094 1173 1150 1251 sa·
1168 1175 1187 1222 D
1203 1165 1382 1246 ἐξαιρούμενός
1406 1192 1436 1228 σε
1464 1170 1496 1226 ἐκ
1519 1169 1662 1248 θλίψεως.
1680 1169 1780 1228 ’Τότε
1805 1170 1879 1245 λέγει,

434 1267 507 1322 ciem
524 1261 619 1337 tuam,¹
634 1278 662 1323 et
677 1268 727 1344 qui
744 1265 844 1322 liberet
860 1265 937 1321 tede
951 1262 1150 1320 tribulatione.
1202 1265 1275 1339 ὑμῖν,
1292 1260 1337 1319 καλ
1358 1266 1434 1318 τοῦτο
1455 1258 1543 1319 εἰπὼν
1561 1258 1745 1339 ἐνεφύσησε,
1761 1261 1805 1318 καὶ
1821 1262 1878 1337 λέγει

438 1360 464 1415 Τ
462 1379 519 1415 unc
529 1359 615 1429 dixit,
630 1360 698 1417 Por
712 1360 798 1415 uobis
813 1381 821 1412 :
834 1371 862 1414 et
874 1376 939 1414 cum
952 1358 1007 1413 buc
1019 1357 1150 1430 dixisset,
1202 1352 1298 1411 λάόετε
1311 1354 1422 1429 Πνεῦμα
1437 1353 1522 1429 ἅγιον.
1543 1350 1675 1424 Ἐπειδὴ
1701 1343 1760 1411 εἶδε
1786 1351 1832 1423 τὴν
1845 1357 1881 1411 te

435 1449 610 1528 insufflavit,
629 1463 657 1508 et
673 1451 749 1507 dixit
764 1453 804 1508 eis
826 1473 833 1505 ε
856 1447 993 1527 Accipite
1011 1447 1150 1525 Spiritum
1202 1443 1277 1525 φύσιν
1291 1445 1452 1512 ὀκλάζουσαν
1472 1446 1544 1523 πρὸς
1570 1443 1640 1513 τοὺς
1669 1446 1786 1519 πόνους,
1800 1447 1842 1504 καὶ
1867 1490 1879 1503 .

434 1557 576 1602 sanctum.
598 1541 669 1616 Quia
686 1541 798 1600 videbat
816 1540 963 1599 humanam
981 1551 1104 1596 naturam
1122 1537 1150 1597 io
1203 1536 1283 1612 μένην
1302 1536 1367 1617 πρὸς
1380 1535 1439 1602 τοὺς
1453 1539 1567 1614 ἀγῶνας
1584 1538 1622 1594 δι’
1639 1538 1803 1610 ἀσθένειαν,
1824 1539 1867 1594 ἀνα

433 1632 572 1691 laboribus
582 1632 723 1712 dejectam,
734 1631 802 1689 etob
812 1631 994 1688 infirmitatem
1005 1628 1149 1687 certamina
1200 1630 1341 1707 λεῖποντῇ
1365 1627 1474 1705 δυνάμει
1496 1633 1547 1687 τοῦ
1571 1629 1772 1707 Πνεύματος,
1792 1627 1834 1686 ἵνα
1881 1673 1882 1677 1

433 1738 610 1800 recusantem,
632 1723 660 1782 id
680 1721 753 1801 quud
771 1721 923 1792 deficiebat,
940 1719 1035 1799 implet
1049 1720 1150 1779 virtute
1201 1718 1327 1798 αὐτὴντῇ
1342 1718 1462 1800 ἀσθενείᾳ
1474 1724 1559 1797 ἡμῶν
1577 1722 1844 1800 παραμυθήσηται·

433 1815 563 1896 Spiritus,
575 1828 605 1873 ut
620 1814 695 1872 illam
711 1810 894 1870 imbecillitate
908 1809 1042 1869 labantem
1056 1831 1149 1870 oonsu-
1198 1812 1308 1893 σίδηρόν
1322 1837 1381 1871 τινα
1396 1802 1550 1888 ἐστόμωσεν
1569 1813 1665 1884 αὐτὴν
1688 1818 1728 1893 τῇ
1748 1815 1807 1893 θείᾳ
1827 1815 1880 1894 γάρ.

433 1905 534 1964 leretur
549 1930 555 1962 :
569 1927 601 1964 ac
617 1926 664 1964 ceu
676 1906 779 1963 ferrum
793 1901 940 1982 quodpiam
954 1901 1048 1962 divina
1063 1902 1148 1982 gratia
1202 1904 1239 1984 μὴ
1258 1905 1308 1984 ἔχη
1324 1907 1354 1963 ἐκ
1368 1904 1487 1985 φύσεως,
1507 1902 1625 1976 δέξηται
1649 1906 1740 1985 παρὰ
1756 1909 1806 1975 τῆς
1825 1907 1881 1985 γάρ.

433 1998 505 2057 acuit
514 1998 600 2073 illam,
614 2011 643 2056 nt
656 1996 729 2076 quod
739 2018 774 2055 ex
786 2009 880 2054 natura
893 2015 941 2053 sua
952 2015 1005 2054 non
1019 1996 1147 2072 habebat,
1200 1997 1332 2078 προσέλθῃ
1346 1997 1410 2077 πρὸς
1426 1995 1486 2062 τοὺς
1498 1999 1613 2072 ἀγῶνας
1627 2001 1669 2075 τῇ
1694 1998 1816 2075 δυνάμει
1830 2006 1870 2057 τοῦ

433 2112 467 2150 ex
481 2091 566 2170 gratia
581 2090 724 2170 acciperet,
741 2103 766 2148 et
787 2089 886 2148 virtute
899 2087 1018 2167 Spiritus
1031 2089 1147 2165 firmata,
1199 2114 1241 2157 τος
1264 2088 1433 2172 νευρουμένη.
1455 2087 1563 2147 Λάύετε
1580 2091 1715 2167 Πνεῦμα
1732 2091 1825 2168 ἅγιον·
1881 2135 1882 2138 ,

432 2184 578 2243 certamina
586 2183 683 2242 adiret.
697 2184 834 2262 Accipite
842 2182 979 2262 Spiritum
991 2195 1146 2241 sanctum:
1164 2197 1183 2244 E
1201 2181 1299 2240 σιαλιιέ
1314 2203 1347 2259 με
1365 2179 1515 2260 ὁΠατὴρ,
1527 2178 1613 2257 κάγὼ
1630 2179 1752 2259 πέμπω
1773 2183 1867 2260 ὑμᾶς’

433 2283 508 2336 οἰοιοῖ
519 2280 597 2334 misit
609 2298 654 2335 me
664 2278 765 2352 Pater,
779 2288 806 2334 et
816 2296 867 2355 ego
882 2277 965 2332 mitto
976 2294 1039 2333 uos.
1057 2277 1093 2332 At
1107 2287 1148 2350 tu,
1200 2272 1294 2354 Κύριε,
1305 2271 1414 2340 ἐξελθὼν
1426 2275 1462 2339 ὡς
1483 2271 1655 2345 Δεσπότης,
1681 2265 1759 2343 εἶδες
1777 2277 1836 2352 ἅμα
1855 2316 1878 2333 .·

410 2361 417 2372 ’
433 2368 558 2443 Domine,
575 2382 604 2427 ut
625 2373 752 2429 Servatur
770 2388 900 2447 egressus,
913 2365 1007 2425 vidisti
1028 2379 1149 2446 peccato·
1201 2365 1333 2439 ἠλέηοας,
1354 2364 1543 2446 συνεχώρηοας
1558 2364 1596 2422 τὰ
1611 2366 1820 2448 ἁμαρτήματα
1835 2376 1859 2444 ᾗς
1875 2409 1882 2421 .,

433 2481 484 2535 res,
511 2473 537 2518 et
555 2459 696 2518 miseratus
716 2481 744 2518 es
769 2458 852 2535 illus;
876 2472 1045 2539 peccaturum
1073 2458 1150 2518 nobis
1202 2455 1292 2537 τίραὴ
1303 2457 1382 2538 χάρις
1397 2455 1589 2533 ·ίμπίπτομεν
1607 2458 1648 2524 εἰς
1664 2458 1723 2530 τὴν
1738 2459 1876 2519 dioneos.

433 2551 541 2610 veniam
556 2550 666 2610 dedisti.
682 2550 811 2631 Superior
827 2564 867 2610 est
882 2549 967 2630 gratia
983 2573 990 2607 :
1006 2549 1152 2610 incidimus
1203 2548 1331 2628 πημάτων
1342 2555 1433 2626 ἡμεῖς·
1448 2552 1472 2607 οἱ
1486 2549 1708 2629 ἁμαρτάνοντες
1726 2553 1845 2625 πολλοὶ,
1865 2576 1880 2629 ρ

434 2662 482 2701 nus
495 2642 522 2701 in
536 2643 665 2723 abyssum
679 2656 849 2723 peecatorum
863 2665 871 2718 ς
885 2640 967 2701 multi
981 2655 1043 2700 sunt
1058 2661 1151 2722 pecca·
1203 2641 1267 2707 πίας
1279 2640 1358 2723 χρεία
1371 2643 1479 2712 πολλῆς.
1500 2643 1562 2699 oux
1585 2639 1700 2721 ἔγαμεν
1717 2643 1774 2716 τὴν
1791 2648 1840 2704 abu
1869 2685 1877 2701 ι

434 2747 513 2808 tores,
533 2735 617 2793 multa
635 2754 703 2816 opus
716 2748 756 2792 est
772 2733 868 2813 gratia.
888 2732 1080 2792 Auctoritatem
1097 2752 1151 2791 non
1205 2732 1339 2810 δυνάμεθα
1349 2731 1458 2792 aurbei
1471 2734 1688 2809 ἀποσταλῆναι,
1707 2736 1768 2797 Διὰ
1783 2743 1873 2808 τοῦτο,

434 2825 728 2905 λιιιίιειιιυοιιγυοιιιοιίο
742 2847 883 2907 possumus
892 2824 962 2883 mitti
974 2838 1004 2883 ut
1013 2837 1043 2882 tu
1053 2823 1152 2883 missus
1205 2829 1276 2904 ρωθῇ
1290 2825 1335 2898 sb,
1351 2822 1445 2886 Καθὼς
1459 2822 1607 2883 ἀπέστειλά
1628 2849 1667 2902 με
1681 2833 1699 2887 ὁ
1712 2828 1836 2908 Πατλρ,
1873 2831 1880 2847 ’

434 2918 483 2976 es?
503 2919 685 2993 Quamobrem
714 2931 744 2976 ut
767 2918 924 2998 impleretur
949 2915 1019 2974 illud
1043 2939 1049 2972 :
1072 2915 1152 2974 Sicut
1205 2916 1306 2976 στέλλω
1321 2920 1406 2994 ὑμᾶς,
1425 2913 1511 2992 λέγει·
1524 2912 1572 2973 Ἂν
1584 2940 1676 2975 τινων
1693 2924 1791 2999 ἀφῆτε
1805 2920 1878 2986 rici

436 3014 514 3070 misit
531 3032 577 3069 me
594 3013 696 3081 Pater,
717 3023 745 3069 et
764 3031 816 3090 ego
837 3014 953 3069 mittam
972 3030 1037 3081 vos,
1060 3007 1148 3067 dicit:
1206 3009 1326 3089 ἀφίενται
1347 3011 1449 3074 αὐτοῖς’·
1476 3006 1507 3066 ἄν
1532 3030 1620 3067 τινων
1646 3017 1804 3089 κρατῆτε,
1827 3038 1871 3072 κει

439 3104 567 3180 Quorum
576 3105 744 3161 remiseritis
751 3114 885 3181 peccota,
895 3104 1131 3160 remittuntureis
1138 3125 1151 3171 ,·
1205 3098 1258 3159 Ἦν
1271 3099 1327 3180 ἔχει
1341 3098 1457 3167 ἐξουσίαν
1471 3103 1484 3157 ό
1499 3098 1619 3179 Σωτὴρ,
1638 3102 1749 3164 δίδωσι
1769 3115 1827 3172 τοῖς
1848 3108 1881 3163 i..

434 3206 463 3252 et
483 3214 606 3274 quorum
624 3196 811 3265 retinueritis,
832 3206 946 3253 retenta
965 3205 1040 3252 sunt.
1061 3194 1151 3266 Quam
1206 3191 1313 3274 Ὥσπερ
1329 3190 1381 3272 γὰρ
1403 3194 1452 3270 οὐχ
1466 3181 1520 3248 οἶόν
1537 3191 1566 3250 τέ
1589 3193 1673 3252 ἐστιν
1692 3195 1825 3277 ἄρχοντα
1839 3223 1882 3256 τι

434 3284 515 3345 habet
525 3299 682 3366 potestatem
697 3287 831 3360 Servatur,
841 3282 889 3344 dat
900 3283 1037 3364 apostolis.
1050 3284 1151 3356 Quem·
1206 3283 1292 3357 ἔθνος,
1306 3282 1344 3361 μὴ
1363 3281 1478 3342 λαόόντα
1508 3284 1728 3363 συγγωρήσεως
1759 3288 1809 3348 aab
1835 3296 1878 3348 θεν

434 3378 582 3437 admodum
604 3378 676 3438 enim
699 3377 758 3437 sieri
777 3377 868 3456 nequit
890 3390 920 3435 ut
946 3397 1009 3455 gens
1035 3376 1151 3458 principi
1160 3431 1196 3470 ,m
1206 3376 1335 3458 τιμωρίας
1352 3373 1470 3444 ἐξουσίαν
1490 3375 1563 3454 παρὰ
1588 3379 1754 3453 βασιλέως·
1772 3382 1878 3441 obscur

433 3471 627 3546 committatur,
643 3471 665 3530 si
684 3491 737 3529 nun
755 3470 853 3529 habeat
865 3469 950 3529 veniae
966 3482 992 3527 et
1010 3468 1104 3528 mortis
1120 3489 1152 3528 au
1170 3486 1189 3532 Α
1206 3468 1256 3548 τὴρ
1268 3468 1371 3547 μέλλων
1381 3473 1507 3546 καθιστᾷν
1519 3465 1618 3534 αὐτοὺς
1630 3469 1872 3550 άρχονταςτῆςοί

434 3563 560 3643 supplicii
577 3577 733 3644 potestatem
747 3563 783 3621 ab
799 3583 861 3641 rege
878 3583 1029 3621 concessam
1045 3586 1053 3618 ι
1073 3560 1112 3620 sic
1126 3573 1153 3619 et
1206 3559 1311 3619 δίδωσιν
1325 3558 1470 3626 αὐτοῖςκαὶ
1483 3557 1617 3637 τιμωρίας
1633 3559 1773 3627 ἐξουσίαν
1788 3566 1860 3624 καὶ’

434 3656 571 3730 Servatur,
581 3655 643 3714 illos
656 3656 849 3715 constituturus
861 3653 995 3735 principes
1006 3653 1092 3726 orbis,
1105 3651 1153 3712 dat
1207 3676 1288 3726 σεως,
1309 3653 1354 3724 τὸ,
1373 3649 1418 3711 Ἂν
1436 3673 1514 3709 τινων
1526 3652 1614 3729 ἀφῆτε
1644 3651 1701 3721 τὰς
1720 3657 1880 3738 ἁμαρτίας,

435 3746 489 3805 illis
499 3761 526 3806 et
539 3748 666 3828 supplicii
677 3762 703 3807 et
715 3747 799 3807 veniae
809 3759 975 3828 potestatem,
986 3745 1031 3803 his
1041 3744 1150 3803 verbis:
1207 3748 1312 3813 αὐτοῖς·
1336 3744 1367 3804 ἄν
1389 3768 1466 3803 τινων
1491 3747 1630 3825 κρατῆτε,
1654 3749 1864 3826 κεκράτηνται.

438 3841 567 3916 Quorum
576 3844 743 3900 remiseritis
751 3854 884 3918 peccata,
892 3843 1080 3899 remittuntur
1089 3842 1130 3898 eis
1139 3862 1151 3908 ,·
1205 3842 1262 3899 lon
1276 3841 1329 3896 τῶν
1344 3836 1500 3917 ἀμηχάνων,
1516 3835 1534 3905 ἦ
1549 3840 1739 3917 μαρτυρῆσαι
1756 3843 1863 3918 γενναίι
1878 3878 1882 3888 ‹

435 3943 462 3988 et
481 3952 604 4011 quorum
624 3936 812 4003 retinueritis,
837 3946 951 3990 retenta
969 3944 1046 3991 sunt.
1068 3931 1152 3990 Nullo
1207 3929 1281 4010 ρῦξαι
1295 3929 1459 4002 σπουδαίως,
1472 3927 1489 3999 ἢ
1502 3925 1602 4008 πρᾶξαί
1615 3953 1644 3987 τι
1659 3936 1721 3990 τῶν
1738 3935 1870 4015 μεγσλση

435 4025 679 4104 enimpactuputest
688 4023 803 4101 quisunt
812 4023 1152 4103 martyriumfortitersub-
1205 4021 1395 4103 κατυρθύτων,
1413 4020 1457 4080 ἐὰν
1474 4018 1691 4097 pilistrinum<
1713 4026 1800 4103 ἁγίου
1816 4028 1881 4086 δύη

437 4120 476 4177 iro
489 4130 536 4176 aut
548 4116 693 4197 diligenter
709 4114 865 4196 piraedicare,
881 4129 928 4173 aut
941 4115 1008 4192 quid
1023 4135 1152 4194 maguum
1208 4115 1279 4196 ρώοη
1290 4115 1334 4192 τὸν
1347 4114 1421 4173 τόνον
1433 4119 1478 4172 τοῦ
1495 4112 1643 4192 μάρτυρος·
1659 4114 1764 4185 άλλως
1776 4118 1833 4200 γὰρ
1845 4121 1874 4177 ού

435 4209 600 4289 difficileque
612 4223 751 4290 praestare,
767 4206 816 4266 nisi
833 4207 961 4286 martyris
973 4207 1094 4265 animum
1106 4227 1150 4266 ro·
1207 4207 1338 4286 μάρτυρες
1357 4197 1433 4265 εἶναι.
1451 4203 1583 4285 Μάρτυροι
1597 4203 1627 4262 δὲ
1643 4205 1724 4284 λέγω
1740 4215 1807 4281 νῦν,
1823 4213 1854 4269 οὐ

436 4304 511 4363 buret
522 4303 640 4384 Spiritus
657 4300 744 4362 sancti
758 4300 847 4361 virtus
863 4323 870 4356 :
886 4300 939 4357 alio
953 4298 1054 4379 quippe
1071 4297 1152 4357 modo
1207 4299 1250 4358 διὰ
1261 4301 1352 4359 παθῶν
1364 4296 1554 4375 τελειούμενον,
1568 4296 1641 4356 ἀλλὰ
1661 4300 1714 4357 κοιλ
1734 4301 1786 4360 τὸν
1800 4306 1843 4380 τῷ
1856 4306 1882 4360 λ·

437 4415 489 4452 nun
504 4407 613 4474 possunt
625 4407 756 4472 martyres
767 4412 832 4451 esse.
843 4393 992 4469 Martyrum
1005 4409 1069 4447 vero
1081 4408 1153 4447 nuno
1206 4398 1332 4471 ιυροῦντα
1343 4394 1391 4461 τῆς
1401 4389 1517 4468 χάριτος.
1532 4388 1591 4454 Πᾶς
1602 4387 1657 4467 γὰρ
1677 4391 1775 4471 arripui
1791 4397 1877 4465 ἀληοε

436 4486 508 4559 dicu,
518 4507 569 4544 non
580 4485 660 4544 modo
670 4486 718 4564 qui
728 4484 891 4543 cruciatibus
900 4494 1099 4542 consummatus
1108 4483 1153 4558 sit,
1207 4480 1315 4549 τυςέστὶ
1325 4479 1425 4541 Ι’Θεοθ
1436 4480 1485 4538 Διὸ
1492 4478 1553 4557 περλ
1563 4477 1695 4539 Ἰωάννου
1707 4489 1763 4544 τοῦ
1778 4489 1882 4563 βαιττιἲ

437 4577 576 4638 sedetiam
586 4578 632 4655 qni
641 4577 723 4636 verbo
733 4576 824 4655 gratio
835 4576 870 4635 sit
880 4576 1045 4634 testificatus.
1054 4575 1153 4647 Quivis
1170 4594 1189 4640 n
1206 4579 1237 4638 τὸ
1248 4576 1411 4656 εὐαγγελιον·
1421 4573 1474 4634 Καὶ
1484 4572 1669 4652 ἐμαρτύρησεν
1680 4574 1827 4652 Ἰωάννης
1843 4585 1876 4659 τῇ

437 4669 638 4730 enimveritatis
648 4690 743 4750 praeeo,
750 4684 855 4749 martyr
862 4683 900 4727 est
910 4669 970 4728 Dei.
982 4668 1153 4750 Quapropter
1206 4669 1306 4747 λέγων·
1320 4665 1360 4726 ὅτι
1375 4658 1449 4733 οὗτός
1463 4668 1533 4725 ἐστιν
1547 4671 1562 4725 ὁ
1576 4666 1709 4745 Χριστός.
1728 4671 1880 4752 Μαρτυρεῖ

286 4785 373 4830 honr
388 4783 427 4830 ³2.
437 4762 472 4822 de
481 4767 583 4824 luanne
594 4765 713 4845 Baptista
722 4761 791 4821 dicit
801 4752 987 4840 evangelium:
999 4765 1039 4821 Et
1051 4765 1154 4846 testiji·
1207 4761 1336 4842 πάσχειν,
1350 4759 1419 4819 ἀλλὰ
1431 4758 1461 4817 τὸ
1472 4763 1545 4838 βοᾷν.
1560 4756 1721 4838 Ἀμήχανον
1740 4755 1790 4823 οὖν
1809 4768 1869 4847 μάρ

438 4869 524 4917 cutus
539 4869 584 4918 est
598 4858 730 4915 loannes
748 4858 879 4928 veritati,
893 4856 1016 4915 dicens.-
1037 4858 1095 4914 Hic
1110 4868 1153 4914 est
1208 4853 1312 4926 νέοθαι,
1331 4850 1399 4912 θείου
1414 4850 1492 4928 λόγου
1507 4848 1544 4926 μὴ
1566 4848 1642 4930 παρὰ
1667 4857 1719 4911 τοῦ
1742 4856 1829 4934 ἁγίου
1853 4860 1880 4917 ΙΙ

469 5063 479 5086 ·
496 5052 585 5120 [Addit
593 5051 629 5105 id.
641 5049 706 5104 Cod.
718 5059 748 5105 τὰ
758 5055 797 5105 δὺο
808 5055 876 5106 sinn.
889 5054 965 5110 ίπιιδὴ
976 5056 1070 5120 γάρναί
1081 5056 1120 5103 τὸν
1131 5050 1196 5117 peto
1253 5059 1264 5084 ε
1282 5044 1292 5109 [
1304 5041 1345 5095 Id.
1358 5039 1424 5095 eod.
1436 5039 1477 5091 bic
1488 5051 1514 5092 et
1524 5056 1600 5107 supro
1612 5047 1794 5115 suppum]

438 5141 515 5200 ι’λυοε,
525 5141 562 5187 καὶ
580 5137 697 5203 cuntem
713 5136 762 5192 δοὺς
780 5137 882 5197 πνεῦμα·
896 5133 955 5184 εἶπεν
973 5135 986 5183 ὁ
1004 5134 1107 5200 ίμρυοῶυ
1125 5133 1155 5185 ele
1170 5132 1196 5178 rb
1253 5123 1267 5162 b
1284 5118 1370 5188 [Cod
1384 5139 1435 5176 om.
1448 5118 1527 5183 eceb]

439 5222 557 5283 πρόσωπόν
568 5228 614 5266 σου·
624 5219 661 5265 καί
671 5215 824 5282 ίξαιρσίμινος
834 5231 858 5262 οι
870 5216 893 5263 u
905 5214 1006 5275 θλίψεως·
1014 5211 1064 5260 εἶτα
1072 5216 1125 5260 elsa
1134 5202 1197 5274 eth]
