3764 5992
847 473 1026 522 EPISTOLAE·
1631 488 1701 558 777

163 600 216 658 σῦν
226 595 362 677 στεφάνων
373 599 425 655 τῶν
440 599 466 656 ἐν
480 604 533 664 τοῖς
552 597 671 676 οὐρανοῖς
685 596 876 674 ἀποκειμένων,
889 597 935 657 καί
989 601 1115 679 prosequi
1132 622 1182 683 par
1195 614 1251 663 est:
1263 603 1298 665 iis
1311 616 1413 682 contra,
1434 606 1484 685 qui
1503 606 1545 666 al>-
1553 607 1621 689 ipsis
1637 608 1704 669 adeo

161 688 261 759 ταύτην
272 687 400 765 μεγίστην
411 693 542 749 ποιεῖσθαι
561 687 607 747 καὶ
622 686 789 768 σαφεστάτην
796 686 935 756 ῖάπόδιιξιν
989 690 1135 752 crudeliter
1148 707 1311 772 mactantur,
1326 696 1482 778 obpramia
1495 718 1660 779 coronasque
1674 701 1704 759 in

162 781 210 850 τῆς
225 776 330 858 καιρίας
340 783 387 836 τοῦ
399 778 522 838 διαῦολου
536 781 650 858 πληγῆς.
663 781 698 839 El
714 778 766 862 γδρ
779 777 816 858 μὴ
828 779 934 859 καιρίαν
988 780 1062 842 calis
1075 783 1227 845 reconditas
1242 787 1374 866 gratulari
1398 788 1534 869 contenit,
1552 802 1634 869 atque
1652 789 1705 852 ltoc

164 869 245 942 αὐτὴν
271 868 391 944 ἐδέξατο,
419 873 465 929 οὐκ
493 869 525 928 δν
542 876 666 930 τοσοῦτον
690 870 797 931 ἐπνευσι
820 870 864 930 διδ
882 874 935 930 τῶν
989 872 1141 933 maximum
1154 889 1180 935 et
1193 876 1439 938 luculentissimum
1449 879 1537 940 letalis
1545 880 1633 962 plagae
1645 881 1706 941 dia-

163 961 324 1039 πειθομένων
338 964 418 1041 αὐτῷ.
434 963 517 1021 Ταῦτ’
528 952 573 1022 οὐν
586 961 691 1021 ἅπαντα
702 966 806 1037 ἐννοῶν,
818 962 935 1023 δίσποτά
988 964 1053 1025 bolo
1065 966 1173 1026 inflictae
1187 983 1375 1048 argumentum
1388 971 1553 1033 existimare.
1566 974 1636 1033 Nam
1652 974 1705 1035 nisi

166 1077 216 1132 μου
230 1053 449 1131 θαυμασιώτατε,
464 1052 591 1133 μεγίστην
606 1053 683 1134 δέχου
697 1053 878 1132 παράκλησιν,
890 1054 935 1113 καί
952 1060 971 1106 Β
989 1055 1036 1115 ifle
1047 1056 1127 1117 letale
1147 1059 1248 1119 uulnus
1268 1061 1423 1142 accepisset,
1435 1062 1645 1144 haudquaquam
1657 1088 1706 1148 pcr

164 1143 248 1225 γράρε
268 1149 385 1224 συνεχῶς
397 1148 462 1222 ἡμῖν
486 1142 520 1202 τί
542 1145 604 1224 περὶ
629 1150 677 1217 τῆς
697 1144 785 1224 ὑγείας
805 1151 854 1218 τῆς
876 1151 935 1218 σῆς.
988 1168 1042 1225 eos,
1055 1148 1553 1232 quiipsiobtompeaant‚tantosssatus
1567 1154 1705 1217 edidisset.
1736 1160 1740 1167 '

163 1236 361 1313 Ἔπιθυμοῦμεν
375 1234 426 1316 γδρ
439 1237 502 1295 ἰδεῖν
513 1235 559 1295 καί
570 1235 780 1318 περιπτύξασθαι
794 1237 843 1310 τὴν
856 1237 935 1318 φίλην
988 1239 1053 1300 llaec
1074 1240 1159 1320 igitur
1172 1242 1262 1301 omnia
1284 1257 1372 1303 tccum
1393 1259 1530 1325 rmutans,
1545 1245 1655 1307 domine
1666 1247 1707 1308 mi

161 1333 227 1406 ἡμῖν
238 1325 373 1406 κεφαλήν·
388 1329 446 1386 ἀλλ’
461 1326 552 1400 ἐπειδὴ
563 1333 642 1389 τοῦτο
654 1333 700 1387 νῦν
712 1332 763 1390 οὐκ
776 1329 814 1390 to
821 1375 831 1405 ,
849 1352 936 1410 παρα·
989 1352 1159 1413 summopere
1169 1332 1337 1410 admirande,
1346 1337 1495 1398 maximam
1505 1338 1570 1399 hinc
1580 1340 1705 1400 consola-

161 1421 237 1478 καλῶ
262 1440 309 1478 σου
329 1416 377 1491 τὴν
400 1417 542 1495 εὐγένειαν,
570 1419 648 1479 αὐτόν
676 1445 706 1480 τε
731 1424 796 1499 ἡμῖν
819 1425 936 1501 συνεχῶς
989 1424 1089 1484 tionem
1099 1447 1175 1506 cape,
1185 1425 1270 1505 doque
1281 1440 1326 1486 tua
1338 1428 1491 1490 valetudine
1502 1452 1583 1509 quam
1591 1416 1706 1513 saepissi-

163 1507 325 1568 ἐπιστέλλειν
344 1507 379 1568 τδι
401 1509 462 1588 περί
483 1513 531 1580 τῆς
549 1507 675 1588 ’ῥύσεως
687 1514 734 1583 τῆς
748 1514 809 1584 σῆς,
823 1510 869 1570 καί
881 1519 936 1579 τοῖς
989 1515 1073 1574 mead
1080 1537 1131 1601 nos
1136 1517 1231 1576 scribe.
1238 1517 1379 1578 Etenimte
1386 1520 1495 1599 quidem
1504 1536 1706 1602 cernercatqne

162 1600 263 1681 σρόδρα
279 1605 349 1677 ἡμᾶς
366 1603 491 1679 ἀγαπῶσι
502 1600 603 1674 πολλὴν
617 1604 654 1668 είς
672 1606 750 1662 τοῦτο
764 1603 933 1681 παρασκευά-
988 1606 1062 1666 istud
1070 1605 1248 1667 nobiscarum
1256 1623 1338 1690 caput
1345 1610 1485 1691 complecti
1494 1612 1704 1692 cupimuszquo

161 1696 215 1760 ζειν
226 1689 275 1764 τὴν
289 1691 417 1752 εὐκολίαν.
830 1750 834 1755 .
988 1697 1062 1757 niam
1071 1698 1199 1758 autemid
1210 1697 1400 1775 minimelicct,
1408 1715 1576 1782 teoroatque
1584 1702 1703 1778 obsecro,

988 1803 1056 1850 utet
1067 1790 1168 1872 ipsede
1181 1803 1227 1849 tua
1240 1790 1396 1852 valetudine
1413 1813 1462 1852 nos
1473 1794 1568 1854 crebro
1578 1794 1703 1854 certiores

987 1881 1081 1957 facias,
1094 1895 1120 1941 et
1139 1881 1174 1941 iis
1193 1882 1240 1960 qui
1254 1882 1336 1942 valde
1357 1904 1405 1943 nos
1419 1898 1519 1961 amant,
1531 1904 1657 1966 magnam
1667 1885 1703 1945 ad
1776 1909 1784 1918 ·

985 1970 1109 2033 eamdem
1119 1993 1176 2033 rem
1192 1973 1346 2035 facultatem
1357 1975 1463 2034 afferas.

226 2169 281 2241 ἦς’.
297 2154 465 2253 Ἀμπρούκλη
481 2172 593 2253 διακόνῳ
603 2171 648 2232 καί
658 2178 717 2239 ταῖς
728 2170 775 2230 σύν
790 2173 866 2249 αὐτῇ.
988 2173 1272 2252 XCVIAmpruclae
1287 2175 1704 2258 diaconissaeatqucillisquoe

1226 2284 1292 2325 cum
1305 2269 1369 2347 ipsa
1385 2279 1463 2325 sunt.

204 2406 248 2465 Ta
259 2405 380 2485 κύματα,
392 2415 451 2474 ταῖς
461 2406 571 2487 πέτραις
587 2407 820 2487 προσρηγνύμτνα,
835 2406 935 2474 ἐκείνας
952 2415 970 2463 θ
1028 2408 1150 2484 Fluctus,
1166 2407 1282 2488 rupibus
1291 2407 1419 2484 illisi,eas
1430 2410 1542 2489 quidem
1553 2432 1602 2472 nec
1612 2412 1800 2473 tantil-Gucaw
1815 2435 1857 2464 ιτ·

163 2498 212 2576 μὲν
224 2497 282 2558 οὐδὲ
298 2499 390 2578 μικρδν
408 2500 580 2559 διεσαλεῦσαι
597 2499 723 2571 δύναται,
740 2498 821 2558 {nord
835 2497 862 2559 δί
874 2523 935 2578 μει-
988 2499 1046 2559 lum
1060 2519 1228 2560 commovere
1239 2513 1363 2580 possunt,
1377 2502 1430 2582 ipsi
1445 2516 1536 2565 autem
1548 2524 1606 2564 msc
1615 2504 1704 2585 potius
1714 2499 1744 2528 ¹¹⁰
1753 2479 1809 2542 Μ’

163 2589 242 2657 ζάνως
254 2592 292 2670 τῷ
316 2589 434 2671 ῥαγδαίῳ
455 2594 503 2662 τῆς
523 2590 606 2671 ῥύμης
619 2588 784 2649 δδιαλύοντα
804 2592 933 2671 ἀφανίζει.
988 2590 1024 2650 ob
1038 2589 1220 2649 vehementem
1239 2590 1370 2671 impetum
1385 2593 1514 2673 frangunt
1525 2615 1559 2653 ac
1566 2593 1603 2654 de
1615 2594 1705 2656 medio

162 2686 251 2742 Τοῦτο
265 2682 311 2740 καί
327 2684 368 2762 ἐφ’
389 2685 464 2760 ὐμῶν
473 2685 544 2741 ἐστιν
559 2683 622 2741 ίδεῖν
637 2687 693 2748 νῦν,
705 2681 751 2741 καί
762 2685 815 2741 τῶν
830 2683 936 2743 imdcc-
988 2680 1097 2740 tollunt
1108 2679 1190 2750 Quod
1202 2680 1285 2740 etiam
1304 2701 1376 2741 nunc
1388 2681 1416 2741 in
1434 2682 1524 2761 vobis,
1536 2699 1564 2744 et
1576 2683 1604 2744 in
1615 2685 1649 2745 iis
1656 2686 1705 2765 qui

162 2773 291 2833 λευόντων
304 2777 365 2852 ύμῖν
381 2775 439 2854 εἰκῇ
460 2773 506 2833 καί
519 2772 615 2851 μάτην.
630 2771 710 2850 Ὑμῖν
723 2771 771 2850 μέν
791 2771 845 2853 γίιρ
863 2774 937 2846 κοίη
990 2768 1068 2831 tobis
1079 2770 1191 2830 insidias
1201 2773 1301 2831 frustra
1314 2773 1473 2851 moliuntur,
1483 2775 1600 2857 perspici
1609 2790 1706 2859 potest.

163 2864 237 2945 παρίι
251 2869 289 2946 τῷ
303 2867 365 2944 Θεῷ
386 2864 524 2946 παρρησία
538 2865 690 2943 καίὴπαρ’
715 2863 862 2945 ἀνθρώποις
876 2862 938 2931 δόξα
990 2862 1098 2922 Etenim
1112 2861 1178 2921 hinc
1191 2862 1268 2923 vobis
1280 2878 1306 2923 et
1319 2865 1407 2946 major
1419 2866 1493 2947 apud
1509 2868 1595 2929 Deum
1606 2867 1708 2929 fiducia
1789 2918 1794 2925 ,

163 2958 262 3017 πλείων
275 2961 391 3017 ἐντεῦθεν
401 2955 517 3038 γίνεται,
526 2956 635 3025 ἐκείνοις
646 2957 674 3018 δὲ
684 2956 779 3041 κρίμα,
789 2957 834 3017 καί
846 2954 939 3036 αίσγύ-
989 2967 1016 3011 et
1029 2955 1116 3034 major
1129 2951 1203 3033 apud
1223 2952 1346 3014 homines
1358 2953 1445 3035 gloria
1458 2972 1638 3040 comparatur,
1652 2959 1707 3020 illis

164 3071 207 3121 νη,
215 3047 259 3106 καί
272 3046 377 3116 ὄνειδος.
390 3047 468 3107 Ἐπεί
479 3048 525 3107 καί
535 3053 650 3108 τοιοῦτον
665 3046 788 3127 ἡάρετὴ,
799 3047 846 3107 καί
854 3055 937 3107 τοιοῦ-
951 3064 956 3075 ’
989 3058 1081 3104 contra
1104 3044 1291 3106 condemnatio
1310 3061 1337 3105 et
1358 3046 1507 3127 ignominia
1520 3063 1548 3110 et
1561 3051 1704 3132 probrum.

163 3163 208 3198 τον
221 3145 237 3210 ἡ
252 3138 376 3212 atsaiwi
393 3139 441 3217 μέν
453 3138 500 3198 καὶ
514 3138 700 3217 πολεμουμίνη
715 3138 839 3217 μειζόνως
850 3142 936 3212 ἀνθεῖ,
988 3134 1366 3217 Quandoquidemeaquoque
1375 3139 1516 3201 virtutiset
1525 3144 1707 3225 improbitatis

164 3229 230 3302 αὐτ),
241 3230 268 3289 δὲ
278 3230 324 3290 καί
332 3234 484 3308 πολεμοῦσα
494 3230 668 3312 ἀσθενεστέρα
677 3230 788 3311 γίνεται,
795 3231 843 3290 καί
852 3231 935 3310 ταύτῃ
987 3242 1083 3288 natura
1097 3240 1148 3305 est,
1159 3226 1248 3287 utillo
1262 3241 1319 3288 tum
1333 3230 1421 3310 magis
1438 3233 1543 3310 floreat,
1557 3255 1621 3321 cum
1632 3236 1707 3297 bello

164 3321 280 3399 μάλιστα
297 3320 468 3381 καταλύεται.
482 3320 618 3401 Μεγίστςν
630 3320 715 3381 τοίνυν
728 3321 838 3403 ίχοεσαι
850 3322 936 3401 παρά·
951 3340 972 3388 1)
988 3333 1102 3380 vexatur
1113 3343 1119 3379 ι
1129 3319 1189 3379 lraec
1204 3333 1308 3398 contra,
1322 3321 1404 3381 etiarn
1417 3345 1479 3383 cum
1492 3326 1596 3386 bellum
1612 3326 1705 3401 insert,

163 3417 257 3486 κλησιν
271 3417 324 3472 τῶν
337 3412 482 3492 γινομένων
501 3411 549 3485 τὴν
565 3411 698 3487 ὐπύθεσιν,
707 3413 815 3494 χαίρετε
828 3413 873 3473 καί
889 3416 935 3473 εὐ·
988 3410 1149 3471 imbecillior
1159 3410 1299 3485 roddatur,
1315 3424 1397 3490 atquc
1410 3414 1461 3473 hac
1471 3416 1591 3477 maxime
1603 3419 1707 3479 ratione

163 3506 317 3584 ρραίνεαθε,
332 3504 378 3562 καί
388 3507 572 3582 κραταιοῦσθε.
592 3501 664 3564 'loca
683 3500 734 3584 γίερ
753 3506 793 3584 ἐρ’
809 3495 846 3570 οἷς
867 3506 935 3564 ἐπι·
988 3503 1165 3584 opprimatur.
1180 3503 1252 3560 Cum
1265 3501 1349 3581 igitur
1361 3525 1397 3563 ex
1411 3504 1445 3563 iis
1457 3518 1516 3583 qua
1527 3507 1598 3566 liunt
1607 3507 1706 3588 ingen·

163 3595 276 3656 δύσασθε
289 3595 411 3661 ἐπάθλοις
423 3597 460 3661 εἰς
470 3594 515 3653 τύν
525 3597 572 3663 τῆς
585 3594 706 3675 ἀνδρείας
719 3594 818 3666 ταύτης
832 3599 936 3673 ἀγῶνα,
989 3606 1043 3653 tem
1054 3592 1244 3652 consolationis
1254 3613 1345 3651 ansam
1353 3594 1484 3671 habeatis,
1495 3596 1611 3675 gaudete
1617 3620 1649 3660 ac
1658 3600 1707 3661 la·
1719 3597 1722 3601 ’

163 3687 209 3746 καί
219 3693 283 3745 ποῖα
295 3690 365 3764 ὑμᾶς
377 3683 554 3769 καρτρρούσας
570 3685 617 3744 καί
630 3683 794 3766 εὐχαρίστως
808 3685 937 3766 ρερούσας
990 3684 1097 3761 tamini,
1111 3683 1268 3761 fortiterque
1280 3684 1360 3762 agito.
1371 3685 1465 3763 Neque
1478 3686 1551 3746 enim
1563 3709 1613 3750 vos
1622 3688 1705 3770 fugit,

163 3779 197 3838 τίι
218 3778 405 3858 συμπίπτοντα
426 3774 551 3854 ἀναμένει
572 3776 705 3856 &pacm
722 3774 783 3837 οὐτε
803 3777 937 3856 ὀφθαλμὸς
987 3775 1154 3855 quibusnam
1165 3774 1310 3855 propositis
1318 3776 1439 3855 pramiis
1449 3776 1484 3837 ad
1495 3791 1549 3839 tam
1561 3799 1707 3860 patesca-

163 3863 240 3945 εἶδεν,
252 3869 312 3931 οὔτε
331 3858 375 3936 οὐς
393 3867 516 3941 ἥκουσιν,
536 3866 596 3926 οὐτε
616 3867 660 3927 ἐπί
672 3866 784 3949 καρδίαν
798 3867 937 3948 ἀνθρώπου
991 3880 1080 3925 tamen
1091 3886 1140 3927 vos
1152 3864 1319 3940 accinxistis,
1325 3879 1353 3925 et
1367 3887 1491 3944 quanam
1500 3890 1561 3946 vos,
1572 3872 1597 3930 si
1606 3892 1637 3932 ea
1646 3895 1707 3953 quac

164 3962 256 4036 ἀνέύη.
270 3961 325 4020 Καὶ
335 3958 428 4038 τδμίν
442 3957 550 4042 λυπηρδ
569 3965 680 4018 τοιαῦτα
694 3958 881 4038 παροδεύεται,
893 3959 939 4019 καί
990 3957 1115 4018 accidunt
1123 3955 1333 4016 sortiteretcum
1342 3959 1490 4036 gratiarum
1499 3961 1604 4022 actione
1613 3965 1708 4026 tuleri-

165 4058 203 4134 εῷ
214 4052 326 4135 παρόντι
339 4050 552 4130 συγκαταλύεται
569 4051 633 4132 βίῳ·
647 4051 680 4109 τὰ
695 4049 722 4111 δί
742 4055 859 4112 ἐντεῦθεν
873 4051 939 4111 ἔπα-
990 4050 1109 4125 tis,bona
1118 4062 1283 4124 maneant,ea
1289 4048 1521 4130 scilicet,quaenec
1528 4053 1707 4134 oculusvidit,
1721 4084 1741 4118 ι.
1752 4071 1823 4116 cora
1833 4083 1858 4132 9.

165 4148 215 4204 θλα
226 4144 345 4204 ἀθάνατα
354 4143 436 4221 μένει.
447 4141 501 4202 Καί
512 4142 565 4223 πρδ
575 4147 628 4202 τῶν
642 4143 764 4204 ἐπάθλων
780 4140 807 4201 δέ
822 4142 938 4217 ἐκείνων,
991 4162 1040 4201 nec
1048 4139 1297 4215 ausisaudivit,nec
1305 4139 1334 4199 in
1343 4162 1390 4200 cor
1396 4141 1513 4203 hominis
1521 4147 1707 4210 ascenderunt.

165 4240 194 4296 οὐ
209 4235 306 4317 μικρίιν
319 4235 365 4295 καί
379 4237 496 4294 ἐντεῦθεν
513 4238 662 4312 καρποῦσθε
681 4232 788 4308 ἡδονὴν,
802 4237 835 4313 τῇ
850 4232 938 4291 ἐλπίδι
954 4246 974 4292 Ε
992 4234 1082 4312 Atqui
1099 4229 1228 4290 molestia
1249 4229 1357 4309 quidem
1382 4231 1436 4291 illae
1456 4234 1555 4308 fluunt,
1576 4257 1608 4296 ac
1623 4238 1707 4299 simul

164 4335 210 4388 τοῦ
235 4332 353 4408 χρηστοῦ
376 4325 540 4400 ωνειδείτος,
560 4325 606 4384 καί
632 4326 778 4407 προσδοκίᾳ
802 4326 937 4405 στεράνων
991 4322 1187 4405 cumpraesenti
1201 4322 1258 4381 vita
1272 4322 1501 4402 enstinguuntur:
1513 4328 1623 4406 praemia
1644 4351 1708 4391 vero

164 4420 270 4478 ἐκείνων
285 4417 453 4501 τρεράμεναι.
468 4419 562 4476 Ταῦτα
576 4406 624 4475 οἶδ’
638 4414 679 4474 δτι
689 4416 735 4476 καί
746 4415 798 4497 πρδ
809 4420 862 4475 τῶν
872 4421 937 4494 ἡμε-
991 4436 1032 4489 ea,
1046 4436 1106 4494 quae
1116 4413 1181 4472 hinc
1191 4427 1393 4493 comparantur,
1408 4435 1422 4471 a
1438 4429 1524 4475 morte
1533 4417 1620 4478 aliena
1630 4436 1705 4489 sunt.

165 4509 247 4589 τέρων
259 4500 334 4568 οἶσθα
344 4507 523 4589 γραμμάτων·
537 4509 595 4567 ἀλλ’
607 4507 650 4567 ἵνα
664 4506 769 4586 μακρδιν
783 4506 937 4585 ποιήσωμεν
992 4505 1067 4580 Quin
1088 4504 1170 4564 etiam
1182 4516 1244 4562 ante
1257 4524 1287 4561 ca
1303 4503 1413 4583 promia
1434 4524 1488 4564 non
1509 4529 1622 4588 parvam
1644 4512 1709 4573 hine

165 4600 212 4672 clo
229 4599 378 4672 ἐπιστολὴν,
390 4598 504 4668 ἐξέτεινα
519 4598 569 4671 τὴν
588 4599 768 4678 παράκλησιν.
787 4589 827 4658 Εὐ
839 4622 868 4677 γε
886 4600 937 4678 γὰρ
991 4617 1098 4677 quoque
1110 4595 1277 4674 voluptatem
1285 4592 1434 4673 percipitis,
1446 4596 1548 4678 quippe
1555 4621 1623 4678 quas
1630 4603 1707 4664 boum

165 4684 213 4751 οἶδ’
225 4691 265 4751 δτι
278 4690 379 4771 σφόδρα
388 4695 465 4768 ἡμῶν
476 4695 529 4750 τῶν
547 4689 714 4769 γραμμάτων
733 4692 809 4770 ἐρᾷς,
824 4691 869 4749 καί
879 4690 938 4770 μεθ’
992 4686 1157 4748 conscientiae
1164 4705 1232 4764 spes,
1238 4704 1270 4741 ac
1279 4703 1438 4763 coronarum
1447 4685 1557 4748 illarum
1565 4707 1708 4773 exspecta-

163 4782 313 4865 ὐπερῦολῆς
325 4789 337 4816 ⁰
347 4782 461 4864 σφόδρα·
471 4782 517 4842 καί
535 4789 612 4842 τοῦτο
626 4772 700 4859 οἶμαι
719 4782 802 4841 αίτεον
814 4773 881 4842 εἶναι
892 4789 938 4842 τοῦ
991 4781 1030 4840 tio
1039 4776 1205 4861 pascatliaec
1215 4795 1295 4855 porro
1304 4773 1423 4834 tibiante
1433 4776 1524 4839 literas
1533 4776 1637 4843 nostras
1646 4799 1708 4846 nota

198 4961 208 4984 Ι
225 4946 286 5012 lieg.
294 4949 432 5014 ,δοίαεοιετῆς
442 4955 495 5010 aas,
504 4951 542 4998 καί
552 4951 652 5015 περὶτῆς
660 4947 775 5012 διατρεύἥς
785 4955 826 5004 τῆς
836 4950 926 5009 αὐτόθι,
951 4943 1166 5003 Frentanum,
1178 4936 1322 5010 Ᾰμπροὐκίμ
1337 4944 1431 5007 διακόνῳ
1450 4949 1487 4994 καί
1505 4954 1556 5004 ταῖς
1575 4949 1613 4999 οὐν
1628 4953 1707 5016 αὐτῇς
1758 4972 1761 4977 ·

166 5026 420 5087 salsamentorum
430 5042 468 5074 σου
477 5029 515 5074 καί
526 5034 567 5082 τῆς
577 5027 696 5089 εὐθυμίας·
708 5029 733 5076 οὐ
743 5032 788 5092 γάρ
797 5032 838 5082 τὴν
846 5029 928 5089 τυχοῦ-
952 5020 1084 5082 mendose,
1098 5036 1156 5070 nam
1167 5015 1210 5068 llic
1223 5017 1351 5070 mulierem
1363 5017 1509 5086 alloquitor.

166 5126 207 5155 ταν
217 5108 255 5154 καί
266 5109 289 5153 ἐν
299 5107 385 5169 ἐρημία
395 5104 490 5170 τοιαύτη
505 5103 655 5169 διατρίύσντεε
665 5107 833 5172 καρπωσάμεδα
848 5108 926 5170 παροί-
984 5104 997 5142 b
1012 5096 1096 5149 Vatic.
1109 5100 1235 5150 διαλύονται
1246 5103 1285 5148 καὶ
1295 5105 1451 5168 ἀρορίζονται.
1464 5105 1542 5162 τοῦτο.

167 5186 419 5247 ultramarinam
427 5191 467 5238 τῆς
474 5189 514 5237 τῆς
523 5190 653 5243 τιμιότητος
661 5183 777 5246 δεχόμενοι
786 5187 927 5245 γράμματα.
986 5195 997 5218 ⁰
1014 5181 1102 5249 Σρόδμα
1112 5172 1182 5225 dewi
1194 5172 1219 5224 lu
1230 5172 1314 5228 ΜΟ·
1325 5173 1398 5226 Ῑθίΐθ
1409 5175 1491 5225 Villi&
1502 5183 1515 5232 ὂ
1532 5182 1556 5232 dl
1568 5187 1617 5244 έεδς
1633 5196 1711 5258 παρὰ·

165 5258 276 5325 Serptcns
295 5254 383 5308 titulus
400 5256 437 5305 sic
453 5253 566 5307 habebat
584 5257 610 5308 in
628 5254 723 5308 Codice
742 5258 850 5327 Cojacii,
864 5272 928 5312 teste
953 5269 1028 5326 αχοιτδ
1040 5278 1073 5310 σοι
1086 5263 1126 5316 τήν
1137 5257 1235 5319 &potiit
1246 5258 1405 5314 tistttttitcs
1416 5260 1552 5382 &ydros-5⁰

328 5342 400 5380 ΪΟΜ.
424 5342 470 5379 lli.
