3810 6000
356 426 425 522 892
762 438 918 491 11111111
942 438 978 485 ns
1002 433 1196 486 arrsrocau
1223 433 1270 481 au
1291 421 1486 482 cassurus:

354 571 448 633 heresi
464 568 507 629 illi
525 569 644 629 infensus
657 566 740 625 luisse
752 563 871 637 ridetur,
881 576 912 621 ut
925 561 994 621 hanc
1007 557 1148 642 epistolam
1161 558 1197 617 ab
1212 578 1241 617 se
1253 556 1421 638 suppositam
1429 555 1633 637 chrysostomo
1645 554 1802 617 adscribme
1816 571 1892 638 ponet

354 663 518 725 confinxisse
530 682 558 720 se
572 672 664 719 contra
680 655 843 738 Apollinarii
855 655 959 714 librum
969 673 1066 734 agere,
1077 651 1126 731 qui
1140 649 1168 708 in
1181 648 1276 708 multis
1288 669 1351 709 cum
1367 647 1494 731 Eutyche
1507 647 1708 721 consentiebat,
1721 649 1892 728 quoniamnm

355 769 458 837 poterat
473 754 698 834 Chrysostomum
707 763 799 808 contra
810 747 945 829 Eutychis
957 745 1070 805 baeresin
1084 756 1176 824 aperte
1183 743 1334 820 loquentem
1346 739 1482 816 inducere,
1497 740 1546 820 qui
1560 740 1615 800 din
1627 753 1692 800 ante
1702 740 1780 799 illam
1792 758 1893 801 mortu

354 847 472 907 obiisset.
487 842 567 916 Quod
580 857 671 901 autem
686 841 731 901 hic
740 862 803 900 cum
817 839 1019 921 Apollinaristis
1029 835 1217 917 Eutychianos
1230 833 1348 893 maxime
1356 834 1485 905 confutet,
1497 833 1624 914 probant
1635 854 1720 893 uoces
1735 833 1800 909 ille,
1810 848 1834 892 et
1847 855 1892 893 mo·

354 939 383 998 di
395 936 523 1017 loquendi
537 937 686 1013 frequentes
693 979 702 1010 ,
711 953 779 1012 quos
794 952 876 1012 supra
886 923 1157 989 commemorivimus
1164 971 1173 1003 ,
1184 925 1231 1004 qni
1245 939 1366 1006 tempore
1376 925 1565 1006 Chrysostomi
1581 923 1635 983 vix
1650 924 1709 984 uoti
1721 939 1812 999 eraut,
1824 940 1847 984 et
1859 940 1895 984 tr·

355 1052 416 1090 mcn
429 1031 457 1089 11
472 1030 523 1088 bac
535 1027 647 1107 epistola
660 1025 760 1106 passim
775 1036 940 1104 usurpantur
954 1021 1049 1081 eodem
1062 1018 1209 1100 modoque
1225 1031 1318 1077 111111
1333 1017 1523 1098 Eutychianos
1535 1017 1664 1076 adhibiti
1679 1031 1775 1099 postea
1788 1017 1864 1077 11111.

396 1126 488 1182 Restat
501 1135 531 1178 ut
546 1119 581 1177 de
595 1118 713 1178 clausula
726 1117 775 1176 illa
789 1135 901 1197 agamus
919 1115 990 1174 circa
1003 1134 1084 1194 quam
1102 1112 1195 1171 multae
1207 1109 1367 1188 quaestiones
1377 1107 1485 1188 agitata
1501 1109 1597 1184 11111ἶ
1606 1108 1658 1167 illa
1670 1129 1740 1168 reru
1749 1122 1791 1167 est
1804 1132 1810 1164 ι
1832 1111 1895 1170 Sicut

356 1208 433 1274 inim
444 1227 604 1293 antequam
617 1209 819 1290 sanctificetur
829 1211 931 1288 panis,
942 1227 1049 1287 panem
1063 1207 1269 1263 nominamus:
1286 1203 1390 1260 divina
1398 1213 1499 1260 autem
1509 1201 1602 1259 illurn
1617 1203 1893 1284 sanctificantegra·

356 1311 409 1379 tia,
424 1307 571 1364 mediante
580 1303 742 1377 sacerdote,
755 1302 895 1360 liberatus
905 1312 948 1358 est
959 1299 1077 1378 quidem
1089 1299 1127 1356 ab
1141 1294 1341 1375 appellatione
1347 1297 1436 1371 panis
1447 1320 1460 1365 ,·
1476 1295 1590 1374 dignus
1605 1307 1711 1352 autem
1728 1295 1841 1353 babitus
1850 1295 1893 1352 do-

355 1401 456 1458 minici
466 1399 594 1476 corporis
608 1394 824 1473 appellatione,
836 1394 953 1450 etiamsi
967 1403 1077 1448 natura
1084 1389 1171 1468 panis
1181 1388 1214 1443 in
1231 1389 1294 1465 ipso
1300 1388 1464 1465 permansit
1471 1430 1481 1457 ,
1498 1397 1529 1443 et
1540 1405 1606 1443 non
1627 1387 1692 1444 duo
1708 1406 1843 1465 corpora,
1855 1386 1895 1445 sed

355 1511 446 1549 unum
462 1508 567 1567 corpus
579 1487 654 1544 Filii
664 1486 859 1564 praedicamus
872 1506 881 1538 .·
892 1486 935 1541 sic
946 1483 1032 1540 ethic
1043 1482 1146 1539 divina
1158 1478 1305 1538 insidente
1317 1481 1431 1558 corpori
1445 1490 1570 1549 natura,
1580 1499 1678 1538 unum
1692 1480 1815 1553 Filium,
1824 1499 1894 1537 um

354 1601 510 1662 personam
522 1592 675 1658 utrumque
687 1578 849 1649 constituit,
860 1576 1010 1653 cognitum
1023 1576 1086 1631 sine
1097 1572 1281 1651 confusione,
1297 1570 1474 1628 indivisibili
1484 1573 1621 1641 ratione,
1635 1575 1743 1629 nonin
1752 1591 1811 1629 una
1820 1571 1894 1629 solus

357 1686 476 1744 natura,
490 1672 585 1730 sedin
597 1671 710 1727 duabus
722 1669 871 1747 perfectis.
887 1665 957 1723 lline
976 1661 1137 1723 heterodoxi
1154 1662 1316 1723 acerrimum
1330 1674 1422 1720 eontra
1438 1661 1521 1721 fidem
1533 1661 1709 1722 catholicam
1720 1664 1804 1722 telum
1812 1684 1837 1721 se
1850 1684 1895 1721 11·

355 1764 425 1823 tuari
439 1783 516 1844 posse
526 1760 597 1832 rati,
612 1757 761 1818 secundum
774 1756 857 1836 hujus
870 1755 1009 1837 scriptoris
1020 1769 1136 1815 mentem
1149 1754 1252 1833 absque
1265 1754 1321 1813 ulla
1335 1753 1484 1813 mutatione
1499 1755 1668 1815 substantiae
1683 1755 1776 1836 panis,
1788 1754 1894 1814 Euchari

355 1855 434 1915 stiam
448 1852 543 1913 confici
558 1864 681 1932 pugnant
696 1849 765 1908 :alii
780 1848 892 1907 ulterius
906 1848 1055 1928 progressi,
1068 1869 1166 1929 panem
1183 1846 1363 1927 appellatione
1380 1845 1436 1904 sola
1450 1844 1587 1906 dominici
1606 1848 1754 1930 corporis,
1776 1868 1824 1907 nou
1841 1868 1892 1928 pre

354 1946 436 2007 sentis
456 1944 598 2028 dignatum
620 1963 677 2001 esse
695 1940 869 2000 contendunt.
889 1939 965 2000 lllud
986 1952 1077 1999 autem
1099 1939 1177 2018 quasi
1205 1952 1308 1998 certum
1325 1938 1553 2018 exploratumque
1574 1939 1703 2017 habent,
1723 1940 1794 2000 banc
1814 1939 1891 2021 epist}

353 2051 410 2110 lam
423 2057 486 2098 vere
499 2035 610 2099 Joauuis
622 2032 808 2115 chrysostomi
823 2054 888 2092 esse.
914 2031 968 2093 Sed
981 2053 1044 2091 cum
1055 2030 1162 2091 abunde
1177 2053 1258 2113 supra
1276 2032 1421 2114 probatum
1434 2031 1524 2108 luerit,
1535 2032 1613 2092 hanc
1628 2034 1778 2114 epistolam
1796 2053 1890 2092 111111

355 2128 556 2212 Chrysostomi,
569 2125 676 2187 etiamsi
696 2124 811 2204 quidex
825 2124 910 2206 ignoti
925 2125 1063 2206 scriptoris
1076 2124 1157 2185 dictis
1168 2123 1196 2182 in
1210 2144 1302 2183 eorum
1317 2123 1432 2204 gratiam
1447 2138 1614 2204 emergeret,
1632 2126 1713 2205 quod
1736 2141 1818 2186 tamen
1834 2127 1890 2205 lunge

354 2224 448 2298 abest,
462 2220 566 2280 nullam
576 2218 642 2279 hinc
656 2215 773 2276 mutuari
784 2231 891 2298 possent
903 2217 1106 2296 auctoritatem,
1124 2237 1187 2276 cum
1201 2237 1249 2276 nec
1259 2217 1320 2296 quis
1334 2217 1381 2276 ille
1394 2217 1511 2297 scriptor
1522 2218 1622 2293 luerit,
1633 2239 1687 2278 nec
1700 2240 1737 2278 an
1751 2219 1887 2285 catholicus,

247 2318 252 2325 “
355 2313 568 2374 hetemdoxusve
580 2310 663 2369 fuerit
674 2307 840 2390 deprehendi
853 2309 951 2391 possit;
961 2309 1091 2370 imovero
1100 2329 1134 2370 ex
1148 2308 1182 2368 iis
1193 2330 1252 2388 quae
1265 2308 1300 2369 de
1309 2308 1417 2368 deitatis
1427 2309 1617 2390 passibilitate
1628 2310 1718 2386 dixit,
1732 2310 1882 2371 1111111111-

354 2427 438 2466 versae
447 2418 573 2464 nascatur
586 2402 757 2484 suspicionis.
775 2404 879 2462 Verum
893 2401 1015 2480 quisquis
1029 2401 1075 2462 ille
1084 2400 1132 2487 sit,
1138 2401 1197 2482 jam
1210 2401 1300 2460 locum
1310 2399 1496 2482 dispiciamus,
1507 2402 1748 2481 excutiamusqne
1760 2404 1836 2483 primo
1850 2422 1886 2479 qua

355 2515 412 2560 arte
426 2501 516 2559 locum
530 2494 662 2578 ejusmodi
675 2494 710 2555 ad
727 2494 897 2576 presentiam
909 2495 1011 2554 Christi
1022 2495 1049 2554 11
1063 2492 1234 2555 Eucharistia
1243 2494 1394 2573 negandam
1401 2492 1593 2573 detorqueant.
1605 2495 1673 2569 llic,
1691 2495 1819 2574 inquiunt,
1830 2494 1884 2574 panis

356 2588 456 2668 dignus
466 2586 576 2646 habitus
592 2605 648 2644 csse
659 2583 760 2642 dicitur
772 2582 903 2642 dominici
913 2584 1033 2663 corporis
1042 2583 1238 2665 appellatione:
1257 2586 1330 2646 unde
1346 2586 1487 2665 sequitur,
1502 2587 1564 2646 solo
1575 2589 1693 2646 nomine
1707 2610 1800 2669 panem
1812 2589 1834 2645 11
1845 2586 1886 2644 Eu·

357 2679 486 2740 charistia
499 2677 667 2738 dominicum
680 2675 812 2756 appellari
823 2695 941 2756 corpus:
962 2676 997 2735 ad
1007 2676 1074 2755 quid
1087 2678 1160 2738 enim
1175 2699 1271 2760 panem
1287 2679 1402 2758 dignum
1415 2679 1542 2737 habitum
1572 2678 1713 2740 dominici
1736 2681 1885 2761 eorporisap-

358 2773 502 2855 pellationc
512 2769 631 2842 dixerit,
646 2767 670 2828 si
685 2788 748 2828 uere
762 2766 833 2826 adsit
843 2765 1011 2828 dominicum
1021 2770 1138 2852 corpus?
1149 2771 1203 2831 Sed
1218 2792 1349 2852 quorsum
1364 2771 1419 2830 11111
1434 2770 1624 2847 circuitiones,
1640 2773 1755 2851 quando
1767 2774 1828 2832 11111
1837 2772 1884 2830 stri·

357 2878 420 2946 ptor
435 2864 483 2923 istc
496 2863 534 2922 ait
544 2875 668 2921 naturam
678 2858 758 2941 panis
774 2872 801 2918 et
814 2859 982 2920 dominicum
990 2882 1103 2943 corpus,
1115 2884 1169 2923 non
1182 2861 1237 2923 duo
1249 2884 1378 2944 corpora,
1393 2862 1441 2931 sed
1453 2884 1541 2922 unum
1560 2884 1668 2944 corpus
1677 2866 1745 2924 Filii
1758 2862 1886 2947 predicari?

357 2977 445 3016 annon
459 2955 522 3014 hinc
536 2953 646 3013 omniuo
659 2951 832 3029 consequitur
844 2972 942 3032 eorpus
954 2952 1016 3012 Filii
1029 2973 1092 3013 vere
1103 2953 1130 3015 in
1140 2954 1312 3015 Eucharistia
1327 2955 1437 3015 haberi?
1449 2975 1539 3014 annon
1553 2955 1604 3015 illa
1617 2958 1789 3038 comparatio
1801 2955 1883 3014 unitatis

314 3075 351 3116 740
359 3061 461 3107 nature
474 3045 552 3125 panis
563 3058 589 3102 et
602 3043 723 3120 corporis
732 3041 863 3101 dominici
874 3064 937 3102 cum
951 3058 1047 3104 natura
1057 3045 1152 3107 diviua
1165 3061 1192 3107 et
1205 3047 1334 3123 humana,
1347 3069 1431 3106 unum
1440 3047 1547 3106 Filium
1560 3063 1588 3107 et
1601 3070 1689 3110 unam
1704 3069 1832 3132 personam
1842 3047 1884 3105 ‹tt-

358 3139 455 3212 ciente,
467 3135 576 3195 omnino
591 3134 745 3205 hutiliserit,
764 3133 788 3192 si
805 3153 902 3214 coquus
922 3135 1024 3195 Christi
1037 3159 1091 3198 non
1114 3138 1150 3198 sit
1162 3159 1224 3198 rere
1246 3138 1275 3198 in
1290 3139 1480 3198 Eucharistia?
1502 3140 1592 3199 Aliud
1610 3141 1702 3201 telum
1726 3152 1884 3220 contorquet,

359 3230 522 3311 graviusque
532 3227 640 3300 instant,
654 3247 685 3284 ac
698 3225 1019 3287 transsubstantiationem
1029 3227 1076 3290 hic
1089 3243 1180 3313 aperte
1190 3229 1282 3311 impeti
1296 3243 1428 3312 pugnant.
1440 3232 1522 3308 Nam,
1542 3232 1691 3311 inquiunt,
1711 3234 1756 3294 bic
1770 3232 1885 3293 1111111111

359 3323 462 3384 dicitius
474 3341 571 3402 panem
582 3318 610 3377 11
623 3317 797 3378 Eucharistia
806 3330 867 3399 post
880 3319 1118 3382 sanctificationem
1131 3344 1283 3392 remanere,
1298 3324 1379 3402 idque
1391 3323 1435 3382 his
1448 3323 1720 3402 verbisderlaratur,
1729 3328 1842 3386 Etiamsi
1848 3343 1883 3380 aa

361 3431 429 3477 tura
437 3418 525 3496 panis
533 3418 564 3472 in
576 3417 638 3494 ipso
648 3415 819 3493 permansit,
835 3424 863 3472 et
875 3434 934 3471 non
944 3413 1003 3473 dieo
1014 3435 1147 3498 corpora,
1161 3419 1213 3476 sed
1225 3437 1315 3476 unum
1326 3437 1428 3496 corpus
1437 3417 1512 3474 Filii
1523 3420 1741 3496 predicamus.
1756 3422 1883 3484 Verumut

361 3511 454 3570 multis
471 3508 602 3587 exemplis
612 3508 707 3589 probat
722 3506 889 3584 Harduinus,
904 3523 998 3568 natura
1008 3523 1034 3568 et
1044 3509 1120 3571 abela
1132 3509 1284 3590 cujuspiam
1297 3509 1334 3567 rei
1353 3530 1423 3590 saepe
1436 3507 1511 3589 apud
1533 3511 1632 3568 Patres
1648 3509 1883 3591 significatproprie·

361 3617 428 3662 tates
444 3601 579 3661 naturales
592 3601 631 3660 rei
642 3600 773 3679 ejusdem5
790 3599 872 3659 111111
886 3601 1060 3682 proprietates
1074 3622 1166 3663 omnes
1180 3602 1314 3662 naturales
1324 3601 1401 3683 panis
1415 3615 1586 3682 permanent,
1603 3617 1631 3661 et
1644 3603 1780 3683 quidquid
1796 3604 1819 3661 11
1836 3619 1882 3681 pau

361 3715 467 3753 sensum
479 3706 589 3769 movet,
605 3705 742 3771 aspectum
755 3690 871 3764 scilicet,
887 3705 987 3753 1111111
999 3709 1026 3754 11
1037 3707 1167 3774 gustum;
1188 3717 1251 3754 nam
1266 3694 1294 3754 id
1308 3694 1394 3755 solum
1410 3696 1439 3754 11
1461 3708 1560 3754 natura
1588 3696 1728 3776 cujusque
1747 3696 1784 3756 rei
1808 3692 1882 3753 sensilis

362 3787 544 3867 percipimus3
561 3784 598 3842 ita
610 3798 639 3842 ut
651 3797 745 3842 natura
763 3784 840 3864 panis
850 3784 895 3843 hic
909 3798 962 3844 tota
977 3787 1164 3869 perspiciatur,
1178 3788 1240 3847 licet
1254 3789 1312 3869 ejus
1321 3786 1431 3846 materia
1447 3800 1473 3845 et
1485 3787 1644 3847 substantia
1662 3788 1691 3846 iu
1710 3782 1882 3869 eorpusCluisu'

364 3891 466 3935 mutma
477 3875 566 3933 luerit.
578 3877 711 3934 Naturam
725 3888 796 3934 certe
810 3876 888 3954 panis
901 3877 941 3936 sic
955 3877 1118 3938 intellexisse
1132 3880 1251 3960 oportuit
1264 3880 1336 3939 hunc
1346 3879 1519 3960 scriptorem,
1535 3879 1671 3958 quisquis
1686 3881 1792 3940 tandem
1802 3877 1882 3937 illehr

363 3967 419 4027 rit:
434 3989 497 4026 nam
511 3986 607 4046 panem
622 3966 649 4024 in
661 3987 758 4046 corpus
772 3966 873 4025 Christi
882 3968 981 4027 mutari
992 3983 1055 4028 tunc
1065 3970 1093 4030 11
1107 3970 1225 4031 Ecclesia
1240 3973 1336 4033 Graeca
1351 3971 1434 4050 vulgo
1448 3970 1606 4045 dicebatur,
1618 3995 1678 4051 qua
1690 3970 1882 4032 mutatioueleffl

364 4062 430 4120 1111Ι
442 4080 494 4119 111
508 4056 625 4137 amplius
638 4057 788 4116 substantia
809 4058 886 4137 panis
900 4059 928 4118 11
943 4060 1114 4121 Eucharistia
1126 4078 1192 4123 erat.
1210 4065 1257 4126 Sic
1274 4078 1364 4123 autern
1379 4063 1577 4143 explicandum
1596 4064 1676 4125 hunc
1692 4068 1883 4147 scriptorem&

364 4152 496 4234 probatur
513 4171 549 4208 ex
567 4150 670 4209 Joanne
690 4149 875 4224 Damascene,
895 4151 942 4227 qui
959 4151 1028 4211 hanc
1038 4153 1179 4234 epistolam
1193 4153 1310 4232 legebat,
1325 4173 1437 4230 eamque
1450 4173 1499 4232 pro
1515 4153 1636 4212 loannis
1658 4151 1833 4234 Chrysostomi
1845 4149 1883 4206 teu

365 4244 484 4304 habebat
490 4288 499 4315 ,
516 4241 621 4320 quique
631 4241 689 4320 ejus
699 4254 802 4321 partem
812 4261 864 4299 non
877 4243 1017 4303 minimam
1026 4244 1126 4304 retulit.
1138 4247 1199 4326 lpse
1208 4245 1307 4325 quippe
1316 4246 1431 4305 loannes
1442 4247 1635 4305 Damascenus
1644 4246 1681 4305 dc
1691 4245 1837 4306 Orthodosa
1847 4239 1884 4299 bdt

365 4337 436 4396 libro
450 4348 546 4413 quarto
556 4355 582 4412 p.
597 4334 656 4391 970
669 4332 707 4390 sic
717 4330 817 4390 babet:
833 4330 940 4414 Ὥσπερ
954 4341 1071 4415 φυσικῶς
1081 4337 1124 4396 διὰ
1133 4342 1181 4409 τῆς
1192 4335 1314 4414 βρώσεως
1327 4337 1340 4392 ὁ
1356 4334 1442 4414 ἄρτος,
1453 4333 1524 4392 καίὸ
1541 4326 1612 4400 οἶνος
1626 4337 1676 4394 καὶ
1689 4335 1721 4394 τὸ
1733 4337 1800 4415 ὕδωρ
1810 4331 1883 4395 biti<

366 4429 469 4495 πόσεως
492 4428 529 4493 εἰς
552 4429 631 4502 σῶμα
654 4425 698 4483 καὶ
721 4416 788 4502 αἷμα
811 4432 856 4485 τοῦ
883 4428 1012 4496 ἐσθίοντος
1028 4429 1074 4488 καί
1092 4428 1212 4492 πίνοντος
1226 4425 1454 4503 μιταὸἄλλονται,
1475 4425 1523 4483 nal
1546 4429 1577 4485 ab
1595 4426 1719 4504 γίνονται
1733 4427 1813 4506 inpos
1827 4425 1882 4496 aiut

365 4519 439 4598 παρὰ
452 4519 483 4578 τὸ
497 4516 624 4597 πρότερον
639 4520 717 4575 αὐτοῦ
729 4521 823 4595 σῶμα·
838 4517 919 4584 οὕτως
932 4525 1005 4592 ὁτῆς
1019 4520 1168 4603 repudiatore
1183 4519 1271 4596 ἄρτος,
1285 4508 1353 4583 οἶνός
1367 4517 1455 4574 τεκαὶ
1469 4516 1556 4595 ὕδωρ,
1573 4519 1620 4576 διὰ
1633 4523 1685 4589 τῆς
1700 4511 1882 4589 ἐπιιιλήστθςὶῑῑ1

364 4610 554 4691 inspeciem<
564 4616 609 4668 τοῦ
619 4608 693 4696 ἁγίου
705 4610 869 4687 Πνεύματος,
884 4615 1022 4691 ὑπερφυῶς
1036 4619 1241 4691 ρπταποιοῦντσι
1255 4615 1291 4677 εἰς
1304 4611 1334 4670 τὸ
1347 4614 1426 4687 σῶμα
1436 4611 1613 4690 τοῦΧριστοῢ
1623 4613 1674 4671 nai
1686 4614 1718 4672 τὸ
1730 4603 1881 4688 alpaidis

365 4704 415 4764 ciel
433 4703 486 4776 δύο,
500 4702 559 4760 ἀλλ’
574 4698 600 4758 ἓν
616 4700 662 4758 καὶ
676 4700 707 4759 τὸ
719 4701 802 4761 αὐτός
825 4704 1078 4779 Quemadmodum
1098 4704 1276 4764 naturaliter
1287 4705 1374 4782 panis
1390 4721 1442 4780 per
1456 4706 1672 4760 comestionem
1689 4706 1881 4780 ,vinumqued

365 4816 444 4874 aqua
454 4815 506 4873 per
518 4796 685 4871 potionem,
699 4796 732 4849 in
740 4813 842 4873 corpus
853 4807 881 4852 et
891 4799 1065 4876 sanguinem
1082 4797 1261 4856 comedentis
1272 4806 1301 4852 et
1323 4795 1446 4851 bibentis
1461 4805 1732 4867 transmutantur,
1749 4805 1880 4868 neccaptt

361 4888 440 4965 fiunt
451 4887 536 4944 aliud
542 4905 561 4942 a
571 4904 690 4963 corpore
701 4888 763 4965 ejus
777 4888 856 4966 quod
866 4892 948 4967 prius
958 4892 1096 4949 exstabat
1107 4913 1116 4946 .·
1126 4894 1169 4949 sic
1178 4892 1266 4968 panis
1279 4889 1330 4966 qui
1341 4889 1374 4943 in
1379 4885 1511 4965 protbesi
1520 4888 1879 4969 praepotentissimum

362 4983 431 5037 item
445 4991 474 5036 et
485 4998 565 5056 aqua
574 4997 627 5056 per
641 4980 858 5037 invocationem
867 4992 895 5038 et
907 4982 1068 5040 adventum
1080 4982 1203 5062 Spiritus
1217 4981 1314 5038 saneti
1323 4976 1594 5057 supernaturaliter
1602 4992 1760 5038 mutantur
1768 4982 1878 5053 incant

361 5082 389 5128 et
403 5073 576 5148 sanguinem
590 5069 701 5127 Christi
706 5093 718 5137 ,·
735 5090 789 5130 riec
802 5071 861 5129 duo
874 5086 953 5145 sunt,
966 5074 1020 5133 sed
1032 5095 1124 5134 unum
1137 5086 1165 5133 et
1179 5073 1266 5130 idem.
1279 5069 1345 5129 llaec
1359 5069 1478 5129 loannes
1489 5069 1684 5131 Damasceuus
1690 5117 1699 5145 ,
1716 5069 1761 5149 qui
1773 5070 1832 5128 huuc
1840 5080 1876 5142 qu

346 5217 350 5224 ,
361 5158 396 5219 de
407 5159 519 5237 questio
533 5173 572 5217 est
588 5160 678 5217 locum
692 5159 719 5218 in
735 5174 823 5220 mente
833 5162 961 5224 habuisse
973 5163 1081 5224 videtur
1098 5187 1160 5225 cnm
1175 5165 1234 5224 haec
1249 5161 1386 5223 scriberet.
1399 5161 1459 5220 Nisi
1472 5160 1592 5222 dixisset
1610 5178 1704 5224 autem
1718 5172 1834 5245 [11111111
1844 5155 1874 5211 tl·

360 5272 426 5313 num
436 5251 676 5331 supomaturaliter
690 5253 790 5313 mutari
804 5253 832 5314 iu
846 5276 944 5337 corpus
953 5270 980 5318 et
990 5257 1148 5339 sanguinem
1160 5254 1275 5333 Christi,
1283 5253 1507 5332 exsequentibus,
1523 5274 1580 5315 nec
1590 5257 1654 5317 duo
1664 5269 1740 5327 sunt,
1752 5255 1799 5314 sed
1809 5265 1871 5309 am
