3764 5992
862 498 1042 548 misione.
1643 482 1711 576 ησύ

173 642 238 693 σας,
255 619 299 680 τδν
316 617 363 698 μίν
378 620 618 701 antipatriam
640 621 718 693 τότε,
739 623 771 683 τδ
787 622 815 683 n
829 623 945 691 συνειδὸς
996 620 1108 700 quidem
1129 622 1223 682 timum
1244 635 1309 685 tunc
1329 622 1403 702 tecit,
1416 623 1606 685 conscientiam
1621 641 1711 688 autem

171 714 220 769 οὐκ
235 712 382 785 ἠπάτησεν,
406 713 465 773 ούδδ
483 713 587 774 ἔπεισεν
599 715 758 794 ἡσυχάζειν·
778 717 836 775 ἀλλ’
853 715 943 794 ίμινεν
995 734 1072 773 suam
1083 713 1195 774 minime
1204 715 1308 791 fefellit,
1323 736 1372 775 nec
1383 716 1419 776 ab
1429 736 1461 777 ea
1474 729 1505 777 ut
1512 717 1712 797 conquiesceret

172 806 252 863 αὐτοῦ
276 803 536 884 κατεξανιστάμενον,
568 805 706 866 καταύοῶν
730 807 872 881 διηνεκῶς,
898 807 943 868 καί
995 804 1139 886 impetrare
1152 808 1363 888 potnit2vorum
1376 828 1406 866 ea
1420 821 1571 869 constanter
1579 807 1711 871 adversus

170 897 296 957 οὐδέποτε
317 898 560 976 ίπιστομιζόμενον.
582 900 684 979 Χρόνου
703 899 756 980 γάρ
770 902 943 981 παρελθόντος
993 898 1084 978 ipsum
1097 899 1262 979 insurgebat,
1273 899 1392 960 clamans
1407 914 1544 981 perpetuo,
1555 918 1710 981 munum-

171 996 287 1069 μακροῦ,
300 994 315 1049 ὁ
327 989 371 1049 τὸν
383 989 558 1070 γεγεννηκότα
571 991 752 1071 ἀρνησάμινος
763 991 793 1052 τὸ
804 992 942 1073 τόλμημα,
993 1010 1075 1070 quam
1095 993 1227 1074 compesci
1247 1006 1359 1074 poterat.
1381 995 1452 1052 Nam
1465 1012 1527 1052 cum
1548 991 1709 1055 diuturnum

169 1080 237 1161 ὅπερ
259 1080 415 1160 ἐτόλμησεν,
437 1088 452 1143 ὁ
475 1081 569 1160 μηδενί
597 1088 650 1143 τῶν
679 1085 766 1144 οίλλαιν
795 1084 942 1167 ἀνθρώπων
955 1100 974 1147 n
989 1083 1046 1164 jam
1059 1085 1188 1167 temporis
1207 1086 1322 1168 spatium
1335 1085 1535 1163 intercessisset,
1553 1085 1640 1164 isqui
1652 1086 1707 1147 ad-

170 1171 291 1247 ἐξειπὼν,
305 1172 407 1242 ούδιυδς
420 1181 640 1257 κατηγοροῦντος,
652 1175 754 1244 ούδινδς
773 1176 941 1258 ίλάγχοντος,
992 1178 1105 1239 missum
1118 1179 1204 1239 scelus
1214 1180 1286 1261 patri
1297 1178 1433 1239 inficiatus
1445 1178 1542 1254 tuerat,
1552 1197 1639 1258 neque
1651 1179 1708 1240 cni·

169 1266 273 1331 ούδενός
287 1269 446 1345 ἐφεστῶτος,
470 1266 528 1327 aaa
546 1269 793 1349 ἀναμιμνήσκοντας
805 1276 854 1344 τῆς
872 1272 940 1352 δρα·
992 1292 1073 1348 quam
1086 1270 1134 1330 alii
1147 1270 1317 1352 prodiderat,
1329 1270 1435 1330 nemine
1443 1284 1593 1346 accusante,
1602 1270 1708 1331 nemine

170 1359 333 1439 ματουργίας
351 1359 467 1433 ἐκείνης,
480 1361 636 1422 κινδυνεύων
652 1363 713 1443 περὶ
733 1364 880 1447 ίλευθερίας
894 1364 941 1424 καὶ
990 1362 1173 1437 convincente,
1187 1364 1293 1423 nemine
1308 1363 1432 1440 instante,
1442 1383 1475 1422 nc
1492 1360 1614 1422 tabulam
1628 1362 1708 1423 illam

169 1452 251 1511 αύτοδ
274 1456 320 1510 τοῦ
344 1454 402 1531 ζῇν,
424 1452 526 1521 δεικνύς
550 1452 593 1514 δτι
617 1458 668 1515 ούκ
690 1456 867 1535 δπεστομίσθη
893 1462 941 1516 τοῦ
990 1453 1019 1512 in
1035 1456 1193 1514 memoriam
1205 1455 1257 1536 ipsi
1277 1453 1424 1535 redigente,
1444 1475 1508 1514 cum
1525 1455 1562 1515 de
1582 1453 1708 1514 libertate

168 1543 316 1612 συνειδότος
342 1548 357 1603 ό
383 1544 528 1624 κατήγορος
553 1548 579 1604 ίν
613 1546 682 1606 odron
708 1552 804 1629 μακρῷ
831 1547 940 1630 χρόνῳ,
990 1545 1067 1608 aede
1080 1546 1137 1628 ipsa
1151 1547 1207 1609 vita
1221 1547 1429 1628 periclitaretur,
1444 1546 1612 1607 conscientiae
1623 1567 1705 1607 accu-

169 1635 228 1694 οὐδὲ
250 1636 422 1717 κατεχώσθη,
443 1638 527 1697 ταῦτά
548 1661 612 1718 φησι
635 1638 668 1698 τίε
692 1639 815 1720 ῥήματα·
830 1640 897 1700 Ναί·
912 1643 938 1700 ἐν
990 1652 1104 1698 satorem
1119 1640 1147 1700 in
1161 1653 1217 1699 tarn
1230 1640 1311 1719 longo
1329 1654 1449 1721 ternpore
1459 1659 1512 1699 non
1526 1639 1641 1717 siluisse,
1653 1659 1707 1701 non

168 1727 313 1806 ἁμαρτίαις
327 1730 379 1809 γάρ
400 1731 480 1806 ἐσμεν
502 1729 563 1810 περί
584 1736 631 1789 τοῦ
652 1731 764 1811 ἀδελροῦ
786 1735 880 1809 ἡμῶν·
896 1730 940 1791 dre
990 1751 1173 1812 compressum
1186 1732 1269 1791 fnisse
1278 1731 1402 1807 ostendit,
1415 1752 1477 1791 cum
1490 1730 1534 1790 his
1547 1730 1637 1793 verbis
1647 1746 1707 1793 ute·

167 1819 307 1878 κατεδύετο
320 1825 406 1899 ἡμῶν,
419 1820 647 1901 καίῦπερείδομεν
661 1820 711 1893 τὴν
732 1822 819 1904 θλίψιν
841 1827 938 1897 αὐτοῦ,
990 1836 1084 1883 retur:
1099 1825 1184 1885 Certe
1197 1847 1206 1882 .·
1219 1827 1251 1883 in
1270 1827 1400 1904 peccetis
1425 1827 1502 1884 enim
1529 1843 1629 1885 stemate
1652 1845 1706 1904 pte
1718 1839 1824 1899 σικύα.

167 1911 215 1970 καί
236 1910 284 1983 τλν
308 1913 400 1984 ὀδύνην
427 1918 474 1984 τῆς
496 1914 584 1993 ψυχῆς
613 1915 709 1972 αὐτοῦ·
725 1912 771 1973 καί
793 1919 837 1974 νῦν
862 1916 1085 2009 tata-wsratre
1107 1919 1309 1996 nostroaqnta
1332 1915 1515 1994 despeximus
1537 1915 1756 1977 tribulatio-²¹·

168 2013 254 2063 τεῖται
273 2004 303 2064 τὸ
325 1996 392 2083 αἷμα
415 2008 494 2064 αὐτοῦ
515 2004 541 2073 ἐξ
563 2010 651 2083 ἡμῶν.
673 2006 769 2066 Καίτοι
787 2005 875 2086 ἕτερον
896 2000 938 2083 ἦν,
954 2026 974 2071 a
992 2028 1057 2066 nem
1070 2010 1144 2088 ejus,
1156 2020 1185 2068 et
1198 2008 1327 2067 dotorem
1343 2010 1452 2066 anime
1463 2007 1555 2080 illius,
1570 2009 1642 2068 dum
1656 2009 1707 2071 de·

173 2097 239 2176 ύπερ
249 2096 364 2175 ἐπήγετο
380 2101 451 2177 αὐτῷ
471 2096 610 2177 ἔγκλημα,
623 2099 669 2158 καί
692 2097 734 2158 διὰ
751 2099 854 2172 κλοπὴν
868 2102 938 2184 ἐκρί-
988 2113 1157 2178 precaretur
1168 2119 1240 2169 ποτε
1254 2121 1292 2158 en
1310 2103 1431 2180 sanguis
1444 2102 1507 2180 ejus
1521 2120 1542 2159 ο
1555 2103 1638 2161 nobis
1653 2123 1708 2162 σα-

168 2212 242 2263 νετο,
263 2189 309 2248 καί
330 2194 366 2257 ὡς
389 2189 545 2270 ὑφελόμενος
559 2190 654 2250 κύλικα
675 2195 777 2273 χρυσῆν
800 2191 882 2261 ούτως
902 2197 939 2260 είς
990 2195 1125 2270 quiritur.
1142 2189 1224 2270 atqui
1238 2189 1315 2249 aliud
1329 2204 1385 2249 erat
1398 2188 1498 2252 crimen
1511 2190 1586 2270 quod
1599 2191 1652 2273 ipsi
1665 2191 1708 2252 in·

168 2282 337 2363 δικαστηριον
353 2281 446 2358 ἤγετο·
468 2284 527 2340 ἀλλ’
549 2281 640 2353 ἐπειδὴ
654 2282 753 2342 τούτων
767 2287 853 2364 ίαυτῷ
866 2284 939 2345 otidis
990 2281 1149 2343 tendebatur
1168 2305 1175 2340 a
1193 2302 1256 2341 nam
1277 2281 1345 2341 [tuti
1369 2280 1590 2360 insimulabatur,
1614 2297 1706 2362 atque,

168 2373 293 2451 συνῄδει,
307 2372 373 2452 ὑπὲρ
385 2373 431 2449 μὲν
446 2372 544 2432 τούτων
556 2377 604 2433 οὐκ
613 2375 708 2454 ἤλγει,
722 2375 779 2436 etet
793 2376 842 2456 ύρη
855 2385 939 2438 ταῦτα
991 2388 1021 2433 ut
1040 2396 1153 2434 aureum
1177 2374 1307 2456 poculum
1335 2373 1500 2447 auffnrnus,
1524 2373 1553 2433 in
1570 2372 1707 2456 judicium

167 2465 281 2545 πάσχειν
296 2465 363 2543 ὑπὲρ
384 2457 420 2523 ὧν
441 2465 559 2545 ἐκρίνετο
572 2467 618 2525 καί
632 2467 738 2546 δέσμιος
757 2467 851 2548 ἤγετο·
871 2469 938 2548 ὑπὲρ
989 2467 1165 2541 trahebetnr3
1180 2487 1277 2527 verunt
1299 2465 1426 2544 quoniam
1448 2464 1552 2525 nuliius
1574 2466 1708 2546 ejusmodi

167 2555 195 2614 st
214 2550 250 2616 ὧν
262 2557 344 2625 οὐδείς
358 2559 492 2630 ἐνεκάλει,
508 2558 565 2617 οὐδὲ
581 2559 687 2627 εὐθύνας
701 2559 814 2639 ἀπῄτει,
829 2561 888 2622 eost
902 2564 938 2631 εἰς
989 2556 1110 2618 criminis
1120 2558 1174 2618 sibi
1187 2557 1310 2618 conscire
1322 2570 1389 2633 erat,
1400 2577 1454 2617 non
1466 2556 1518 2616 hoc
1530 2558 1638 2618 nomine
1647 2558 1709 2619 dis-

166 2649 336 2727 δικαστίριον
346 2640 434 2720 εἷλκε,
450 2651 550 2727 μᾶλλον
562 2649 589 2709 δὲ
599 2644 658 2710 eset
668 2652 720 2723 ἤδη
733 2653 937 2732 τετολμημίνυιν
989 2651 1175 2728 cruciabatur,
1188 2670 1237 2711 nec
1253 2671 1282 2710 se
1294 2649 1330 2709 ob
1345 2671 1388 2727 ea,
1407 2649 1442 2709 de
1459 2649 1560 2728 quibus
1570 2649 1707 2731 judicium

167 2744 254 2822 αὐτῷ,
269 2742 337 2824 ὑπὲρ
352 2742 385 2816 δὴ
400 2742 499 2801 τούτων
519 2744 596 2809 αὐτὸς
608 2746 703 2802 ἑαυτοῦ
713 2743 760 2803 καί
771 2743 879 2826 ίλιγχος
891 2746 938 2806 καί
989 2743 1098 2802 subibat
1108 2756 1190 2820 atone
1200 2742 1228 2802 in
1238 2741 1347 2803 vincula
1360 2741 1519 2819 ducebatur,
1533 2742 1591 2802 baec
1603 2745 1708 2824 perpeti

165 2835 310 2915 κατήγορος
324 2834 433 2914 γίνεται.
447 2832 666 2911 Ἐπελαμόάνετο
678 2835 731 2917 γάρ
746 2839 825 2896 αὐτοῦ
837 2838 868 2898 τδ
880 2863 938 2900 σον-
987 2833 1114 2895 dicebat:
1128 2836 1175 2895 sod
1190 2835 1226 2894 ob
1248 2856 1279 2894 ea
1297 2838 1357 2913 quae
1374 2854 1454 2895 nemo
1475 2833 1529 2914 ipsi
1549 2834 1705 2914 objiciebat,

165 2927 248 3001 ειδδς,
263 2927 309 2985 καί
324 2925 343 2985 ’ό
362 2925 430 3005 μετὰ
451 2925 541 2993 ἀδείας
557 2926 688 2998 τοσαύτης
705 2926 734 2986 τὸ
754 2919 822 3007 αἷμα
843 2929 937 3012 ίκχίας
952 2953 970 3000 B
988 2948 1037 2987 nec
1046 2927 1082 2988 de
1090 2928 1124 2988 iis
1136 2948 1229 3010 poenas
1238 2926 1389 3008 expetebat,
1401 2946 1449 2987 nec
1460 2946 1521 2986 eum
1531 2926 1561 2986 in
1568 2926 1707 3009 judicium

162 3026 209 3078 τοῦ
223 3020 352 3101 άδελρυῦ,
367 3017 413 3077 καί
433 3018 515 3097 μηδὲν
531 3017 633 3093 παθὼν,
647 3024 693 3079 νῦν
708 3020 754 3080 καί
768 3029 936 3100 συμπαθητι-
988 3021 1123 3097 trahebat,
1143 3020 1199 3080 into
1223 3038 1283 3098 quae
1306 3018 1428 3079 nondum
1443 3032 1655 3100 perpetraverat,
1669 3020 1706 3080 ob

163 3111 209 3178 κὸς
223 3111 339 3190 ἐγίνετο,
351 3111 397 3170 καλ
411 3119 456 3172 τοῦ
467 3117 547 3192 χοροῦ
564 3115 616 3171 τῶν
635 3115 851 3186 κοινωνησάντων
864 3120 936 3200 αὐτῷ
987 3134 1031 3187 ea,
1046 3113 1166 3193 inquam,
1179 3112 1236 3192 ipse
1248 3131 1276 3171 se
1287 3109 1419 3192 prodebat
1431 3124 1457 3169 et
1467 3110 1620 3172 accusabat.
1634 3113 1705 3172 Con·

163 3207 212 3275 τῆς
226 3204 376 3285 μιαιρονίας
392 3203 548 3283 κατηγόρει,
569 3204 614 3263 καὶ
633 3205 682 3278 τὴν
697 3207 825 3285 ύιμότητα
846 3219 936 3270 πᾶσαν
986 3205 1098 3266 scientia
1110 3205 1183 3267 enim
1193 3205 1284 3286 ipsunt
1295 3202 1506 3284 perstringebat:
1517 3217 1544 3263 et
1555 3204 1602 3282 qui
1614 3202 1705 3265 animo

163 3296 307 3377 ἐτραγῴδει
317 3341 323 3368 ,
335 3296 433 3376 λέγων·
445 3294 514 3355 Ὅτε
524 3294 662 3356 κατεδύετο
674 3301 761 3376 ἡμῶν,
773 3300 819 3360 καὶ
832 3301 936 3381 ύπερεί-
957 3354 960 3359 ,
987 3319 1072 3376 nsque
1091 3295 1159 3357 adeo
1178 3296 1259 3356 firmo
1275 3308 1302 3354 et
1316 3293 1450 3375 intrepido
1470 3293 1563 3355 fratris
1582 3315 1705 3356 cruorem

163 3390 243 3466 δομεν
263 3386 312 3459 τὴν
325 3388 413 3468 θλίψιν
427 3389 520 3460 αὐτοῦ,
534 3388 580 3447 καί
600 3389 649 3461 τὴν
669 3390 761 3464 ὀδύνην
780 3397 828 3464 τῆς
849 3395 936 3474 ψυχῆς
987 3388 1130 3464 effuderat,
1150 3389 1226 3448 nullo
1249 3387 1372 3448 moeroris
1392 3406 1471 3446 sensu
1493 3386 1617 3463 affectus,
1632 3408 1704 3447 nunc

163 3483 250 3540 αὐτοῦ.
264 3481 361 3562 Ἤρκει
380 3478 428 3559 μὲν
445 3481 525 3561 γάρὴ
541 3480 632 3561 ρύσις,
652 3482 733 3562 φησί,
753 3483 871 3561 μαλάξαι
889 3485 935 3544 καὶ
987 3495 1078 3541 contra
1090 3480 1165 3540 illius
1178 3479 1265 3539 ricem
1275 3477 1402 3554 dolebat,
1417 3489 1443 3536 et
1461 3497 1528 3556 quos
1538 3476 1645 3537 sceleris
1655 3499 1702 3538 so-

164 3574 316 3652 ἑπικάμψαι
337 3573 402 3651 πρδς
421 3573 509 3633 ίλεον·
523 3579 537 3634 ὁ
551 3573 578 3633 δὲ
591 3575 637 3634 καί
657 3576 758 3655 δάκρυα
770 3577 934 3656 προσετίθει,
988 3573 1042 3633 cios
1053 3570 1237 3652 acparticip&
1247 3565 1703 3647 bflbuefflbflfflssflbaber‘dlffiu·

165 3667 210 3725 καί
230 3663 364 3744 ἱκετηρίαν
381 3664 472 3737 ἐτίθει,
488 3667 533 3726 καὶ
552 3666 611 3727 οὐδὲ
630 3666 713 3736 οὕτως
729 3673 803 3747 ἡμας
817 3668 934 3749 δπέκαμ-
987 3679 1095 3743 temque
1104 3682 1212 3721 omnem
1222 3658 1332 3739 tragicis
1348 3657 1439 3719 verbis
1449 3657 1639 3737 exaggerabat,
1653 3658 1702 3718 di-

163 3763 225 3838 ψεν·
245 3758 304 3816 ἀλλ’
320 3755 508 3840 Ὑπερείδομεν
526 3759 575 3832 τὴν
596 3758 684 3838 θλίψιν
706 3763 802 3830 αὐτοῦ,
822 3759 934 3835 κοίτην
987 3778 1060 3833 cens,
1076 3758 1158 3816 Dum
1179 3755 1384 3832 deprecaretur·
1397 3770 1460 3822 nor,
1476 3763 1503 3809 et
1518 3751 1702 3831 despeximus

162 3849 256 3921 ὀδύνην
276 3853 323 3920 τῆς
344 3851 430 3929 ψυχῆς
446 3852 535 3910 αὐτοῦ.
558 3849 610 3910 Διὰ
631 3856 707 3911 τοῦτο
725 3855 790 3931 ἡμῖν
809 3852 840 3912 τὸ
857 3854 932 3913 δικα-
950 3867 968 3915 c
987 3848 1207 3908 tabulationem
1223 3847 1296 3925 ejrrs,
1309 3855 1337 3902 et
1348 3843 1478 3901 dolorem
1490 3843 1700 3905 animoettltus.

163 3941 269 4019 στίριον
288 3947 365 4000 τοῦτο
385 3942 611 4021 συγκεκρότηται,
626 3942 706 4022 φησί,
725 3942 769 4002 διά
781 3949 859 4004 τοῦτο
872 3945 934 4026 περί
987 3939 1068 4014 Quod
1087 3937 1197 4020 perinde
1208 3949 1247 3995 cst
1260 3934 1326 3995 acsi
1340 3933 1442 3995 diceret
1452 3957 1459 3991 τ
1470 3932 1516 3993 Ad
1526 3933 1701 3995 emolliendos

165 4031 275 4109 αίματος
299 4031 493 4111 κινδυνεύομεν,
515 4034 606 4108 ἐπειδὴ
629 4033 675 4095 καί
699 4041 778 4114 ἡμεῖς
800 4039 837 4104 εἰς
867 4030 934 4117 αἷμα
986 4033 1090 4093 animos
1110 4042 1226 4106 nostros,
1241 4040 1322 4106 atque
1341 4025 1376 4086 ad
1395 4024 1699 4087 mirericordiaminsse·

163 4124 366 4204 ἡμαρτήκαμεν.
390 4123 469 4184 Otito>
483 4126 528 4185 καί
539 4132 553 4186 ὁ
566 4127 666 4195 Ἰούδας
690 4132 737 4189 oda
757 4128 870 4210 ύνιγκὼν
889 4137 936 4192 τοῦ
986 4123 1107 4198 ciendos,
1123 4135 1217 4181 natura
1231 4120 1290 4200 ipsa
1309 4117 1366 4177 sola
1379 4116 1548 4178 sufficiebat:
1560 4117 1700 4178 atiltela·

164 4217 309 4284 συνειδότος
322 4215 366 4274 τὸν
383 4217 501 4298 ἔλεγχον,
515 4219 560 4278 ἐπὶ
578 4219 673 4301 βρόχον
692 4218 818 4302 ὥρμησε,
836 4222 881 4282 καί
899 4223 933 4282 δι’
986 4214 1184 4298 crymasetiam
1198 4209 1372 4293 adjungebat,
1383 4209 1551 4290 supplexque
1563 4230 1612 4271 nos
1624 4211 1702 4270 obse-

164 4307 278 4386 ἀγχόνης
287 4307 331 4366 τὸν
343 4308 400 4387 βίον
410 4309 934 4396 κατέλυςςι,1(ςὶὸςςμὶςςὸάςαίσχυγ.
986 4309 1079 4370 στείνει
1083 4328 1141 4384 ,σο
1163 4326 1196 4365 ne
1209 4305 1249 4363 sie
1268 4301 1379 4382 quidem
1402 4321 1450 4360 nos
1468 4299 1591 4372 inflexit,
1606 4322 1701 4362 verum

163 4419 209 4456 τον
221 4400 306 4458 ἐκεῖνο
321 4398 481 4478 συμόολαιον
495 4402 610 4481 ἐτολμα,
623 4403 724 4484 λόγων·
739 4404 776 4465 Τί
789 4406 878 4468 antec
889 4431 934 4485 μοι
987 4403 1181 4481 Πεεμεαίικιιε
1195 4395 1413 4457 tribulationem
1431 4397 1504 4475 ερίεε,
1524 4404 1553 4453 et
1572 4393 1703 4452 dotorem

165 4491 273 4561 δοῦναι,
294 4490 369 4570 κάγὼ
388 4497 449 4569 ὑμῖν
464 4493 542 4553 αύτδν
556 4495 723 4573 παραδώσως
739 4500 768 4557 ού
781 4496 841 4566 τοὺς
856 4499 936 4559 ἀκού·
988 4498 1096 4553 animae
1106 4491 1199 4550 ι’ίίίιεε.
1213 4488 1288 4558 ideo,
1304 4485 1404 4564 inquit,
1415 4483 1554 4564 judicium
1564 4484 1616 4545 hoc
1625 4484 1703 4545 nobis

165 4602 244 4646 οντας
259 4580 403 4662 ᾐσχύνετο,
422 4584 463 4643 ὅτι
477 4585 597 4663 μαθητὴς
611 4586 647 4645 ὢν
658 4594 769 4647 τοιαῦτα
788 4588 849 4672 περὶ
863 4592 935 4649 διδα-
988 4597 1113 4666 paratum
1130 4590 1181 4657 est,
1200 4578 1261 4638 idco
1277 4576 1304 4636 in
1318 4575 1458 4655 sanguinis
1472 4575 1591 4656 periculo
1611 4596 1704 4637 versa·

165 4672 266 4730 σκσίλου
280 4672 408 4754 ἐτύρευεν,
420 4679 502 4736 ούκέν
512 4678 692 4759 ταῑςὴμίραις
702 4687 760 4746 ταῖς
774 4679 871 4757 μεταξὺ
882 4704 935 4739 και-
952 4703 972 4748 1)
990 4696 1063 4751 mur,
1086 4671 1214 4752 quoniam
1231 4669 1260 4728 in
1284 4666 1442 4746 sanguinem
1461 4666 1639 4748 peccavimus.
1660 4667 1704 4728 Ad

163 4762 277 4841 τενύγη,
291 4765 360 4825 ἀλλὰ
372 4767 473 4843 μεθύων
488 4768 527 4828 ἔτι
541 4773 575 4848 τῇ
589 4771 669 4850 ἡδονῇ
686 4774 733 4842 τῆς
747 4771 936 4852 φιλαργυρίας,
989 4767 1062 4826 hune
1083 4763 1195 4823 modum
1216 4761 1298 4820 etiam
1319 4759 1406 4821 Judas
1424 4773 1613 4839 coarguentem
1634 4778 1702 4821 onn-
1764 4818 1767 4825 .

164 4855 195 4913 οὐ
211 4855 313 4935 σρόδρα
326 4857 453 4935 ᾐσθάνετο
465 4863 514 4930 τῆς
532 4862 691 4944 κατηγορίας
712 4868 759 4922 τοῦ
781 4861 936 4930 συνειδότος.
990 4855 1127 4918 scientiam
1150 4852 1262 4912 minime
1282 4853 1380 4924 terens,
1396 4849 1432 4911 ad
1450 4851 1579 4930 laqueum
1599 4873 1627 4912 se
1641 4872 1704 4913 con·

166 4945 278 5018 Ἐπειδὴ
302 4946 330 5007 di
352 4949 448 5032 ίπραξε
467 4950 515 5023 τὴν
538 4953 680 5032 ἁμαρτίαν,
703 4955 750 5014 καί
768 4955 799 5014 τὸ
815 4954 937 5036 ἀργύριον
991 4949 1070 5025 tulit,
1093 4968 1178 5026 eoque
1199 4944 1285 5007 vitam
1305 4943 1359 5003 sibi
1381 4942 1493 5003 ademit.
1518 4942 1555 5003 Et
1578 4944 1705 5024 quidem,

165 5036 260 5110 ίλαόι,
276 5039 322 5099 καί
335 5047 352 5113 ἡ
364 5042 444 5114 ἡδονὴ
461 5041 507 5121 μὲν
523 5045 657 5105 ἐπαύσατο
674 5052 721 5106 τοῦ
740 5046 900 5125 λήμματος,
919 5052 937 5119 η
992 5063 1055 5102 eum
1074 5037 1216 5121 impudens
1237 5035 1306 5096 illud
1318 5049 1428 5117 pactum
1441 5035 1512 5096 inire
1525 5057 1580 5097 non
1592 5036 1705 5098 dubita-

166 5127 196 5186 δὲ
212 5131 359 5211 κατηγορία
372 5139 418 5192 τοῦ
434 5135 664 5214 πλημμελήματος
681 5137 866 5212 ἤνθειλοιπδν,
879 5137 939 5198 τότε
992 5136 1050 5206 bnt,
1073 5131 1278 5210 dieenszQuid
1296 5129 1390 5188 vultis
1415 5130 1489 5187 mitt
1507 5129 1589 5203 dare,
1607 5145 1634 5191 et
1655 5152 1708 5212 ego
1721 5146 1807 5192 οινιιΙι.
1823 5142 1862 5190 26.

169 5222 280 5298 μηδενὸς
294 5225 498 5303 ἀναγκάζοντος,
515 5230 625 5306 μηδενὸς
646 5230 816 5310 βιαζομένου,
831 5230 940 5309 μηδενὸς
995 5229 1080 5285 vobis
1093 5245 1159 5283 ettm
1173 5222 1311 5281 tradam?
1319 5241 1371 5280 non
1382 5241 1435 5296 ens,
1445 5221 1492 5299 qui
1508 5220 1536 5280 id
1555 5221 1710 5300 audiebant,
1724 5209 1760 5255 ¹⁵¹

169 5323 377 5393 παραινοῦντος,
402 5319 548 5398 αὐτόματος
570 5321 701 5398 ἀπελθὼν,
722 5321 752 5380 τό
768 5345 797 5381 τε
819 5321 940 5403 ἀργύριον
995 5318 1149 5397 verebatur,
1161 5334 1256 5395 nempe
1266 5311 1338 5392 quod
1349 5311 1501 5396 discipulus
1511 5314 1539 5376 in
1553 5317 1713 5396 magistrum
