3764 5992
554 434 599 481 nn
624 432 764 481 inostro
789 433 936 481 nicroou.
965 435 1000 481 u.
1476 416 1547 511 ²49

141 566 217 639 Ιγμα
230 556 361 619 τοσούτων
375 558 458 639 γίμον
470 561 560 619 κακῶν
574 561 610 627 είς
623 558 673 631 τὴν
692 558 776 618 οἰκίαν
794 564 813 610 1³
829 557 936 636 legibus
955 556 1062 631 ducere,
1081 557 1116 617 ad
1130 558 1281 639 prohibitas
1289 573 1436 635 currentes,
1449 557 1548 619 domos

141 675 165 725 ις
185 650 232 723 bib
255 650 307 731 rb?
327 650 424 719 σπιίνις
447 650 504 719 ἰστί
525 652 674 729 γυναικῶν,
698 649 778 718 Τίνος
830 648 1021 725 subvertimus,
1035 649 1547 729 bellaciviliaexcitamus,aeundique

141 744 228 804 ολλῶν
253 746 351 813 ὠσῶν,
369 743 400 810 ἃς
421 742 489 821 μετλ
512 746 566 802 τῶν
587 742 776 823 προσηκόντων
830 740 985 801 inimicitias
998 740 1547 817 nobisconciliantes,innumerisaccusa-

141 834 153 893 ί
173 835 244 913 pred
261 841 379 917 καθαροῦ
399 834 546 903 συνειδότος
569 833 714 913 λαμόσίνειν
736 833 779 903 ἔξ-
829 832 933 891 toribus
946 854 994 891 ora
1014 832 1170 913 aperientes,
1189 846 1309 891 nostram
1322 833 1408 891 vitam
1426 831 1546 891 dedeco-

141 928 150 986 ἰ
172 926 222 995 cb<
248 926 434 1005 κεκωλυμένος
458 926 598 1009 τρίχομεν,
621 924 669 994 τὰς
692 925 776 994 οἰκίας
829 944 930 997 remiis,
942 938 969 983 et
985 923 1059 1002 quod
1079 922 1201 983 ominium
1212 924 1404 1002 gravissimum
1418 937 1470 1000 est,
1488 924 1546 983 ine·

142 1042 210 1093 ντες,
232 1019 280 1079 καί
301 1018 433 1098 πολέμους
455 1018 596 1101 ἐμρυλίους
614 1017 777 1098 εἰσάγοντες,
829 1014 942 1074 vitabile
976 1016 1142 1097 supplicium
1179 1017 1207 1075 in
1249 1014 1295 1075 die
1327 1015 1427 1097 judicii
1467 1017 1546 1076 nobis

142 1110 223 1191 χόας,
235 1110 334 1193 1an
343 1115 446 1180 ἑαυτοῖς
457 1110 713 1190 παρασκευάζοντες,
727 1135 777 1189 1²⁰·
828 1103 1050 1183 accumulamus?
1078 1104 1154 1177 Quid
1178 1104 1251 1164 enim
1263 1104 1385 1165 dicemus
1401 1103 1428 1163 ei
1450 1104 1546 1183 quide

142 1200 245 1282 ςγόρων
266 1201 414 1281 ἀνοίγοντες
427 1192 564 1282 στόματα,
577 1202 624 1262 καὶ
635 1200 687 1274 τὴν
708 1202 777 1275 ζωὴν
828 1194 906 1253 nobis
912 1194 1087 1275 judicaturus
1097 1208 1145 1271 est,
1157 1194 1266 1273 quando
1277 1194 1365 1273 legem
1381 1195 1410 1254 in
1423 1194 1544 1255 modium

142 1299 162 1353 ἰν
178 1293 421 1375 καταισχύνοντας,
439 1295 502 1370 καί,
522 1294 553 1354 τὸ
568 1295 677 1355 πάντων
695 1296 777 1375 χαλι-
827 1286 931 1347 illatam
942 1287 1154 1368 legeritdicens:
1167 1288 1241 1349 Jussi
1255 1288 1544 1369 repudiatamuxorcm
1553 1311 1641 1357 ιςιιιι,
1655 1311 1678 1358 5,

156 1384 391 1465 ἀπαραίτητονιν
421 1390 454 1467 τῇ
478 1386 566 1468 ᾑμέρᾳ
588 1391 637 1459 τῆς
665 1386 777 1469 κρίσεως
828 1375 1593 1455 nonducere,dicensidaduiteriumesse?Quomodo³²·

142 1502 153 1545 ς
169 1480 275 1545 tamt<
287 1478 413 1551 mmm
425 1478 462 1539 Τί
474 1479 527 1561 γὰρ
541 1482 651 1561 ζροῦμ,
667 1479 727 1539 τότε
737 1482 776 1559 τῷ
826 1470 910 1549 igitur
922 1492 1004 1531 ausus
1015 1492 1042 1531 es
1065 1470 1102 1530 ad
1113 1471 1266 1552 prohibitas
1276 1471 1385 1552 nuptias
1397 1471 1543 1532 accedere?

143 1568 246 1649 κρίνειν
264 1574 351 1647 ἡμᾶς,
368 1570 431 1629 όταν
443 1572 489 1633 τὸν
507 1570 587 1650 νόμον
605 1569 776 1653 παρενεγκὼν
827 1563 904 1635 Quid
913 1563 1044 1641 dicemus,
1052 1563 1119 1643 quid
1131 1562 1373 1644 respondebimus?
1388 1565 1545 1643 Numquam

147 1659 198 1719 καί
215 1658 344 1741 ἀναγνοὺς
364 1661 451 1721 εἴποι·
465 1661 591 1723 tuma
612 1662 809 1740 ἀπολιλυμέ-(ζ
826 1655 898 1715 enim
914 1655 971 1716 illie
981 1657 1022 1715 sas
1035 1670 1158 1716 externas
1170 1656 1243 1736 leges
1263 1670 1423 1737 praetexere,
1439 1656 1487 1717 sod
1497 1678 1544 1718 nc·

142 1760 189 1811 ύια
217 1750 257 1829 μὴ
272 1751 429 1829 λαμύιίνειν,
453 1752 534 1813 εἰπὼν
555 1752 597 1813 ότι
621 1753 730 1835 μοιχεία
746 1753 777 1813 τὸ
825 1748 970 1808 cossanum
980 1748 1543 1829 esttacentoeetligatosingebennaeignem

144 1866 206 1917 στι,
230 1845 296 1911 Πῶς
318 1833 363 1902 σύν
381 1843 530 1922 ἐτόλμησας
551 1846 596 1905 ἐπί
618 1845 775 1925 κεκωλυμί-
826 1839 935 1899 immitti
955 1861 1019 1900 cum
1044 1839 1174 1899 adulteris
1192 1853 1218 1900 et
1231 1840 1351 1901 alienum
1361 1855 1452 1902 torum
1472 1842 1544 1923 inju-

143 1958 148 1989 ι
173 1936 276 2009 ἐλθεῖν,
301 1934 338 1995 Τί
356 1939 475 2016 ἰροῦμιν,
499 1939 546 1997 καί
571 1937 598 1998 τί
618 1938 776 2021 &serpunt-
825 1931 1153 2009 riaafficientibus3nam
1171 1932 1262 2011 etqui
1284 1931 1420 1992 dimiserit
1442 1933 1544 2013 alisque

166 2026 222 2107 γὰρ
251 2028 290 2086 δεῖ
316 2025 377 2095 τούς
397 2029 471 2111 παρὰ
491 2035 544 2090 τῶν
569 2028 663 2098 {Emere
685 2030 776 2109 κειμί-
825 2044 906 2083 causa
920 2023 1018 2105 stupri,
1040 2035 1066 2082 ct
1080 2022 1129 2102 qui
1149 2023 1262 2104 ejectam
1286 2024 1471 2085 viventcviro
1485 2024 1544 2085 du-

143 2140 169 2185 νς
188 2121 246 2179 ἐκεῖ
260 2118 457 2198 προόαλίσίαι,
478 2124 537 2181 ἀλλ’
564 2122 666 2201 ἀνάγκη
681 2127 777 2201 σιγῶν·
826 2115 907 2191 xer-it,
919 2137 982 2175 cum
998 2116 1080 2196 ejecta
1092 2114 1139 2174 itta
1159 2114 1317 2196 punientur.
1339 2120 1453 2197 Propter
1470 2118 1544 2197 quod

143 2207 291 2287 ίιδτμίνονς
313 2213 350 2278 εἰς
374 2212 406 2271 τὸ
429 2216 478 2284 τῆς
500 2214 606 2293 γεέννης
626 2216 775 2295 ἀπάγεσθαι
826 2229 882 2284 oro,
896 2207 1007 2268 obsecro
1027 2221 1054 2267 et
1076 2207 1210 2288 supplico,
1226 2229 1259 2267 ne
1274 2207 1327 2267 viri
1340 2209 1468 2271 mulieres
1490 2210 1545 2297 ¹eji-

147 2304 205 2360 τῶν
217 2306 322 2381 μοιχῶν
338 2302 385 2361 καὶ
402 2308 455 2363 τῶν
468 2303 529 2372 τοὺς
544 2305 696 2388 ἀλλοτρίους
716 2306 776 2366 εἰδι-
826 2299 909 2372 ciant,
923 2321 1009 2378 ncqrre
1020 2298 1147 2359 mulieres
1162 2299 1236 2359 vims
1257 2300 1423 2379 relinquent,
1437 2300 1484 2361 sod
1495 2324 1544 2363 au·

150 2390 270 2473 γάμους·
283 2393 341 2454 ὅτε
355 2393 408 2473 γὰρ
424 2394 560 2464 ἀπολύσας
575 2397 657 2477 χωρὶς
671 2396 775 2466 αἰτίας,
825 2392 901 2452 diunt
914 2392 1030 2451 Paulum
1051 2391 1326 2452 dicentethulr'er
1345 2395 1490 2454 adstricto
1500 2407 1544 2454 est
1556 2424 1576 2456 ι.
1593 2411 1647 2461 cor.
1660 2426 1683 2470 ι.

143 2484 267 2568 πορνεία,
291 2482 356 2575 ὅτε
380 2486 579 2565 ἰκύεύλημίνην
601 2494 705 2567 γαμῶν,
729 2495 775 2550 τοῦ
827 2485 895 2565 legi,
927 2496 1043 2566 quanto
1065 2497 1192 2564 tempere
1219 2488 1329 2543 vixerit
1352 2489 1403 2544 uir
1420 2489 1493 2564 ejus.
1512 2487 1545 2547 Si
1552 2476 1593 2537 ³9·

144 2598 221 2650 ντος,
240 2576 339 2656 ὁμοίως
352 2577 422 2655 μετὰ
437 2582 486 2650 τῆς
500 2580 675 2653 ἐκὸληθείιιης
693 2582 775 2641 κολά-
826 2589 925 2634 aretem
946 2577 1098 2635 donnierit
1118 2580 1178 2647 τόν,
1196 2576 1289 2634 libera
1306 2581 1361 2636 erit
1390 2582 1439 2637 cui
1459 2581 1543 2639 volet

144 2668 169 2729 rb
185 2671 352 2747 παρακαλῶ,
369 2670 415 2729 καὶ
441 2671 535 2751 δέομαι
558 2671 605 2732 καί
629 2672 774 2744 ἀντιόολῶ,
828 2672 947 2741 uerbere,
963 2683 1077 2728 tantum
1090 2674 1121 2728 in
1135 2672 1274 2729 Domino.
1284 2670 1477 2751 Qunicmenim
1492 2673 1544 2733 ba·

144 2784 176 2827 ις
190 2758 334 2819 ἐκὸόλλειν
347 2769 489 2838 γυναῖκας,
509 2762 577 2840 μήτε
590 2773 716 2841 γυναῖκας
726 2764 771 2823 ἄν·
791 2767 810 2813 D
826 2760 929 2820 bebunt
941 2762 1059 2839 veniam,
1076 2762 1122 2840 qui
1137 2762 1223 2821 Paulo
1241 2762 1321 2821 etiam
1333 2763 1464 2823 secundas
1482 2787 1545 2846 per·

144 2850 209 2927 imr,
237 2854 296 2911 ι’ὑλί
321 2852 424 2913 ἀκούειν
438 2862 485 2915 τοῦ
509 2853 618 2914 Παύλου
631 2855 774 2934 λέγοντος·
827 2853 949 2912 mittente
960 2854 1068 2934 nuptias
1079 2867 1138 2934 post
1147 2866 1259 2912 mortem
1269 2855 1433 2934 conjugis,et
1442 2870 1543 2915 tantam

144 2966 188 3003 ται
202 2943 296 3025 νόμῳ,
310 2946 350 3025 ἐφ’
373 2945 432 3005 ὅσον
445 2945 539 3028 χρόνον
561 2948 711 3031 ζῇὸἀνὴρ
731 2950 776 3007 ed·
827 2943 986 3004 concedente
1005 2944 1122 3025 copiam,
1151 2958 1212 3004 ante
1239 2959 1352 3004 mortem
1366 2945 1465 3006 audent
1480 2948 1544 3007 talia

144 3032 175 3095 di
187 3040 307 3117 κοιμηθῇ
322 3036 430 3117 ὁάνὴρ,
444 3039 566 3121 ἐλευθέρα
577 3040 648 3100 ἐστὶν
665 3032 687 3122 ᾧ
706 3041 777 3102 θελοι
826 3037 931 3097 facere?
955 3058 1036 3115 quam
1050 3050 1225 3116 assequentur
1239 3037 1433 3113 defensionem,
1445 3039 1489 3099 vel
1502 3040 1543 3099 illi

144 3152 164 3203 ι,
184 3128 267 3205 μόνον
286 3130 313 3186 ἰν
328 3128 427 3212 Κυρίῳ.
442 3130 527 3191 Ποίαν
547 3130 598 3213 γὰρ
616 3133 700 3214 ἔχοιεν
711 3158 776 3213 συγ·
827 3131 873 3211 qui
888 3130 1043 3190 virentibus
1057 3129 1125 3190 viris
1138 3152 1237 3189 rtxorcs
1247 3131 1393 3212 accipiunt,
1400 3133 1445 3191 vel
1453 3132 1481 3191 bi
1493 3133 1542 3212 qui

144 3224 165 3295 ἰ,
182 3226 232 3281 τοῦ
252 3220 362 3282 Παύλου
384 3222 428 3282 καὶ
451 3222 569 3305 δεύτερον
591 3226 776 3307 ἐπιτρέποντος
826 3223 861 3283 ad
874 3223 983 3305 publica
996 3236 1083 3281 scorta
1098 3222 1368 3283 accedunrttnnim
1382 3238 1408 3283 et
1421 3223 1491 3283 illud
1502 3239 1544 3285 cst
1578 3238 1698 3287 οεοοιετι

144 3312 169 3373 ’λ
189 3310 242 3385 τὴν
255 3314 381 3387 τελευτὴν
395 3321 441 3375 τοῦ
456 3322 648 3391 συνοικοῦντος,
667 3318 713 3378 καὶ
733 3343 777 3380 το·
825 3314 953 3375 adulterii
967 3313 1042 3373 aliud
1062 3314 1270 3394 genus,habere
1291 3314 1365 3377 domi
1381 3338 1503 3390 uxorem,
1517 3330 1543 3377 et
1589 3302 1696 3405 ¹.⁸³''¹¹'‘'⁵³

144 3404 285 3485 τρέχοντος
304 3406 405 3478 ἄδειαν,
429 3409 481 3487 πρὸ
505 3415 552 3481 τῆς
572 3414 695 3483 τελευτῆς
716 3415 776 3472 τολ-
824 3407 890 3466 foris
903 3406 998 3466 scortis
1009 3405 1179 3486 jungiNam
1200 3406 1430 3485 quemadmodum
1444 3378 1697 3474 mulieriiii⁰fioirii

145 3502 206 3557 σῶτο
229 3506 330 3573 ποιεῖν,
343 3499 413 3566 τίνος
428 3500 459 3559 ἂν
483 3500 588 3581 τύχοιεν
614 3502 777 3578 ἀπολογίας,
826 3501 928 3559 babens
937 3498 1149 3563 viromanensi
1156 3497 1259 3557 famulo
1272 3500 1317 3559 vel
1326 3500 1413 3560 libero
1422 3502 1543 3583 cuipiam
1553 3492 1650 3535 mmet.

150 3592 259 3659 ζῶντανν
273 3595 325 3650 τῶν
337 3592 438 3673 ἀνδρῶν
456 3592 504 3659 τὰς
523 3602 650 3671 γυναῖκας
669 3593 774 3673 λαμύαί·
826 3613 939 3652 uxorem
946 3612 1001 3650 non
1010 3589 1426 3669 babentiseerponat,adulterii
1435 3593 1542 3672 legibus

145 3684 241 3743 ἰκτῖνοι
254 3686 280 3742 σί
292 3683 358 3763 πρὸς
370 3683 419 3752 τὰς
432 3684 585 3762 πανδήμους
599 3685 777 3765 ἀπερχόμενοι
826 3683 981 3765 implicatur
996 3705 1004 3738 ε
1020 3680 1058 3739 sie
1068 3694 1094 3739 et
1107 3680 1152 3739 uir
1164 3680 1227 3738 lieet
1240 3678 1275 3739 ad
1289 3681 1402 3760 vulgare
1413 3698 1542 3762 scortum,

145 3771 180 3833 ’.αἰ
197 3773 252 3855 γὰρ
272 3774 317 3833 καὶ
342 3776 426 3835 ἐκεῖνο
448 3776 569 3856 μοιχείας
589 3776 676 3859 ἕτερον
691 3766 777 3851 εἶδος,
826 3776 870 3835 vel
880 3774 915 3834 ad
928 3772 1069 3833 mulierem
1078 3772 1171 3846 aliam,
1188 3772 1313 3850 qrramvis
1323 3794 1376 3833 nou
1398 3776 1542 3838 habentem

145 3888 179 3923 ια
201 3864 299 3945 ίχοντα
318 3866 400 3940 teto,
414 3868 522 3949 πόρναις
535 3868 650 3949 γυναιξίν
665 3872 776 3947 ὁμιλεῖν.
826 3867 928 3944 virum,
944 3866 1003 3947 ipse
1015 3885 1128 3924 uxorem
1138 3863 1240 3923 babens
1254 3865 1402 3941 accesserit,
1414 3866 1542 3929 adulterii

145 3960 205 4039 ιρί,
222 3957 268 4017 τὀν
292 3957 375 4041 ἄνδρα
391 3960 489 4041 ἔχουσα
500 3962 581 4041 γυνὴ,
603 3960 653 4020 κᾶν
666 3963 754 4041 οἰκέτῃ
768 4009 776 4036 ,
792 3974 811 4020 t:
827 3983 888 4021 reus
902 3958 1062 4020 censebitur.
1079 3957 1227 4037 Fugiamus
1242 3957 1326 4037 igitur
1339 3971 1366 4017 et
1376 3958 1449 4020 bunc
1461 3960 1544 4022 adui-

145 4046 194 4129 ίμιρ
206 4048 260 4108 τινί
273 4059 386 4127 γυναῖκα
400 4052 438 4131 μὴ
459 4051 546 4133 ἔχοντα
567 4052 665 4125 ἑαυτὴν
685 4056 774 4134 ἐκδῷ,
826 4053 886 4113 terii
899 4048 1101 4124 modquuid
1114 4048 1187 4108 enim
1198 4049 1346 4129 poterimus
1359 4050 1460 4126 dicere,
1471 4054 1539 4133 quid

145 4138 250 4220 αιχιίας
263 4140 401 4201 ἁλίσκεται
414 4143 518 4221 νόμοις·
533 4143 601 4204 ούτω
613 4144 659 4203 καί
669 4149 683 4203 ὁ
693 4142 775 4223 ἀνὴρ,
826 4146 890 4205 item
898 4157 1054 4226 praetexere,
1060 4140 1109 4218 qui
1125 4139 1189 4199 talia
1201 4138 1352 4199 audemus?
1362 4164 1443 4221 quam
1454 4143 1542 4205 bone-

146 4228 268 4307 ύνδημον
289 4231 398 4313 πόρνην,
413 4232 462 4292 κᾶν
486 4237 523 4301 εἰς
549 4234 641 4315 ἑτέραν
662 4244 776 4314 γυναῖκα
826 4254 893 4298 stam
910 4233 1109 4296 excusationem
1123 4232 1334 4292 adhibebimus?
1349 4234 1458 4294 Natura
1474 4257 1540 4297 oon·

153 4320 269 4405 ίχουσσν
282 4324 539 4407 ἇμύρτοι,γυναῖκα
559 4328 639 4406 ἔχων,
654 4327 776 4408 μοιχείας
826 4327 1035 4412 cupisecntiam?
1057 4324 1111 4385 Sed
1135 4323 1210 4383 adest
1230 4324 1340 4403 quidem
1368 4347 1450 4404 uxor,
1479 4350 1541 4407 quae

146 4438 160 4481 ς
176 4414 342 4492 νενόμισται.
363 4417 510 4497 Φεύγοιμεν
524 4418 611 4479 τοίνυν
626 4419 670 4477 καί
685 4426 775 4479 τοῦτον
827 4422 904 4483 nobis
916 4420 1023 4499 obtigit,
1034 4417 1086 4476 bac
1101 4437 1150 4475 nos
1169 4415 1343 4475 excusatione
1354 4417 1475 4497 privans.
1488 4418 1542 4478 Id-

146 4530 163 4565 ν
184 4508 234 4577 τἰζς
256 4507 388 4589 μοιχείας.
400 4510 436 4569 Τί
455 4510 507 4592 γὰρ
530 4509 623 4590 ἕξομεν
645 4513 738 4584 εἰπεῖν,
750 4511 777 4570 τί
826 4515 897 4575 circo
912 4510 1013 4591 nuptiae
1033 4508 1275 4580 insectarentur
1290 4528 1323 4566 ne
1338 4508 1474 4583 scorteris3
1486 4509 1541 4570 imo

146 4596 231 4658 ιίοίίαι
255 4606 368 4659 τοιαῦτα
382 4604 546 4681 τολμῶντες,
568 4602 646 4663 ποίαν
660 4602 775 4683 εὐπρόσ-
826 4627 879 4666 non
903 4600 1053 4671 morsele,
1072 4596 1119 4657 scd
1134 4611 1160 4656 et
1175 4595 1255 4657 multi
1273 4597 1331 4672 alii,
1347 4599 1395 4678 qui
1409 4600 1540 4678 eamdem,

146 4686 255 4767 ιξόμιίία
277 4690 423 4773 πρόμοισιν,
441 4694 500 4767 Τλν
515 4698 563 4765 τῆς
587 4692 689 4775 φύσεως
712 4698 773 4754 ἐπι·
824 4690 1540 4778 quamnos,babentuaturanr‚bacnosprivantvcuia.

146 4780 197 4839 .λλ’
220 4782 364 4862 ίρίστηκεν
385 4789 403 4855 ἡ
424 4786 592 4864 κληρωίεῖσα
616 4784 701 4865 γυνὴ,
726 4790 774 4857 τῆς
827 4787 944 4865 Quando
957 4784 1029 4844 enim
1044 4802 1189 4842 conservus
1200 4794 1272 4855 tuus,
1284 4780 1357 4841 idem
1371 4783 1540 4845 babenscor-

168 4876 243 4952 ἡμᾶς
272 4875 372 4948 ταύτης
397 4880 587 4959 ἀποστεροῦοα.
614 4879 667 4937 tut
696 4873 1072 4965 cousumpusmamdemquc
1084 4868 1336 4949 concupiscentiam,
1346 4869 1438 4929 eadem
1454 4891 1541 4933 neces-
1596 4948 1601 4957 Ι

146 4964 297 5039 ινήνεκται,
318 4966 363 5026 ίνα
384 4967 422 5047 μὴ
436 4969 599 5051 πορνεύσῃς·
622 4972 722 5048 μᾶλλον
745 4971 772 5030 δὲ
791 4983 810 5027 t
826 4971 904 5031 sitate
919 4964 1082 5035 stimulatus,
1093 4960 1195 5020 nuliam
1209 4960 1291 5020 aliam
1305 4960 1380 5022 videt
1389 4962 1540 5040 mulierem,
1585 4962 1594 4973 ’

146 5055 157 5129 b
172 5056 265 5135 μόνον,
285 5060 356 5120 ἄλλα
371 5060 416 5120 καὶ
434 5060 518 5143 ίτεροι
530 5063 623 5123 πολλοὶ
639 5068 684 5135 τῆς
694 5068 774 5137 αὐτῆς
827 5062 875 5125 sed
884 5071 972 5119 manet
984 5077 1031 5115 sua
1046 5053 1102 5113 sola
1113 5066 1261 5119 contentus.
1268 5052 1374 5131 qualem
1385 5067 1414 5111 tu
1428 5053 1541 5118 babebis

147 5148 266 5230 ῑῦχόντις
288 5150 392 5231 φύσεος
405 5152 503 5227 ταύτης
513 5160 585 5234 ἡμᾶς
600 5159 775 5237 ἀποστεροῦσι
827 5148 1037 5218 exornationem,
1054 5143 1296 5225 concupiscentiam
1314 5146 1484 5223 praetexens?
1505 5148 1542 5209 Et

147 5238 232 5319 ιίιμης.
242 5238 332 5302 Ὅταν
345 5250 397 5326 γὰρ
416 5249 431 5306 ό
444 5244 582 5315 σύνδουλός
597 5270 652 5322 σου,
667 5246 698 5306 τό
713 5248 776 5309 αὐτὸ
829 5242 895 5327 quid
909 5239 971 5301 dico
977 5238 1106 5299 babentes
1112 5233 1228 5295 uxores?
1239 5232 1334 5316 Cogita
1349 5234 1417 5375 mpipi
1431 5258 1484 5318 tos,
1493 5242 1541 5321 qui

194 5340 273 5381 rou.
299 5342 351 5382 ιιι.
1161 5352 1169 5365 ·
