3764 5992
122 395 191 469 208
437 424 467 470 S.
494 422 634 470 thNh'lS
659 421 837 468 cunt'sesr.
867 420 1023 469 theulut).
1052 421 1321 470 consraartn'ott.

119 548 192 627 qnod
208 551 305 610 habuit
328 551 485 631 conjecerat.
510 548 556 610 Sic
571 562 595 607 et
608 548 659 606 ista
671 546 715 605 his
733 547 834 605 bonum
890 547 938 619 rho
960 546 1006 606 δύο
1022 547 1107 607 herred
1127 548 1331 607 καταόαλοῦσαν
1350 548 1456 608 πάντων
1477 552 1548 610 πλέον

119 640 198 700 illum
221 641 313 702 virum
327 641 433 722 excepit
453 640 549 717 xeniis,
566 660 626 718 quar
646 638 702 697 sola
716 651 773 698 tum
799 637 833 695 ad
889 637 1047 710 όεόληκέναι
1061 639 1128 719 ἔφη,
1142 638 1234 711 ἐπειδὴ
1247 639 1352 712 πάντα,
1367 640 1436 722 ἅπερ
1450 632 1518 722 εἶχε,
1530 667 1551 703 τι

119 756 230 794 manum
243 734 364 794 aderant.
374 736 430 794 Nec
442 747 541 793 temere
551 731 676 791 additum
694 744 745 807 est,
762 729 835 808 qnod
852 741 870 786 n
888 730 1007 791 τέόαλεν.
1027 731 1108 790 Οθτω
1119 733 1165 791 καί
1179 731 1246 803 αύιη
1263 731 1365 800 τούτοις
1374 733 1419 792 τὸν
1430 742 1540 813 γενναῖον

118 827 246 886 festinans
257 826 389 905 cucurrit,
407 840 433 885 et
459 824 569 895 similia,
586 823 632 882 sed
646 837 676 882 ut
700 822 834 903 intelligas
888 821 1007 894 ἐξένισεν,
1026 814 1062 882 ὧν
1083 821 1156 884 οὐδὲν
1169 814 1225 904 είχε
1238 822 1319 884 πλέον
1337 828 1411 906 αὐτῷ
1425 836 1551 908 παρασχεῑ

119 940 178 978 eam
192 919 316 979 alacriter
329 918 422 979 secisse
430 917 531 989 omnia,
547 937 600 976 non
610 937 680 995 aegre
692 936 724 974 ac
737 936 834 994 grara-
887 915 978 984 ἁπλῶς
992 916 1019 975 δὲ
1032 916 1188 996 πρόσκειται
1200 916 1244 989 τδ,
1256 915 1409 991 Ἔσπευσε,
1423 917 1469 976 καί
1480 917 1551 999 ίδραρ

118 1010 180 1088 tim,
201 1033 249 1071 nec
263 1012 377 1070 invitam
392 1025 418 1069 et
445 1024 541 1069 coacte
564 1008 692 1068 similem.
709 1007 745 1066 Et
760 1028 792 1066 ne
806 1006 834 1066 itl
887 1007 937 1066 όσα
950 1013 1073 1080 τοιαῦτα,
1090 1009 1150 1067 ἀλλ’
1165 1006 1208 1066 ίνα
1226 1008 1314 1088 μύθης
1326 1009 1376 1080 τὴν
1387 1008 1541 1089 προθυμίαν,

117 1125 234 1183 parvum
244 1117 329 1184 putes,
342 1124 413 1184 saepe
420 1101 537 1181 aliquem
544 1114 746 1182 praetereuntem
757 1120 835 1179 roga·
887 1099 970 1159 ἐποίει
982 1100 1013 1159 τδ
1027 1110 1156 1179 πρᾶγμα,
1171 1101 1218 1160 οὐκ
1234 1101 1352 1174 ἄκουσα,
1370 1100 1429 1162 cett
1443 1106 1551 1181 ἀναγιαζ

118 1195 219 1272 rimus,
237 1209 268 1254 nt
278 1194 416 1275 paulisper
427 1192 543 1273 gradum
551 1191 834 1269 sisteret,summissa-
886 1189 944 1251 οὐδὲ
968 1190 1191 1274 δυσχεραίνουσα,
1206 1191 1265 1252 οῦδὲ
1286 1195 1480 1272 ἀγανακτοῦσα.
1503 1193 1551 1253 Καὶ

117 1308 170 1364 quc
183 1308 231 1345 sna
242 1285 427 1345 hcenostram
438 1283 602 1357 accenderet,
615 1282 834 1362 autabajulantc
887 1284 981 1362 μωιρδν
1000 1283 1077 1343 τοῦτό
1099 1286 1170 1355 ἐστι,
1193 1283 1321 1350 πολλάκις
1340 1282 1472 1366 παριόντα
1491 1284 1546 1344 τινά

116 1400 214 1458 aquam
223 1376 350 1458 petiimus
360 1389 390 1435 ut
398 1375 537 1435 modicum
546 1374 609 1433 inde
625 1374 718 1432 hibere
727 1373 831 1434 liceret:
887 1375 980 1455 μικρὸν
1002 1375 1139 1454 ᾐτήσαρεν
1163 1375 1229 1454 δᾷδα
1254 1375 1423 1455 κατέχοντα,
1445 1375 1487 1435 ίνα
1502 1376 1551 1456 ἀίει

116 1491 165 1530 nec
177 1469 207 1528 id
222 1470 308 1528 faeere
329 1467 467 1540 sustinuit,
484 1467 532 1527 sed
543 1466 604 1525 tulit
627 1465 746 1546 graviter
758 1489 765 1521 ε
776 1465 833 1525 haee
886 1466 955 1548 θδωρ
970 1466 1149 1546 βαστάζοντα,
1163 1465 1233 1526 ὥστε
1246 1470 1379 1541 ἀποπνεῖν,
1393 1467 1440 1527 καί
1460 1468 1507 1527 οῦκ
1519 1471 1551 1538 ἠν

116 1576 205 1622 antem
218 1583 272 1622 non
286 1560 368 1621 modo
381 1559 516 1619 summisit
534 1559 559 1618 ei
574 1557 713 1640 hydriam,
727 1556 833 1617 sedea-
886 1562 945 1620 ἀλλ’
974 1558 1158 1641 έδυσγέρανεν·
1188 1558 1274 1632 ἐκείνη
1306 1557 1334 1619 δδ
1358 1562 1387 1619 ού
1417 1559 1495 1637 μόνον
1516 1564 1551 1620 ἀπ

116 1650 621 1731 melisctiamomnibnsaquamhausit
635 1649 833 1723 affatim,labo·
886 1656 958 1735 αύτῷ
987 1651 1036 1725 τὴν
1062 1652 1165 1734 ύδρίαν,
1198 1651 1267 1711 ἀλλά
1290 1652 1337 1712 καί
1363 1661 1421 1720 ταῖς
1447 1652 1550 1730 καμήλο

116 1746 139 1805 ri
154 1767 206 1805 non
213 1767 336 1827 parcens,
346 1759 372 1804 et
391 1765 440 1804 suo
461 1764 572 1825 corpore
595 1740 773 1824 hospitalitati
788 1763 944 1824 comem
967 1743 1125 1826 ὑδρεύσατο,
1151 1744 1229 1805 πόνον
1254 1750 1377 1804 τοσοῦτον
1402 1744 1551 1824 ἀνασγομέν

116 1837 194 1897 miter
210 1837 380 1897 subserviens
392 1860 399 1894 ι
410 1835 653 1896 nonenimfactum
666 1833 718 1894 hoc
729 1833 829 1904 solum,
848 1838 868 1883 Α
885 1838 933 1910 τὴν
958 1839 1012 1898 ἀπὸ
1033 1843 1079 1897 τοῦ
1103 1835 1226 1914 σώματος
1243 1836 1408 1917 λειτουργίαν
1434 1839 1470 1905 είς
1489 1835 1551 1908 elsi

115 1929 299 1989 verumetiam
311 1930 438 1989 alacritas
450 1927 577 2009 adjiructa
590 1925 721 1986 virtutem
734 1925 832 2007 puella
885 1930 941 1991 νέαν
960 1933 1141 2010 είσενεγκοῦσα
1160 1928 1229 2008 μετὰ
1247 1931 1348 2001 πολλῆς
1364 1929 1533 2010 προσηνείας·

116 2021 228 2097 indicat,
242 2043 303 2101 quae
312 2021 449 2081 hominem
462 2021 688 2101 ignotumettnm
709 2017 830 2100 primum
884 2023 915 2083 εδ
927 2028 1038 2095 ποιῆσαι
1052 2022 1141 2100 μόνον,
1155 2021 1225 2082 ἀλλά
1239 2020 1286 2079 καί
1306 2022 1337 2081 τδ
1352 2019 1505 2102 προθύμως,
1525 2023 1550 2080 δε

116 2114 205 2175 visum
229 2127 306 2174 rorat
330 2112 481 2174 dominum.
502 2111 540 2172 Et
564 2111 634 2172 sicut
659 2108 832 2171 Abrahamns
885 2116 966 2186 αὐτῆς
981 2114 1029 2186 τὴν
1052 2115 1165 2195 ἀρετήν·
1187 2112 1274 2194 κύριον
1292 2114 1369 2172 καλεῖ
1394 2113 1551 2195 ἀνθρωπονι

115 2205 200 2287 ipsius
212 2226 286 2266 socer
294 2217 481 2287 praetereuntes
491 2224 545 2263 non
557 2203 711 2284 interrogat,
720 2202 832 2282 quinam
884 2207 929 2265 καί
945 2206 1004 2266 τότε
1026 2207 1140 2287 φανέντα
1159 2210 1273 2286 πρῶτον.
1297 2204 1351 2265 Καί
1364 2205 1486 2284 καθάπερ
1499 2209 1513 2264 δ
1525 2228 1551 2264 εν

115 2297 169 2355 sint
180 2310 206 2356 et
223 2297 335 2377 cujates,
354 2318 442 2379 qupre
466 2296 555 2355 iteret
576 2293 648 2354 unde
661 2293 770 2369 daciam,
783 2294 832 2354 scd
884 2302 964 2370 αὐτῆς
986 2299 1107 2379 Ἀόραδμ
1124 2299 1170 2357 ούνι
1188 2295 1281 2379 ἠρώτα
1297 2295 1356 2365 roh<
1369 2296 1551 2378 παριόντας,ν

115 2388 278 2470 simpliciter
291 2388 468 2470 hospitalitati
482 2387 529 2448 dat
540 2408 648 2469 operam
664 2411 671 2443 ι
687 2387 723 2446 ita
737 2386 831 2446 ethaec
883 2396 961 2466 ἕστε,
987 2391 1033 2451 καὶ
1062 2390 1155 2464 πόθεν,
1181 2389 1227 2448 καί
1250 2396 1302 2450 ποῦ
1323 2388 1482 2467 πορεύεσθε,
1506 2386 1549 2447 καί

111 2502 167 2541 non
191 2480 353 2559 sciscitatur,
362 2481 424 2560 quis
437 2502 466 2540 es
481 2495 507 2540 et
523 2478 613 2539 unde?
634 2478 735 2559 quade
750 2500 830 2538 causa
882 2483 981 2556 ἥκετε,
1003 2481 1064 2541 ἀλλ’
1084 2483 1175 2550 ἁπλῶς
1188 2480 1236 2553 τὴν
1251 2479 1398 2562 φιλοξενίαν
1412 2483 1551 2561 ἐκαρποῦτο

112 2574 272 2635 ,νενιὶεἱέοεί
295 2572 487 2656 hospitalitatis
502 2594 566 2654 opes
592 2592 765 2653 congregans,
777 2591 829 2630 non
882 2574 927 2634 καί
942 2573 1009 2647 αύτη
1021 2577 1068 2634 ούοι
1079 2565 1155 2647 εἷπε,
1169 2572 1208 2640 τίς
1220 2563 1260 2646 εί,
1274 2571 1319 2631 καί
1331 2572 1421 2640 πόθεν,
1432 2572 1551 2635 καὶτίνας

112 2680 153 2727 cst
182 2667 289 2727 curiosa
316 2680 482 2729 ceterorum.
506 2666 614 2726 Etenim
640 2664 782 2745 gemmarii
805 2679 831 2725 et
882 2666 1077 2748 παραγέγονας,
1098 2665 1166 2725 ἀλλὰ
1185 2663 1385 2744 καρπωσαμένη
1406 2662 1456 2736 τὴν
1471 2666 1551 2744 εὐπυρ

113 2756 291 2819 nummularii
305 2757 357 2816 hoc
380 2778 465 2817 unum
488 2772 591 2829 curant,
620 2770 650 2815 ut
665 2757 772 2816 lucrum
785 2778 831 2815 ca·
882 2758 1045 2842 φιλοξενίας,
1068 2756 1102 2816 τδ
1123 2755 1235 2839 περιττὰ
1257 2756 1344 2815 πάντα
1368 2757 1464 2835 ἀφῆκε.
1491 2754 1541 2815 {tat

104 2849 232 2930 ,piantes
245 2848 279 2907 iis
289 2870 350 2908 eum
361 2847 461 2927 quihus
474 2848 654 2927 negotiantur,
665 2868 763 2928 parum
778 2849 831 2906 sol-
884 2847 1050 2932 μαργαρίτας
1067 2848 1227 2927 ὠνούμενοι,
1243 2846 1289 2907 καί
1302 2846 1411 2928 χρυσίον
1425 2845 1551 2924 λαμόοένα

114 2939 181 3001 liciti
193 2939 286 3020 quales
300 2938 408 2998 tandem
420 2939 462 2998 illi
484 2938 538 2998 sint
550 2962 556 2995 ε
569 2937 609 2997 εἰσ
630 2938 688 2997 haec
703 2938 792 2999 solum
802 2938 830 2998 id
882 2949 960 3002 τοῦτο
972 2945 1080 3014 ζητοῦσι
1093 2940 1182 3018 μόνον,
1195 2938 1267 3005 ὅπως
1282 2937 1447 3019 κερδαίνοιεν
1456 2936 1551 2998 entre

114 3030 222 3109 qimrit,
248 3044 278 3089 ut
292 3030 485 3111 hospitalitatis
500 3030 621 3090 fructum
635 3030 733 3111 capiat,
748 3044 832 3109 utque
847 3050 864 3096 u
882 3058 935 3092 των
949 3032 984 3092 rh
997 3033 1144 3114 χρήματα,
1167 3032 1218 3111 οὐχ
1230 3030 1303 3097 ὅπως
1316 3028 1409 3097 αύτούς
1422 3027 1551 3112 περιεργύ

113 3120 229 3183 solidam
242 3122 301 3203 ejus
317 3121 466 3182 mercedem
485 3122 624 3204 percipiat.
649 3123 831 3183 Benescichat
882 3125 928 3185 καὶ
946 3123 1012 3197 αύτη
1027 3130 1103 3185 τοῦτο
1117 3123 1196 3202 μόνον
1216 3125 1310 3196 ζητεῖ,
1331 3121 1404 3190 ὅπως
1418 3120 1551 3193 δέξηταιι

114 3213 247 3296 hospitem
267 3214 384 3273 maxime
411 3214 595 3274 s'erccundnm
625 3235 691 3288 esse,
717 3214 832 3294 ideoque
882 3216 1027 3299 φιλοξενίας
1049 3215 1161 3296 καρπδν,
1181 3214 1253 3284 θπως
1272 3214 1350 3274 λα’όοι
1367 3214 1413 3274 τδν
1428 3212 1551 3290 μισθδνά

113 3305 273 3387 anagnamei
287 3305 442 3365 comitatem
455 3305 640 3365 exhihendam
653 3327 711 3366 esse
730 3319 756 3365 ct
771 3327 830 3366 mo·
883 3311 989 3388 σμένον.
1013 3308 1092 3394 ᾚδει
1115 3314 1194 3368 τοῦτο
1215 3311 1323 3389 σαφῶς,
1345 3305 1386 3366 ότι
1408 3311 1424 3367 ὁ
1446 3305 1515 3375 ξένος
1535 3328 1551 3383 μ

113 3396 227 3457 destiam
244 3419 297 3457 non
317 3398 472 3456 curiosam:
488 3396 558 3476 quod
576 3398 600 3458 si
617 3398 653 3458 de
675 3398 757 3459 rebus
774 3400 832 3481 ejus
883 3402 989 3463 πόντων
1011 3399 1176 3482 αἰσχύνεται·
1201 3397 1245 3458 διδ
1270 3402 1348 3458 τοῦτο
1372 3399 1459 3457 δεῖται
1483 3398 1551 3457 uelli

113 3504 301 3572 percontemur
312 3489 466 3559 immodice,
481 3489 652 3570 tergiversari
665 3505 832 3571 eumetgra-
883 3492 1090 3575 φιλοφροσύνης,
1104 3490 1151 3552 καί
1172 3489 1380 3571 ἀπεριεργοίστου
1401 3493 1451 3560 τῆς
1473 3510 1551 3569 supp

115 3583 200 3643 vatim
224 3580 359 3643 accolere.
385 3582 557 3663 Quapropter
570 3602 656 3662 neque
674 3582 733 3642 haec
754 3582 832 3642 scita
884 3586 915 3645 ἀν
928 3584 1012 3646 τοίνυν
1027 3584 1166 3663 μελλωμεν
1187 3582 1263 3643 αύτδν
1280 3580 1500 3662 προεργάζεσθαι
1511 3576 1551 3639 καί

115 3676 183 3753 gerit
194 3696 259 3755 erga
272 3674 362 3750 illum,
370 3677 520 3757 nequeejus
532 3696 607 3735 socer
618 3674 757 3735 Abraham
768 3695 833 3755 erga
883 3686 1055 3759 πραγμονεῑν,
1069 3680 1142 3737 ὀκνεῖ
1155 3673 1202 3735 καλ
1212 3672 1371 3749 ἀναδύεται,
1385 3672 1432 3733 καλ
1444 3672 1551 3747 ἀηδῶςν

115 3765 242 3845 hospites,
261 3787 295 3824 nc
320 3767 360 3825 sic
380 3767 549 3827 renationem
568 3788 646 3827 suam
667 3766 831 3827 absterreat:
884 3793 972 3851 χιται.
993 3767 1046 3828 Διά
1059 3773 1136 3828 τοῦτο
1152 3765 1212 3827 ούδδ
1226 3764 1292 3839 αῦτη
1304 3771 1382 3825 τοῦτο
1395 3763 1551 3837 ἔποίησενίν

116 3856 165 3915 sed
178 3857 279 3915 curatis
292 3857 511 3937 praetereuntium
524 3858 683 3939 corporibus
705 3872 731 3919 et
753 3857 833 3919 obse-
884 3887 939 3938 του,
952 3861 1011 3921 atet
1025 3859 1135 3922 ἐπὶτῶν
1149 3857 1253 3929 ξίνοινδ
1265 3857 1395 3932 κηδεστὴς
1410 3854 1547 3931 δταύτης,

117 3963 218 4029 quutns
230 3969 280 4007 suo
291 3949 391 4026 animo,
401 3949 441 4009 sie
454 3970 499 4009 eos
513 3950 636 4011 dimittit.
883 3955 932 4029 rhu
947 3953 1029 4037 θήραν
1050 3951 1220 4039 ἀποσοόιίση·
1240 3951 1298 4011 ἀλλ’
1311 3947 1454 4030 torpere»
1467 3946 1527 4019 *ὣς
1540 3970 1551 4025 1,

885 4072 932 4116 τας
945 4046 1032 4127 μόνον,
1048 4045 1095 4107 καί
1104 4043 1286 4126 καρπούμενος
1298 4042 1331 4101 δι’
1345 4045 1432 4103 αὐτῶν
1442 4036 1551 4122 tuopte

850 4141 967 4208 ὒούτιος
980 4136 1072 4208 αύτούς
1085 4136 1226 4216 ἐξέπεμπε.

2 4261 15 4286 λ
72 4278 77 4288 .
159 4228 189 4290 8.
204 4229 347 4310 lloepaeto
361 4227 442 4288 etiam
461 4226 571 4307 angelos
588 4226 736 4307 aliquando
755 4251 834 4292 exce·
925 4231 978 4293 Διά
991 4239 1067 4292 τοῦτο
1085 4228 1131 4289 καί
1144 4226 1271 4309 ἀγγέλους
1290 4224 1356 4285 nott
1369 4222 1551 4294 ῦπτδίξατο·ί

120 4322 169 4403 pit,
184 4321 255 4381 circa
278 4342 344 4400 quos
360 4320 384 4380 si
407 4320 500 4380 luisset
512 4319 656 4393 curiosior,
670 4341 723 4381 non
735 4343 835 4403 parum
884 4325 1096 4408 περιειργόζετο,
1119 4318 1259 4394 ἠλαττώθη
1279 4316 1311 4377 διν
1321 4319 1396 4398 αύτῷ
1408 4321 1424 4378 ὁ
1438 4314 1551 4397 huelpi

119 4414 274 4475 decessisset
298 4412 415 4472 mercedi
447 4414 505 4494 ejus
528 4411 637 4475 debitae.
660 4411 835 4476 Admiramnr
886 4416 955 4484 αθός.
981 4414 1035 4475 liet
1054 4413 1107 4494 γδιρ
1119 4411 1286 4489 θαυμάζομεν
1301 4408 1398 4481 αύτδν,
1416 4406 1551 4489 odadun&

119 4510 192 4569 enim
205 4529 267 4567 eum
280 4528 333 4567 non
342 4504 413 4585 qnod
422 4506 556 4587 exceperit
567 4506 687 4586 angelos,
702 4505 750 4566 sed
759 4508 835 4588 quod
886 4508 1048 4580 ὑπεδέξατο,
1062 4508 1120 4566 ἀλλ’
1143 4502 1184 4563 δτι
1199 4504 1300 4581 ἀγνοῶν
1317 4498 1472 4569 ὑπεδέξατο.
1493 4501 1528 4561 El
1542 4525 1551 4579 p

120 4602 238 4662 nesdens
249 4621 306 4659 csse
317 4598 435 4679 angelos,
450 4599 595 4681 exceperit.
621 4600 677 4658 Nec
695 4598 768 4661 enirn
783 4602 834 4661 mi·
886 4599 961 4669 εἰδὼς
975 4597 1156 4679 ἐθεράπευσα,
1169 4592 1243 4656 ούδὶν
1256 4592 1406 4671 θαυμαστὸν
1420 4590 1551 4667 ἐποίει,τὶ

120 4692 235 4753 randum
249 4692 272 4751 si
288 4690 407 4773 prudens
421 4712 452 4751 ao
470 4691 556 4751 sciens
567 4703 705 4751 tractasset
726 4712 772 4752 eos
789 4715 833 4753 co·
885 4699 939 4757 τῶν
957 4688 1154 4772 θποδεχθίντοον
1167 4689 1213 4750 καί
1225 4686 1271 4747 τδν
1283 4685 1384 4767 σφόδρα
1393 4684 1494 4747 λίθιναι
1506 4685 1551 4747 καὶ

120 4785 209 4859 miter,
233 4805 349 4863 quorum
371 4781 490 4862 dignitas
516 4782 690 4861 quantumvis
717 4783 834 4845 immane
885 4781 1136 4866 καταναγκαζούσης
1148 4779 1331 4861 φιλάνθρωπον
1346 4777 1470 4857 γενέσθαι
1485 4779 1551 4839 καίί

121 4891 252 4958 pectusac
265 4896 375 4935 saxeum
387 4873 834 4956 adhumanitatemhenignitatem-
886 4878 917 4939 τδ
938 4876 966 4939 δὲ
987 4872 1136 4954 θαυμαστόν
1156 4877 1235 4931 τοῦτο
1250 4861 1293 4944 ἦν,
1314 4868 1356 4929 ότι
1370 4868 1545 4935 δδίταςτινδς

120 4990 172 5046 que
185 4982 273 5049 posset
289 4988 401 5046 cogere:
416 4965 463 5025 sed
482 4966 534 5025 hoc
549 4966 835 5029 mereturadmiratio-
886 4961 954 5032 clear
975 4968 1098 5048 νομίζων,
1113 4962 1243 5035 τοσαύτην
1264 4963 1306 5022 ἀπ’
1325 4962 1414 5029 elmi<
1436 4958 1551 5029 ίπῑδίίῖθ

121 5080 181 5118 nem
195 5057 268 5137 quod
281 5058 398 5119 viatores
408 5057 534 5138 vulgares
546 5070 631 5133 ratus,
657 5072 762 5120 tantum
777 5061 834 5121 ho·
886 5062 1035 5144 θεραπείαν.
1058 5056 1184 5127 Τοσαύτη
1203 5054 1249 5114 καί
1265 5051 1331 5124 αύτη
1351 5042 1400 5125 ἦν·
1422 5052 1473 5114 ούκ
1484 5042 1551 5111 οἶδεν

121 5149 194 5211 noris
207 5148 245 5208 eis
259 5148 444 5210 hahuit.Talis
459 5163 516 5209 erat
527 5148 585 5209 hrec
593 5170 700 5229 quoque
712 5173 719 5206 :
732 5151 833 5213 neseio·
850 5155 870 5203 D
885 5154 943 5216 ούδδ
956 5153 1000 5213 ἐπὶ
1012 5150 1040 5211 τί
1052 5143 1227 5229 παρεγίνετο,
1239 5143 1297 5205 ὠδύ
1309 5142 1351 5205 ⁸²²
1364 5142 1448 5217 ²¹¹¹th
1463 5166 1551 5221 Ιὶνθθτ

121 5242 167 5301 hat
178 5239 696 5322 lrominemquisnamestct,auteurnam
708 5243 833 5322 venisset,
886 5272 927 5315 νος
943 5237 1030 5318 ἦλθεν,
1041 5240 1111 5302 ἀλλά
1121 5239 1191 5308 ξένον
1204 5236 1264 5296 τινὰ
1274 5235 1319 5296 καί
1329 5233 1467 5314 ὁδοιπόροι
1482 5232 1551 5313 ένόρι
