3764 5992
118 473 182 548 170
429 469 457 514 S·
486 462 625 514 tuluwis
651 456 832 507 cuuusosu.
861 456 1017 505 tuentur.
1045 455 1314 505 cousulurtuor.

112 595 193 656 nibus
218 593 331 653 domum
359 588 521 666 revertitur,
550 599 694 667 postquam
724 579 829 639 labores
885 603 932 654 νην
944 585 1051 660 ἀκονᾷν,
1075 580 1121 640 καί
1139 580 1203 661 πρὸς
1216 580 1260 640 τὸν
1275 580 1378 657 ἄμητον
1393 577 1654 659 παρασκευάζεσθαι,

112 687 222 768 quidem
236 683 372 757 sustinuit,
394 682 441 741 sed
453 680 564 762 speratis
578 676 702 754 frugibus
715 671 825 732 excidit.
884 671 1008 753 ἐρυσίάης
1027 672 1246 751 κατενεχθείσης,
1274 670 1431 745 ἢπλήθους
1472 671 1606 750 ἀκρίδων,
1639 671 1654 740 ί,

113 775 176 837 Pari
189 774 292 834 ratione
302 771 464 852 guberuator
476 767 543 826 dum
553 765 684 823 mercium
696 759 772 840 copil
784 758 829 816 lae-
885 762 953 843 πέρα
966 769 1010 822 τοι]
1024 762 1119 848 μέτρω
1130 766 1177 834 τῆς
1190 762 1336 845 ἐπομερίας
1349 761 1511 841 γενομένης,
1527 760 1546 832 ἢ
1569 762 1656 840 ἑτέρης

111 881 194 940 tatur,
207 864 333 948 expansis
344 883 441 941 magua
456 881 518 919 curn
531 857 670 937 voluptate
686 851 754 914 velis
766 871 829 910 cunt
883 855 953 920 τινὸς
973 858 1077 931 πληγῆς
1094 854 1275 935 ἐπενεχθείσης
1293 858 1324 914 ἐκ
1343 858 1392 926 τῆς
1414 857 1469 914 τῶν
1484 853 1569 934 ἀέρων
1587 854 1654 910 ἀνω-

112 960 198 1020 multa
205 954 377 1018 mariafuerit
384 972 515 1024 emensus,
533 949 561 1007 iu
570 948 630 1028 ipse
638 963 757 1026 persepe
766 962 829 1022 p01··
847 960 866 1006 u
885 945 996 1025 μαλίας,
1011 949 1114 1019 ἀπῆλθε
1126 955 1213 1014 κεναῖς
1233 946 1322 1007 οίκαδε
1342 947 1437 1029 χερσί,
1456 948 1501 1006 τὸν
1517 944 1567 1023 μὲν
1581 945 1655 1002 πίνον

111 1063 155 1109 tus
173 1050 293 1129 ingressu
311 1046 356 1107 vel
368 1055 523 1104 occurrente
537 1061 604 1119 rupe
624 1036 669 1095 vel
680 1034 716 1094 ad
732 1055 829 1092 saxum
884 1037 988 1098 ἅπαντα
1014 1038 1169 1117 ὑπομείνας,
1182 1045 1228 1098 τοῦ
1243 1038 1269 1098 δὲ
1287 1045 1392 1121 καρποῦ
1413 1042 1462 1109 τῆς
1485 1037 1592 1103 ἐλπίδος
1617 1041 1654 1096 ἐκ·

111 1141 222 1201 inmari
239 1141 323 1199 latens
341 1135 437 1195 autad
454 1132 595 1213 scopulum
613 1127 732 1220 aliquem
752 1124 829 1184 allisa
883 1131 980 1191 πεσών,
992 1131 1045 1192 Καὶ
1056 1130 1242 1211 δχνὸερνήτης
1262 1131 1289 1192 δὲ
1302 1131 1400 1210 ὁμοίως
1418 1130 1524 1214 χαίρων
1535 1134 1574 1209 τῷ
1587 1129 1653 1200 πλή.

110 1232 183 1309 uuvi,
193 1253 226 1290 ac
237 1231 373 1311 inopinato
384 1224 517 1308 ejusmodi
528 1243 591 1282 casu
603 1219 751 1303 perculsus,
762 1236 828 1276 eun-
882 1227 922 1282 θεν
941 1227 994 1283 τῶν
1017 1223 1143 1305 ροριίων,
1158 1224 1204 1283 καλ
1228 1221 1294 1303 μετὰ
1317 1225 1417 1294 πολλῆς
1441 1228 1490 1294 τῆς
1511 1223 1609 1293 ἡδονῆς
1621 1221 1652 1279 τί

109 1323 161 1384 ctis
172 1323 308 1383 mercibus
318 1320 434 1396 omissis,
455 1330 514 1398 post
526 1313 632 1374 infinita
646 1312 693 1370 illa
707 1308 826 1389 pericula
882 1316 954 1375 ίστία
975 1317 1108 1390 πετάσας,
1122 1315 1168 1374 καί
1188 1316 1306 1396 περάσας
1328 1314 1396 1375 πολὺ
1416 1314 1549 1391 πέλαγος,
1565 1314 1593 1372 ἐν
1605 1315 1652 1372 αὖ·

109 1416 158 1476 vix
174 1416 251 1477 salvo
274 1434 385 1494 corpore
404 1410 494 1471 nudus
511 1406 615 1469 evadit.
639 1403 686 1464 Sic
705 1415 732 1462 et
747 1401 825 1481 miles
881 1411 920 1489 τῷ
945 1407 1073 1476 πολλάκις
1095 1413 1134 1490 τῷ
1153 1407 1266 1486 στόματι
1286 1411 1332 1467 τοῦ
1352 1405 1504 1485 λιμένος,ἣ
1531 1405 1653 1471 σπιλάδος

109 1522 251 1589 postquam
263 1505 411 1566 innumeris
425 1523 496 1584 saepo
510 1498 641 1582 pugnavit
660 1496 688 1555 in
701 1493 822 1576 preliis,
881 1499 1061 1577 ἐμπεσούσης,
1076 1500 1093 1570 ἢ
1107 1499 1199 1580 osup
1210 1499 1256 1558 καὶ
1270 1497 1392 1580 σκοπέλῳ
1403 1498 1454 1558 τινὶ
1466 1494 1652 1578 προσαράξας,

107 1599 277 1660 adversarios
290 1597 402 1679 repulit,
426 1595 570 1671 hostesque
582 1588 696 1662 devicit,
713 1586 780 1645 dum
796 1584 823 1644 in
881 1588 984 1670 ἢᾶλλῃ
1008 1591 1060 1651 τινί
1080 1590 1188 1669 τοιαύτῃ
1210 1589 1331 1671 ἀδοκήτῳ
1349 1588 1508 1669 περιστάσει
1530 1587 1652 1667 πληγείς,

107 1674 825 1769 ipsavictoriaeexspectatioucversatur,nullispenitus
880 1680 968 1742 πάντα
980 1684 1024 1743 τὸν
1047 1683 1141 1764 ράρτον
1172 1681 1312 1753 ἀπώλεσε,
1334 1683 1381 1741 καί
1406 1682 1482 1760 μόλις
1507 1682 1540 1741 τὸ
1562 1684 1652 1740 ἑαυτοῦ

107 1777 256 1839 commodis
266 1800 300 1837 ΘΧ
310 1775 449 1836 laboribus
462 1771 643 1855 periculisque
656 1767 825 1849 repolldllse
879 1778 959 1853 σῶμα
974 1777 1073 1855 γυμνὸν
1095 1775 1205 1836 διέσωσε
1224 1775 1291 1853 μετὰ
1310 1774 1370 1842 τοὺς
1392 1774 1502 1857 μυρίους
1523 1772 1654 1838 χινῶνοκ

107 1872 164 1932 vita
176 1871 301 1932 discedit.
317 1874 351 1930 lt
363 1867 495 1950 ejusmodi
510 1887 562 1926 uon
576 1878 639 1924 sunt
652 1883 693 1922 res
707 1874 824 1921 nostre:
880 1867 1003 1935 ἐκείνως.
1023 1867 1103 1928 Οὕτω
1117 1867 1162 1927 καὶ
1179 1872 1193 1927 ὁ
1213 1865 1377 1949 στρατιώτης
1400 1865 1504 1948 μυρίοις
1528 1865 1653 1929 πολλάκις

105 1985 167 2045 spes
181 1964 252 2023 enim
268 1976 390 2036 aeternas,
410 1960 546 2036 immotas,
563 1970 590 2016 et
604 1956 697 2015 sumas
711 1953 822 2022 habent,
880 1960 1097 2041 παραταξάμενος
1112 1959 1255 2038 πολέμοις,
1276 1959 1322 2019 καὶ
1341 1958 1577 2042 ἀποκρουσάμενος
1595 1956 1653 2023 robe

105 2077 221 2136 quaeque
233 2077 296 2115 cum
308 2055 360 2114 hac
371 2053 428 2114 vita
442 2051 553 2111 minime
566 2048 754 2122 terminantur,
777 2044 825 2104 sed
842 2064 862 2110 ι)
880 2052 1026 2126 ἐναντίως,
1055 2053 1101 2112 καὶ
1124 2057 1177 2112 τῶν
1199 2055 1299 2135 ἐχθρῶν
1320 2050 1539 2133 περιγενόμενος,
1560 2050 1606 2109 καὶ
1627 2051 1652 2107 έν

104 2148 325 2209 adimmortalcm
337 2148 497 2225 beatamque
507 2144 592 2205 vitem
603 2141 679 2200 illam
689 2161 721 2199 ac
732 2161 824 2221 perpe·
880 2147 946 2224 αὐτῇ
963 2143 1045 2224 ἀνιῇ
1067 2143 1213 2224 προσδοκία
1227 2149 1275 2216 τῆς
1293 2144 1387 2218 νίκης,
1404 2143 1454 2216 τὴν
1472 2141 1544 2215 ζωὴν
1559 2141 1651 2219 μεταλ·

106 2252 154 2298 tuo
167 2239 327 2299 duraturam
340 2249 470 2318 spectant,
488 2249 514 2295 et
527 2255 579 2294 non
595 2232 679 2292 modo
693 2231 776 2290 nullis
790 2253 825 2291 ex
879 2235 961 2304 λάίας
986 2239 1115 2310 ἀπῆλθεν,
1140 2237 1240 2304 οὐδενὸς
1264 2236 1331 2303 ὅλως
1354 2240 1385 2296 ἐκ
1404 2241 1459 2296 τῶν
1482 2234 1592 2315 peponi
1609 2232 1651 2292 καλ

104 2330 175 2390 aeris
188 2330 345 2411 intemperie
354 2329 399 2388 vel
410 2326 548 2408 inopinato
562 2345 654 2384 rerum
665 2336 762 2383 eventu
776 2344 826 2403 pu·
879 2331 932 2388 τῶν
948 2327 1072 2388 κινδύνων
1099 2328 1251 2394 ἀπολαύσας
1267 2333 1393 2408 χρηστοῦ.
1416 2326 1461 2386 Tu
1486 2327 1517 2386 bl
1538 2323 1650 2403 ἡμέτερα

105 2436 162 2483 leui
175 2423 340 2495 incursibus,
359 2421 405 2481 sed
423 2441 472 2479 nec
491 2418 597 2499 abipsa
615 2429 701 2475 morie
713 2427 826 2495 possunt
880 2421 909 2478 οὐ
920 2425 1038 2479 τοιαῦτα·
1058 2419 1105 2487 τάς
1116 2445 1145 2479 τε
1165 2419 1218 2501 γὰρ
1231 2420 1339 2486 ἐλπίδας
1353 2416 1474 2485 αἰωνίους
1491 2417 1551 2498 ἔχει
1562 2414 1649 2486 ἀκινή-
1687 2480 1694 2493 .

106 2515 199 2576 deleri.
221 2516 295 2591 Quin
310 2512 469 2574 etiamdum
483 2509 746 2591 solaspesovernur,
767 2507 826 2587 ejus
880 2533 938 2576 τους
959 2533 988 2568 τι
1013 2509 1058 2569 καί
1075 2510 1199 2590 βεάαίας,
1215 2509 1261 2569 καί
1281 2513 1311 2568 οὐ
1334 2513 1372 2589 τῷ
1388 2507 1548 2588 προσκαίρῳ
1571 2505 1648 2584 τούτῳ

107 2607 135 2667 in
147 2607 244 2687 quevis
255 2607 335 2666 etiam
345 2626 360 2665 e
371 2605 569 2685 vulgolructus
579 2601 675 2676 elucet,
688 2612 715 2658 el
725 2612 826 2677 quauta
880 2601 1127 2680 συγκαταλυομένας
1146 2600 1210 2682 βίῳ,
1224 2600 1293 2660 ἀλλά
1309 2600 1374 2679 πρὸς
1392 2599 1442 2672 τὴν
1457 2599 1592 2680 ἀκήρατον
1607 2597 1647 2655 καί

108 2699 150 2759 illi
173 2720 274 2759 merces
297 2698 435 2758 debentur.
462 2697 606 2775 Propterea
626 2693 720 2751 beatus
745 2689 826 2750 etiam
881 2693 1015 2775 μακαρίαν
1031 2692 1132 2766 ἐκείνην
1156 2693 1201 2751 καί
1224 2691 1421 2761 διαιωνίζουσαν
1444 2690 1530 2763 ζωὴν,
1553 2689 1597 2749 καί
1621 2691 1645 2748 oi

21 2847 26 2858 ,
38 2789 209 2861 5,3,Paulus
229 2790 363 2850 clamabat
382 2787 574 2846 diceus:Non
590 2785 685 2842 solum
707 2795 823 2854 autem,
880 2785 958 2863 μόνω
981 2785 1120 2864 ἀνωμαλίᾳ
1141 2785 1226 2864 ἀέρων
1255 2784 1301 2841 καί
1322 2781 1460 2854 ἀδοκήτων
1485 2782 1643 2864 πραγμάτων

106 2883 159 2941 sed
169 2893 196 2940 et
208 2880 373 2961 gloriamur
381 2882 414 2936 in
425 2876 673 2936 tribulationibus.
691 2875 826 2950 Neque·
880 2877 1033 2958 περιστάσει
1045 2879 1092 2935 οὐκ
1106 2875 1353 2952 ἐπιάουλευομίνας,
1369 2879 1427 2936 ἀλλ’
1443 2876 1505 2938 οὐδὲ
1524 2879 1594 2955 αὐτῷ
1612 2879 1644 2956 τῷ

67 3028 71 3040 ,
105 2993 146 3046 so,
167 2971 261 3031 leviter
279 2983 479 3050 praetereamus,
506 2989 565 3046 quae
587 2965 660 3024 dicta
681 2978 744 3024 sunt
757 2988 763 3022 :
778 2963 824 3023 sed
842 2975 861 3022 Ε
880 2969 984 3049 θανάτῳ
997 2967 1177 3046 διαλυομένας.
1192 2966 1257 3027 Ἀπδ
1268 2972 1322 3026 τῶν
1336 2967 1451 3027 ἐλπίδων
1465 2967 1496 3028 δὲ
1507 2971 1592 3028 αὐτῶν
1601 2967 1642 3026 ἴδοι

102 3062 224 3144 quando,
247 3061 334 3122 neseio
355 3081 496 3139 quocum,
513 3079 600 3118 sermo
620 3078 668 3116 nos
681 3078 776 3116 rursus
789 3056 826 3116 ad
880 3085 920 3128 τις
931 3060 961 3118 ἀν
976 3060 1022 3120 καί
1036 3063 1063 3119 ἐν
1079 3062 1167 3127 αὐτοῖς
1192 3069 1245 3127 τοῖς
1268 3065 1379 3140 τυχοῦσι
1399 3060 1543 3139 λάμποντα
1565 3062 1642 3118 αὐτῶν

79 3139 228 3239 ιμειιιοίοοί
246 3151 434 3233 gubernatoris
445 3150 523 3210 Pauli
537 3163 646 3230 portum
659 3148 777 3229 appulit,
795 3149 823 3208 in
879 3153 924 3213 τὸν
947 3152 1065 3234 καρπὸν,
1091 3152 1137 3212 καί
1158 3151 1260 3225 πολλὴν
1280 3152 1326 3212 καί
1351 3153 1470 3232 μεγάλην
1501 3143 1581 3212 οὖσαν
1600 3150 1641 3224 τὴν

104 3247 189 3326 hujus
200 3245 268 3304 dicti
281 3242 491 3305 consideratione
504 3241 618 3301 libenter
632 3241 823 3311 immoremur,
879 3244 1004 3323 ἀμοιάιίν.
1019 3244 1071 3304 Διά
1086 3248 1186 3304 τοδεοδ
1201 3245 1331 3328 μακάριος
1341 3247 1448 3310 Παῦλος
1461 3244 1540 3319 ἐάάα,
1552 3244 1642 3322 λέγω.

104 3336 197 3398 brevis
207 3335 318 3414 quidem
326 3332 549 3410 illius,sedaquo
557 3331 642 3391 multa
651 3331 823 3412 philosophia
879 3340 920 3397 Οὐ
936 3336 1014 3416 μόνον
1029 3337 1075 3410 u,
1101 3335 1170 3397 ἀλλά
1188 3337 1234 3397 καί
1246 3335 1409 3418 καυχώμεθα
1424 3340 1451 3396 tv
1463 3345 1524 3404 ταῖς
1535 3338 1640 3418 θλίψεσι.

104 3424 448 3501 erudimur.Quidtandem
454 3422 824 3502 estergoquoddieit,etquid
880 3432 1035 3511 Παρακαλῶ
1061 3429 1098 3509 μὴ
1111 3431 1329 3510 παραδράμνιμεν
1344 3430 1375 3490 τὸ
1394 3430 1533 3509 εἰρημένω
1545 3432 1642 3497 ἁπλῶς·

105 3521 150 3582 his
160 3520 237 3581 uobis
247 3516 456 3591 indieatvorbis,
468 3517 537 3575 Non
545 3515 640 3574 solum
651 3527 761 3587 autem,
772 3517 825 3574 sed
879 3525 938 3582 ἀλλ’
956 3522 1047 3593 amul
1057 3568 1065 3596 ‚
1077 3525 1124 3581 obs
1146 3515 1204 3582 οἶδα
1215 3527 1287 3593 πῶς,
1299 3521 1380 3582 πάλιν
1393 3529 1464 3601 ἡμᾶς
1482 3528 1498 3582 ὁ
1519 3523 1594 3603 λόγος
1613 3525 1643 3588 εις

106 3627 135 3674 el
144 3615 309 3695 gloriamur
320 3614 352 3668 ln
361 3609 618 3668 tribulationibus?
634 3607 718 3665 paulu
732 3607 822 3682 alliuS,
879 3615 924 3675 τὸν
940 3623 986 3675 τοῦ
998 3619 1079 3675 καλοῦ
1094 3615 1254 3695 χυὸιρνήτω
1267 3614 1374 3674 Παύλου
1387 3613 1485 3692 λιμένα
1497 3615 1642 3695 εἰσήγαγεν,

107 3706 130 3765 si
138 3705 236 3786 placet,
248 3702 377 3762 docuinae
388 3720 537 3759 sermonem
549 3697 700 3773 ordiamur,
715 3712 740 3756 et
752 3699 824 3758 mul·
880 3707 1083 3790 ξνςρνρήνωμεν
1094 3712 1127 3789 νῇ
1137 3705 1223 3782 λέξιν,
1239 3706 1353 3788 βραχείᾳ
1366 3704 1414 3784 μὶν
1428 3705 1495 3786 οὔσῃ
1502 3751 1511 3779 ‚
1524 3709 1610 3780 mm,
1622 3706 1643 3766 gt

107 3811 163 3856 tam
175 3794 237 3855 inde
246 3794 323 3854 nobis
332 3791 549 3874 perspicuitatem
561 3790 716 3851 videbimus
723 3812 755 3850 ao
766 3789 824 3852 vim
879 3803 951 3878 ἡμᾶς
970 3799 1130 3878 πανδευσάσῃ
1155 3799 1303 3880 φιλοσοφία.
1318 3797 1355 3857 Τί
1368 3802 1428 3858 ποτ’
1448 3789 1495 3858 οὖν
1511 3802 1583 3859 ἐστιν
1596 3774 1646 3880 ’ἀρα

107 3887 298 3948 sententiarum
315 3904 457 3964 emergere.
471 3882 525 3944 Sed
539 3883 672 3943 neminem
684 3905 782 3965 corpus
795 3885 824 3944 in
880 3893 911 3952 τὸ
935 3892 1089 3971 εἰρημένον,
1112 3891 1158 3951 καὶ
1180 3891 1207 3950 τί
1232 3896 1308 3950 τοῦτο
1328 3889 1409 3950 εἰπὼν
1438 3890 1549 3970 ᾐνίξω
1571 3900 1644 3972 ἡμῖν,

109 3981 251 4043 mollitiem
271 4000 303 4037 ac
318 3977 459 4059 pigritiam
478 3976 595 4036 resolvat
616 3999 623 4030 :
645 3977 710 4056 quin
734 3978 824 4058 potius
880 3983 976 4063 λέγων,
998 3986 1039 4043 Οὐ
1063 3982 1139 4061 μόνον
1159 3981 1203 4053 δὲ,
1226 3981 1294 4041 ἀλλά
1313 3981 1358 4043 καί
1372 3981 1538 4063 καυχώμεθα
1552 3986 1581 4044 ἐν
1595 3994 1645 4058 ταῖς

109 4065 824 4152 tamquamrorequodamspiritualisdoetrinaecupi·
882 4075 1001 4156 θλίψεσι;
1015 4073 1133 4155 Μικρδν,
1148 4077 1171 4132 εί
1188 4077 1276 4148 δοκεῖ,
1303 4074 1428 4156 ἀνωτέρω
1444 4073 1492 4132 τὸν
1512 4078 1562 4148 τῆς
1583 4079 1645 4137 διὰ.

109 4166 196 4226 ditate
214 4175 356 4222 recreetur.
386 4159 493 4219 Etenim
523 4158 559 4218 de
574 4158 748 4219 tribulatione
764 4182 824 4221 ver·
835 4166 993 4252 „multoc
1006 4164 1082 4246 λόγον
1104 4166 1260 4245 ἀγάγωμεν,
1279 4164 1325 4225 καὶ
1339 4164 1441 4238 πολλὴν
1460 4170 1584 4248 optma
1606 4171 1646 4242 ἢν

109 4259 145 4318 ba
157 4257 280 4330 facimus,
297 4253 332 4313 de
345 4250 492 4334 cupiditate
508 4251 641 4310 bonorum
654 4265 824 4331 eternorum,
846 4265 866 4311 Δ
882 4258 1035 4339 σαφήνειαν,
1051 4258 1096 4317 καλ
1122 4256 1172 4329 τὴν
1196 4260 1248 4316 τῶν
1264 4258 1405 4335 νοημάτων
1422 4258 1536 4338 δύναμιν
1557 4265 1647 4323 ἐκεῖθεν

111 4350 146 4411 de
156 4347 294 4432 patientia,
304 4346 392 4425 deque
402 4342 532 4418 mercule,
545 4363 627 4421 quam
640 4343 681 4403 illi
693 4345 824 4425 obtinent,
881 4349 1038 4428 τικτομένην
1056 4356 1132 4429 ἡμῖν.
1152 4348 1232 4409 ’ἀλλά
1255 4350 1357 4428 μηδένα
1373 4352 1405 4411 τδ
1427 4356 1507 4430 σῶμα
1533 4378 1648 4435 καταμα·

112 4443 158 4523 qui
174 4441 285 4501 minime
297 4437 387 4520 supini
400 4449 460 4497 suut
473 4457 505 4495 ac
517 4434 632 4498 desides.
653 4438 730 4512 Quid
743 4439 827 4519 igitur
881 4444 1024 4524 λακιζίτω·
1040 4443 1097 4503 ἀλλΙ
1111 4441 1169 4502 ἀντὶ
1187 4442 1280 4522 δρόσου
1300 4441 1415 4521 γενέσθω
1434 4448 1451 4515 ἡ
1467 4451 1517 4517 τῆς
1533 4473 1649 4527 πνευμα-

112 4535 166 4595 sibi
190 4533 253 4594 vult
270 4529 350 4607 illud,
378 4531 447 4588 Non
468 4528 583 4587 solum?
610 4529 665 4602 Qui
685 4531 758 4590 enim
784 4532 828 4592 his
883 4541 960 4609 τικῆς
984 4535 1134 4616 ἀκροάσεως
1155 4534 1294 4613 ἐπιθυμία.
1312 4534 1366 4596 Καὶ
1388 4535 1440 4617 γάρ
1463 4539 1525 4619 περὶ
1546 4541 1651 4623 θλίψεις

113 4627 204 4687 verbis
217 4624 314 4695 utitur,
330 4621 364 4681 de
377 4620 471 4680 multis
482 4619 543 4679 aliis
555 4619 633 4679 bonis
646 4622 828 4700 seloquutum
885 4634 950 4708 ἡμῖν
969 4633 984 4688 δ
1005 4627 1080 4708 λόγος
1104 4628 1148 4687 καί
1173 4626 1314 4705 ἐπιθυμίας
1338 4629 1443 4706 ἀγαθῶν
1468 4633 1596 4708 αἰωνίων,
1612 4636 1651 4694 καὶ

114 4740 170 4780 esse
183 4717 293 4791 indicat,
306 4736 365 4793 quae
377 4711 568 4794 praecesserint,
582 4724 608 4770 et
620 4733 682 4772 cum
693 4714 749 4774 illis
758 4714 830 4775 istud
885 4724 1031 4798 ὑπομονῆς,
1046 4720 1152 4790 καὶτῆς
1166 4721 1197 4778 lx
1209 4717 1307 4780 τούτων
1321 4719 1460 4798 γινομένης
1478 4723 1595 4799 ἀμονὸῆς
1605 4735 1652 4792 τοῖς

114 4811 240 4892 adjicere,
265 4806 339 4887 quod
356 4826 391 4864 ex
408 4802 581 4862 tribulatione
600 4805 719 4864 nascitur
731 4829 830 4886 :quam
885 4814 931 4891 obre
947 4811 1159 4873 ἀναπεπτωκότα
1180 4811 1217 4871 Τί
1239 4814 1298 4871 ποτ’
1314 4802 1359 4871 οὖν
1370 4816 1427 4872 ἐστι
1446 4812 1492 4888 τὸ,
1509 4819 1551 4876 Οὐ
1567 4818 1652 4896 μόννν;

115 4903 151 4962 ob
164 4921 272 4962 oeusam
282 4911 307 4957 et
321 4897 378 4978 ipse
390 4894 509 4954 dicebat:
520 4895 590 4953 Νοιι
602 4895 698 4955 solum
712 4912 829 4973 autem,
886 4903 920 4964 ‘0
931 4903 983 4986 γὰρ
1001 4911 1079 4965 τοῦτο
1089 4902 1232 4984 *είρηκὼη
1248 4905 1331 4962 εἰπεῖν
1345 4907 1410 4982 ἡμῖν
1423 4906 1511 4965 πολλά
1522 4908 1570 4967 καί
1582 4908 1653 4993 έτερα

115 4994 168 5054 sed
180 5005 208 5050 et
220 4991 383 5070 gloriamur
395 4990 427 5045 ιἰι
437 4985 686 5047 tribulationibus.
696 4989 734 5048 Ut
742 5005 832 5052 autem
885 4996 1000 5057 δείκνυσι
1010 4994 1218 5080 προθπηργμένα
1240 4986 1341 5077 ἀγαθά·
1362 4994 1407 5055 καί
1422 5000 1481 5074 μετ’
1494 4999 1602 5060 ἐκείνων
1611 5001 1653 5061 καὶ

116 5082 278 5142 dilucidiora
291 5081 356 5138 fiunt
367 5078 424 5137 haec
437 5075 529 5150 verba,
544 5098 593 5136 nos
609 5077 643 5137 ad
656 5079 767 5142 brevem
778 5085 832 5172 lro-
884 5094 960 5148 τοῦτο
973 5089 1149 5169 προστίθησι,
1167 5088 1197 5148 τὸ
1210 5088 1263 5149 dub
1279 5091 1326 5159 τῆς
1340 5087 1467 5170 θλίψεως·
1483 5091 1525 5152 διὸ
1538 5092 1584 5152 καί
1596 5093 1653 5154 ἔλε-

149 5259 159 5283 ·
178 5244 233 5293 Duo
244 5242 301 5289 llas.
316 5245 420 5309 εὑρηκώς,
434 5239 502 5290 Editi
523 5248 623 5309 εἰρηκώς.
