3764 5992
823 878 863 937 ΙΝ
883 877 1027 938 LIBRUM

233 1115 298 1193 An
322 1114 408 1190 Eos
432 1114 515 1211 QUI
539 1110 887 1191 SCANDALIZATI
912 1110 1038 1189 SUNT
1062 1111 1123 1186 ΟΒ
1145 1104 1540 1193 Anvliltstnnnns,
1560 1128 1635 1176 nnn.

652 1346 1180 1478 ADMONITIO.

198 1651 332 1713 Ordinem
338 1652 477 1732 sequimur
485 1652 521 1713 ab
530 1653 589 1734 ipso
597 1653 790 1734 Chryscstcmc
795 1650 944 1712 indicatum
950 1650 1020 1711 inira
1028 1650 1129 1732 capii
1137 1672 1145 1707 r
1153 1647 1191 1729 μὴ
1197 1648 1285 1711 τοίνυν
1296 1671 1342 1729 μοι
1351 1649 1416 1729 λέγι
1424 1645 1493 1716 eolre
1502 1645 1695 1724 exemplet·

157 1744 223 1824 decep
235 1736 288 1826 γᾶρ
300 1746 328 1802 is
338 1744 377 1825 τῷ
392 1742 539 1825 ἔμπροσθεν
554 1734 627 1804 εἶπον
639 1743 719 1823 λόγῳ,
725 1742 809 1813 οὔδιὶς
821 1745 874 1802 riis
885 1741 992 1812 teret<
1006 1739 1214 1821 psol'ddtnoirsorr
1226 1742 1291 1825 παρ’
1304 1740 1403 1824 {sipost
1420 1738 1566 1801 &meret
1576 1761 1648 1811 nore,
1659 1739 1696 1799 tir

159 1837 196 1904 εἰς
211 1834 274 1895 αὐτὸ
283 1835 314 1895 τὸ
326 1838 373 1916 ζῇν
387 1836 524 1916 κινδυνεύῃ
536 1835 626 1897 rNoli
638 1855 706 1916 ergo
719 1836 794 1894 milri
806 1854 855 1895 eos
863 1838 1091 1896 commentatore
1104 1837 1156 1914 qui
1166 1847 1289 1914 pereunt
1299 1833 1400 1916 :quod
1412 1835 1502 1893 enim
1517 1835 1555 1890 in
1566 1832 1695 1913 pricreli-

158 1928 211 1987 bro
219 1926 292 2004 diri,
304 1927 405 1987 nullrts
419 1947 455 1986 ee
468 1931 516 2002 iis,
532 1932 586 2010 qui
602 1930 710 2008 seipsos
727 1929 838 2008 injuria
851 1948 911 1987 non
924 1926 1075 2010 efficiunt,
1088 1926 1127 1984 ab
1147 1924 1217 1986 aliis
1231 1926 1301 1987 loedi
1309 1938 1418 2007 potest,
1434 1926 1585 2007 quamvis
1598 1924 1635 1983 de
1643 1926 1696 1983 eiu

157 2022 221 2099 ipsa
235 2022 275 2079 sit
284 2018 449 2099 perieulum
461 2020 655 2080 submndum.
672 2018 781 2094 Quibus
792 2017 931 2078 manifeste
941 2016 1060 2078 declarat
1067 2015 1170 2099 librum
1184 2016 1274 2091 illum,
1289 2018 1378 2097 Quod
1385 2036 1481 2078 nemo
1491 2017 1675 2078 loeditrrrnisi
1680 2037 1696 2074 e

108 2142 146 2182 m
154 2112 258 2190 seipso,
270 2110 349 2192 prins
360 2109 396 2170 ab
407 2130 436 2171 se
447 2110 550 2171 iactum
560 2131 627 2186 esse,
642 2129 724 2190 quam
736 2108 811 2168 hunc
821 2107 922 2187 ederet,
932 2108 1078 2188 utmrnque
1088 2128 1154 2170 vero
1164 2108 1329 2168 continenter
1338 2108 1498 2188 eodemque
1509 2120 1636 2191 tempure
1650 2106 1696 2166 elr-

153 2202 296 2264 cnbratnnn
307 2203 401 2264 iuuisse.
413 2206 520 2267 Verum
533 2202 619 2285 igitur
630 2199 754 2263 ordinem
768 2221 822 2263 non
832 2201 919 2262 tenuit
929 2200 1063 2278 Servilius,
1073 2200 1122 2280 qui
1136 2199 1210 2261 hunc
1222 2200 1340 2283 priorem
1357 2200 1475 2283 posnit;
1489 2200 1615 2262 alterum
1631 2220 1694 2277 reno,

150 2293 199 2373 qui
211 2294 340 2376 premitti
354 2292 493 2373 debuerat,
505 2293 572 2354 huic
586 2292 741 2374 subjunxit3
756 2291 803 2352 sed
815 2291 867 2354 hoc
880 2306 999 2353 erratum
1014 2290 1073 2374 ipse
1084 2304 1177 2374 poster
1190 2290 1394 2354 animadvertit.
1404 2292 1516 2354 Fronto
1530 2294 1650 2353 Dncens
1660 2311 1696 2351 ens

149 2385 232 2467 longo
247 2386 390 2449 intervallo
404 2385 547 2469 separavit,
561 2384 610 2466 qui
624 2384 743 2467 priorem
753 2383 783 2444 in
794 2382 885 2445 medic
898 2385 987 2445 Tomn
1000 2396 1097 2462 quarto
1107 2383 1219 2464 locavit,
1230 2382 1407 2467 posteriorem
1417 2404 1500 2464 vac,
1513 2384 1580 2447 sive
1591 2381 1697 2445 bunede

149 2474 203 2557 qun
217 2478 334 2559 agimus,
346 2497 442 2539 nesus
454 2477 537 2537 finem
551 2475 633 2538 Tomi
646 2474 734 2555 qninti
747 2474 849 2557 posuit,
864 2489 913 2535 aut
927 2473 1082 2558 ponendum
1095 2475 1214 2555 reliquit.

190 2569 327 2650 Georgius
341 2565 540 2629 Alexandrinus
549 2565 579 2627 in
588 2565 655 2630 Vita
668 2564 867 2648 Chryscstomi,
879 2586 940 2646 quse
954 2566 1025 2627 inira
1042 2565 1149 2642 edetur,
1159 2587 1189 2627 n.
1203 2568 1253 2643 6⁷,
1263 2566 1302 2627 ait
1315 2564 1390 2627 hunc
1402 2565 1516 2627 librum
1531 2567 1634 2628 Cucnsi
1644 2588 1660 2627 a
1672 2568 1697 2627 S.

150 2658 259 2721 duetore
270 2661 369 2721 iactum
383 2658 465 2720 fuisse
476 2656 513 2719 ad
524 2656 732 2719 consolationem
745 2655 996 2738 institutionemque
1016 2657 1112 2741 populi
1126 2656 1427 2739 Constantinopolitsni,
1438 2678 1559 2738 esseque
1572 2659 1601 2719 in
1620 2659 1698 2741 eapite

151 2750 376 2832 vigintiquatuor
388 2749 518 2828 divisum,
532 2770 592 2830 quae
605 2748 707 2813 divisio
719 2748 756 2809 ad
768 2747 821 2810 hoc
833 2768 919 2829 nsque
934 2762 1043 2832 tempus
1054 2749 1084 2813 in
1100 2744 1290 2832 manuscriptis
1300 2747 1455 2810 codicibus
1468 2762 1498 2810 et
1506 2748 1539 2811 in
1553 2748 1645 2812 Editio
1656 2750 1699 2811 oo

152 2855 284 2903 matur.

194 2930 342 2991 Existimat
353 2950 382 2994 v.
397 2932 431 2993 cl.
441 2930 635 2992 Tillemcntius
647 2927 722 2990 hunc
732 2928 834 2989 librum
848 2929 925 3010 quasi
936 2929 972 2992 ad
983 2930 1175 3013 Olympiadem
1189 2931 1303 2992 missum
1316 2932 1532 2994 commemorari
1544 2932 1575 2993 in
1587 2930 1701 3014 epten

153 3034 250 3103 quarto
265 3020 302 3083 sd
314 3021 445 3095 eamdem
461 3019 643 3081 ubidicitur:
656 3019 765 3101 ἶπεμψά
778 3042 821 3080 σοι
836 3021 904 3104 ὅπερ
916 3022 1020 3105 ἔγραψα
1034 3022 1137 3105 πρῴην,
1149 3022 1191 3084 dre
1199 3024 1244 3085 τὸν
1254 3022 1345 3083 inuris
1360 3025 1511 3086 ἀδικοῦντα
1524 3024 1612 3095 οὐδεὶς
1623 3024 1701 3106 inpos

154 3111 331 3195 παραόλᾶψαι
344 3112 503 3186 δυνήσεται·
519 3111 565 3172 sunl
578 3114 670 3173 τοῦτον
690 3110 841 3191 ἠγωνίσατο
853 3112 898 3172 τὸν
912 3117 1003 3195 ἀγῶνα
1016 3119 1030 3175 ὁ
1041 3114 1129 3196 λόγος,
1152 3116 1180 3178 ὃν
1202 3114 1359 3176 ἀπέσταλκά
1372 3137 1420 3176 σου
1443 3118 1483 3197 τῇ
1498 3117 1642 3195 τιμιόνγτι
1657 3125 1702 3178 r'it.

155 3207 279 3287 Σινιχῶς
292 3196 379 3279 idedu
391 3205 470 3266 ciris
486 3203 599 3286 ἐπέρχω
611 3227 618 3243 ·
632 3206 656 3264 εἰ
670 3201 698 3265 dl
711 3202 847 3284 θγιαίνοις,
862 3205 908 3266 καὶ
924 3205 968 3266 lrrl
983 3204 1103 3285 γλώττης
1116 3205 1195 3291 pipo:
1209 3205 1239 3266 id
1250 3218 1300 3282 est,
1314 3208 1388 3266 Misi
1399 3208 1444 3266 ad
1457 3220 1489 3269 te
1503 3210 1541 3268 id
1560 3210 1644 3291 qnod
1652 3230 1701 3269 nrt·

154 3317 208 3380 per
228 3296 322 3358 literis
335 3297 489 3376 nuntiavi,
507 3316 610 3377 nempe
629 3316 706 3370 eum,
723 3298 776 3375 qui
789 3299 915 3377 seipsum
936 3316 997 3355 non
1009 3296 1128 3371 leserit,
1149 3317 1170 3357 a
1189 3300 1305 3358 umine
1321 3298 1383 3356 alic
1399 3298 1473 3358 toedt
1490 3321 1585 3381 posse
1596 3315 1643 3362 :et
1655 3302 1704 3361 tre

156 3380 297 3473 [quoque]
308 3388 460 3451 contendit
473 3389 547 3449 liber
557 3390 616 3467 tte,
631 3407 719 3470 quem
731 3387 774 3446 nd
784 3400 812 3446 te
825 3408 904 3448 nune
917 3391 995 3448 misi.
1015 3389 1113 3468 Quare
1123 3388 1210 3448 iilum
1219 3390 1337 3449 assidete
1341 3390 1515 3470 pervolvens,
1530 3396 1596 3453 imo
1609 3396 1702 3464 etiam,

156 3486 245 3563 siper
257 3482 464 3542 valetudinem
479 3481 558 3555 lieet,
571 3482 685 3541 recites.
699 3477 783 3538 Liber
793 3491 864 3538 certe
874 3477 921 3539 hic
936 3479 1053 3541 mundo
1065 3480 1125 3540 loco
1138 3494 1372 3561 commemoratus,
1382 3480 1430 3543 hic
1440 3482 1506 3566 ipse
1517 3506 1606 3565 quem
1615 3498 1705 3547 naeu

156 3594 219 3635 mus
233 3594 292 3635 esse
302 3572 424 3652 ridetur,
440 3571 489 3634 etsi
500 3592 543 3634 res
563 3591 617 3633 non
628 3570 739 3633 omnino
751 3570 891 3652 explorata
904 3570 949 3631 sit.

112 3658 113 3662 ¹
199 3664 277 3726 ldem
285 3666 339 3725 fere
351 3678 541 3746 argumentum
551 3662 722 3746 prosequitur
734 3660 781 3721 hic
794 3661 876 3741 liber,
890 3661 964 3741 quod
975 3660 1004 3721 in
1016 3662 1180 3744 precedenti
1194 3675 1340 3724 tractatum
1353 3662 1489 3726 vidimus.
1505 3668 1527 3726 t
1531 3667 1614 3748 gitur
1624 3666 1659 3727 de
1670 3667 1704 3727 te

159 3755 251 3816 rendis
261 3755 343 3815 rebus
355 3754 476 3816 adversis
487 3757 680 3836 cujuscumque
690 3751 799 3814 tandem
809 3752 912 3835 generis
924 3752 990 3833 sint,
1000 3754 1177 3837 exemploque
1185 3764 1339 3816 sanctorum
1348 3754 1459 3819 Veteris
1470 3758 1608 3839 Noviqne
1617 3761 1705 3821 neo·

161 3845 245 3904 menti
257 3844 295 3903 ad
308 3865 367 3904 eam
379 3865 438 3904 rem
450 3845 630 3904 instituuntur
642 3843 941 3924 constantinopolitani,
951 3844 999 3925 qui
1011 3857 1102 3906 tunca
1116 3846 1235 3908 scelestis
1246 3844 1435 3929 perversisque
1447 3846 1618 3913 hominihus
1628 3872 1706 3913 nera·

160 3935 263 3994 tantm
275 3956 282 3990 ε
295 3931 332 3991 sd
343 3953 388 3992 ecs
401 3933 520 3992 maxime
541 3946 644 4014 spectat
665 3933 762 4005 oratic,
779 3933 826 4012 qui
839 3933 939 4015 prcbcs
952 3932 1075 3999 videntes
1088 3959 1105 3997 a
1118 3936 1252 3999 seditiosis
1271 3936 1437 4018 nefariisque
1455 3943 1575 4022 vexari,
1588 3942 1706 4005 divinam

163 4025 316 4085 incusarent
328 4021 540 4104 providentiam.
557 4024 677 4082 Atticum
689 4043 754 4083 vero
762 4023 815 4082 sibi
828 4024 857 4083 in
870 4045 1048 4087 successorem
1061 4049 1078 4088 a
1091 4028 1276 4090 consceleratis
1290 4042 1446 4110 cooptatum
1456 4032 1638 4115 perstringit,
1650 4054 1705 4094 enm

162 4115 202 4178 ait
214 4134 273 4195 cap.
289 4114 350 4173 20:
373 4110 454 4189 μηδὲν
468 4102 513 4171 cdo
528 4136 558 4171 ce
574 4112 672 4173 τοίων
687 4112 895 4186 σκανδαλιζίτω,
910 4115 949 4191 μὴ
964 4116 1047 4195 tepet<
1061 4124 1105 4179 νῦν
1118 4120 1215 4199 φαῦλος
1232 4119 1424 4200 memphim,
1439 4121 1488 4182 καὶ
1508 4123 1597 4185 mm
1606 4123 1706 4189 ,Μὰ

164 4206 324 4289 ἀγριώτερον
336 4205 473 4276 ἕπιπὴδῶν
486 4206 520 4282 τῇ
537 4202 620 4283 ἀγέλῃ
632 4226 639 4260 =
652 4203 740 4262 Nihil
752 4223 819 4283 erge
831 4208 953 4264 istorum
963 4209 1018 4265 tibi
1027 4210 1210 4289 offendiculo
1223 4215 1272 4282 sit,
1288 4231 1347 4270 ncn
1355 4212 1497 4272 sacerdos
1509 4234 1595 4276 nune
1606 4216 1705 4294 depro-

165 4311 260 4370 vatus,
277 4296 344 4377 lupo
359 4298 462 4375 quovis
478 4297 582 4353 sevius
595 4297 628 4350 in
636 4312 753 4372 gregem
761 4293 905 4355 insiliens.
918 4294 970 4355 llic
984 4296 1055 4358 liber
1068 4319 1121 4359 non
1135 4298 1186 4360 diu
1199 4314 1261 4362 ante
1273 4301 1380 4363 obitum
1393 4323 1410 4362 a
1423 4301 1631 4384 chrysostomo
1645 4304 1705 4366 κη’.

162 4403 226 4472 ptus
239 4401 278 4448 est
289 4384 403 4466 :quade
414 4405 443 4445 re
455 4383 583 4466 pluribus
596 4382 625 4443 in
637 4382 703 4445 vita
712 4383 780 4462 ejus.

201 4477 389 4560 interpretatio
402 4476 500 4537 Latina
513 4487 553 4537 est
565 4473 708 4536 Frontonis
721 4473 825 4533 Ducni.
