3810 6000
272 551 312 636 14
610 570 639 616 S.
666 570 806 624 totttttts
832 570 1014 618 CHRYSOST·
1043 571 1200 623 Attcfflttt’.
1228 573 1497 622 constantinor.

264 715 323 753 sens
335 693 484 799 periculnm
497 694 584 754 vitare
597 694 715 775 possint.
724 693 876 755 Audiamus
900 708 984 774 quot·
1040 696 1204 776 Ἀκούσωμιν
1221 696 1278 758 όσοι
1298 703 1464 778 ρρθυμοῦμιν
1478 700 1574 777 ιθγῆς,
1594 696 1665 770 πόση
1686 701 1740 758 τῶν
1753 697 1813 770 dnl-

187 799 331 927 αιο,Ψιοι
355 786 448 865 ignavi
467 807 562 890 sumus
575 786 612 847 ad
624 787 810 894 precandum,
830 799 930 890 quanta
949 787 1016 846 sit
1039 795 1136 863 σεωνὴ
1152 759 1272 869 δύναμις.
1286 790 1464 862 Οὐνηοτείαν
1484 787 1633 857 ἐπεδείξατο
1651 779 1744 864 obsce,
1763 791 1813 848 ούκ

265 967 415 1026 ultroneam
426 981 619 1048 paupertatem
635 981 681 1026 aut
696 967 802 1046 aliquid
818 924 982 1040 istiusniodi,
1038 971 1136 1053 ἔρημος
1145 972 1183 1031 ὢν
1197 972 1242 1033 καί
1252 971 1398 1052 γυμνός
1359 996 1447 1044 πασης
1458 973 1572 1050 ἀρετης
1587 970 1678 1043 ἀπιιδὴ
1692 925 1812 1054 πίιρειιά·

265 1058 313 1120 sed
328 1058 461 1138 desertus,
473 1058 520 1118 sed
531 1059 621 1119 nudus
631 1081 704 1119 omni
722 1059 831 1136 virtute,
850 1058 898 1117 ubi
911 1081 939 1118 se
949 1059 982 1119 ad
1037 1063 1155 1123 λεσετδν
1171 1065 1301 1137 δεσπότην
1325 1061 1447 1142 μόνον,
1437 1085 1543 1142 ισχυσεν
1565 1064 1675 1123 αὐτὸν
1663 1062 1812 1125 επισπόσα-

265 1151 459 1210 obsecrandum
475 1151 659 1228 convertit,eo
672 1152 728 1211 solo
742 1151 829 1231 potnit
842 1150 983 1210 dominum
1037 1161 1098 1216 σθαι
1114 1156 1179 1238 πρδς
1196 1157 1278 1217 ἔλεον.
1306 1155 1353 1229 Μὴ
1372 1154 1459 1215 τοίνυν
1484 1154 1693 1235 ἀπαγορεύωμεν
1711 1158 1739 1216 ἰν
1752 1163 1812 1222 ταῖς

264 1241 300 1301 ad
313 1242 524 1302 misericordiam
538 1243 698 1324 pertrahere.
712 1244 754 1303 Ne
770 1242 854 1322 igitur
867 1241 984 1301 delicia·
1037 1247 1150 1322 δεήσεσι.
1164 1247 1214 1316 Τίς
1231 1248 1284 1328 γάρ
1299 1246 1391 1307 τούτου
1409 1245 1505 1327 γίνοιτ’
1525 1247 1557 1307 ἀν
1571 1245 1809 1329 δμαρτιιιλότιρος,

265 1355 326 1392 mus
339 1333 366 1392 in
380 1332 524 1393 fundendis
532 1334 667 1415 precibus.
678 1334 746 1406 Quis
760 1333 832 1393 enim
839 1333 892 1393 boe
901 1335 982 1394 scele-
1035 1337 1062 1406 δς
1085 1339 1216 1410 τοσούτοις
1237 1339 1285 1418 μὲν
1310 1339 1475 1419 ἐγκλήμασιν
1488 1339 1628 1406 ὑπεύθυνος
1649 1330 1693 1412 ἦν,
1712 1338 1811 1417 κατόρ-

265 1425 357 1501 ratior,
371 1428 419 1505 qui
434 1441 459 1485 et
480 1439 520 1485 tot
539 1426 697 1487 criminibus
719 1425 854 1485 obnoxius
867 1439 933 1503 οισι,
956 1441 983 1487 et
1035 1436 1113 1508 θωμα
1133 1431 1160 1491 δί
1181 1435 1211 1493 οὐ
1231 1431 1335 1513 μικρὸν,
1358 1433 1387 1490 οὖ
1410 1429 1480 1510 με’γα
1493 1429 1639 1504 ἰιιίκτητος
1653 1429 1723 1491 Ἀλλ’
1737 1428 1812 1507 θροις

265 1518 371 1578 ιιυΙίιιιιι
381 1532 452 1577 recte
463 1518 565 1578 lactum
581 1517 759 1599 possidebat?
773 1519 832 1578 Non
845 1530 933 1577 tamen
942 1539 982 1578 se-
998 1536 1016 1583 ιι
1035 1524 1083 1583 οὐκ
1096 1516 1154 1585 eim
1172 1525 1238 1605 πρὸς
1248 1524 1351 1598 ιαοτδν,
1368 1521 1583 1604 ἀπαρρησίαστος
1597 1525 1668 1600 εἰμι,
1681 1521 1811 1601 αἰσχύνης

265 1610 371 1669 eumad
385 1611 467 1669 istum
481 1609 594 1670 modum
606 1611 732 1689 loquutus
749 1623 800 1683 est,
815 1611 879 1670 Ros
894 1608 981 1669 audeo
1034 1615 1122 1695 γόμον,
1138 1621 1194 1684 πῶς
1211 1615 1326 1695 δύναμαι
1344 1618 1497 1697 προσελθεῖν
1508 1638 1517 1690 3
1528 1619 1585 1683 πῶς
1595 1613 1710 1693 δύναμαι
1722 1637 1810 1696 παρα·

264 1702 348 1781 ίοΨιί,
361 1701 465 1783 pudore
480 1703 576 1784 plenus
591 1723 662 1780 sum,
675 1702 722 1780 qui
736 1717 827 1783 potero
835 1702 981 1762 accedere?
1034 1707 1160 1783 καλέσαις
1179 1707 1193 1767 θ
1211 1709 1305 1768 πολλοί
1324 1712 1376 1768 τῶν
1391 1706 1595 1789 ἁμαρτανόντων
1612 1705 1732 1786 λίγαιαι,
1747 1705 1808 1766 δια-

264 1796 310 1872 qui
323 1807 414 1876 potero
425 1795 518 1854 orare?
531 1794 604 1874 quod
614 1794 736 1875 plerique
746 1808 916 1875 peecatorum
933 1793 981 1853 di·
1035 1799 1144 1874 ύολικὴν
1176 1807 1312 1867 νοσοῦντες
1335 1799 1484 1859 εὐλόύειαν.
1510 1796 1738 1880 Ἄπαρρησίαστος
1766 1787 1805 1872 εἰς

265 1900 340 1964 eunt,
355 1886 490 1945 diabolica
504 1887 655 1945 laborantes
666 1885 818 1952 timiditate.
833 1887 894 1946 Non
908 1885 981 1947 adest
1035 1891 1087 1951 Διά
1104 1896 1181 1952 τοῦτο
1205 1891 1352 1972 πρόσελθε,
1365 1889 1410 1951 ίνα
1429 1890 1515 1970 κτίσῃ
1529 1888 1681 1973 παρρησίαν
1694 1887 1807 1961 πολλήν.

263 1978 424 2056 tibiliducia
436 1978 587 2057 loquendi?
601 1979 744 2059 Propterea
761 1976 867 2053 accede,
880 1991 911 2036 nt
924 1999 980 2037 ma·
1035 1983 1083 2056 Μὴ
1105 1984 1157 2066 γὰρ
1179 1983 1315 2064 ἄνθρωπός
1339 1988 1410 2044 ἐστιν
1435 1988 1449 2043 ὁ
1473 1982 1577 2062 μύλλων
1593 2007 1634 2044 σοι
1655 1981 1808 2042 καταλλάτ-

260 2071 347 2151 jorem
355 2070 483 2130 fiduciam
493 2090 580 2150 pares.
591 2070 664 2128 Num
672 2069 743 2127 enim
753 2069 834 2128 homo
842 2083 892 2143 est,
900 2091 981 2148 quem
1035 2082 1144 2151 τεσθαι,
1168 2075 1210 2136 ίνα
1234 2080 1378 2156 αἰσχυνθῇς
1391 2076 1437 2136 καί
1451 2075 1626 2156 ἰρυθριάσῃς;
1639 2073 1709 2142 Θεός
1722 2077 1806 2148 ἰστιν,

261 2164 369 2245 placare
378 2163 463 2244 enpis,
473 2176 504 2220 ut
513 2161 617 2242 pudore
630 2174 655 2220 et
665 2161 825 2223 verecundia
850 2161 980 2222 laboran·
1034 2171 1048 2227 δ
1063 2174 1109 2229 σοῦ
1131 2169 1232 2247 μᾶλλον
1247 2169 1404 2248 βουλόμενος
1418 2165 1568 2236 ἀπαλλάξαι
1592 2189 1622 2227 σι
1642 2169 1695 2225 τῶν
1710 2166 1808 2245 ἰγκλη·

261 2255 328 2314 dum
339 2255 395 2314 sit?
411 2256 485 2314 Deus
507 2267 548 2313 est
569 2253 618 2332 qui
640 2252 735 2333 magis,
763 2273 844 2331 quam
858 2267 887 2312 tn
910 2254 978 2336 ipse,
1035 2259 1141 2338 μάτων·
1155 2262 1206 2341 οὐχ
1220 2259 1288 2320 οῦτοι
1311 2259 1342 2320 ob
1356 2263 1403 2332 τῆς
1417 2264 1528 2319 σεαυτοῦ
1544 2255 1691 2340 ἀσφαλείας
1714 2259 1808 2318 ἰπιθυ-

260 2359 371 2427 exoptat
380 2343 792 2405 teacriminibusliberarimon
801 2357 829 2403 tu
842 2357 980 2427 tantopere
1035 2361 1111 2432 μοῖς,
1121 2356 1156 2420 ὡς
1169 2355 1266 2420 ἐκεῖνος
1276 2351 1377 2432 ἰρίεταί
1389 2374 1435 2410 σου
1449 2355 1498 2422 τῆς
1511 2349 1656 2431 σωτηρίας·
1670 2349 1808 2410 καὶτοῦτο

259 2452 335 2498 tuam
363 2437 531 2498 securitatem
552 2435 728 2516 concupiscis,
747 2450 912 2519 quantopere
934 2440 981 2500 ille
1034 2446 1067 2505 δι’
1092 2449 1178 2505 αὐτῶν
1200 2449 1253 2505 τῶν
1271 2445 1354 2526 ἔργων
1372 2450 1443 2594 ημᾶγ
1466 2443 1630 2503 ἐπαίδευσεν.
1652 2443 1715 2501 (blas
1736 2439 1807 2522 ίχεις

259 2546 335 2591 tuam
344 2531 458 2591 salutem
473 2530 594 2612 expetit.
606 2527 690 2607 idque
705 2529 803 2589 rebus
796 2551 862 2611 ipsis
876 2530 977 2593 docuit
993 2537 1198 2639 11παρρησίαν,
1213 2537 1265 2596 Διά
1280 2541 1358 2595 τοῦτο
1379 2535 1478 2612 δυνήαη
1499 2539 1554 2614 παρ
1540 2533 1650 2614 ρρησίαν
1663 2533 1745 2614 ἔχειν,
1765 2532 1807 2594 ότι

257 2626 318 2685 Non
329 2623 573 2685 habesliducram⁰
586 2622 698 2704 Dorpso
706 2636 781 2704 potes
792 2623 922 2684 fiduciam
932 2625 979 2686 ba
993 2601 1100 2700 liobam
1114 2628 1263 2689 διάκεισαι·
1282 2626 1394 2707 μεγίστη
1417 2625 1468 2707 γὰρ
1482 2625 1633 2706 παρρησία,
1654 2623 1685 2683 τό
1699 2622 1805 2703 μῆνο·

206 2726 212 2738 “
257 2718 331 2791 ltere,
346 2717 440 2797 quod
433 2731 470 2776 tta
480 2717 621 2777 allectus
599 2736 651 2775 sis
663 2737 782 2775 mamma
792 2737 864 2775 eutm
877 2717 978 2779 lidueia
1032 2721 1197 2801 μίζεινέχειν
1220 2716 1416 2802 παρρησίανᾹ
1397 2741 1487 2797 ωσπερ
1498 2741 1542 2777 ουν
1552 2714 1664 2796 αἰσγυνη
1675 2738 1806 2794 μεγιστη,

107 2801 186 2892 ,ρξ’
223 2804 309 2887 ἐτι,
325 2832 385 2871 eum
400 2809 463 2888 quis
485 2832 514 2869 se
536 2809 674 2869 existimat
690 2808 775 2867 fidere
795 2829 847 2868 nou
861 2809 975 2870 debere:
1029 2813 1184 2872 τοδιιιαιοῦν
1195 2812 1286 2870 ἑαυτὸν
1298 2809 1408 2870 ἐνώπιον
1420 2807 1536 2889 Κυρίου.’
1539 2810 1646 2875 ἰίκεῑνος
1658 2806 1807 2889 ἀκοίθαρτός

99 4534 154 4570 nat·
191 4541 240 4571 ιιιο-

98 4588 161 4634 dum.

258 2902 327 2962 sieut
351 2922 519 2980 summopere
546 2899 673 2980 pudenda
691 2920 733 2958 res
754 2912 812 2976 est,
825 2901 977 2979 justificare
1029 2908 1103 2978 ἐστι,
1129 2903 1179 2964 κάν
1206 2902 1328 2963 ἁπάντων
1345 2900 1489 2983 ἀνθρώπων
1504 2898 1645 2980 ἁγιώτερος
1665 2890 1699 2979 {l-
1713 2898 1805 2979 ὥσπερ

257 2993 376 3074 τείρουσι
391 3013 481 3052 eoram
502 2991 627 3051 Domino.
642 2990 694 3048 llle
711 2989 784 3048 enim
797 2988 921 3072 impurus
935 3007 975 3053 est
1028 2986 1072 3055 σύν
1093 2995 1192 3064 δίκαιος
1213 2993 1313 3074 γίνεται
1329 2992 1450 3060 θπείσοις
1462 2991 1555 3050 ἑαυτὸν
1569 2989 1676 3050 πόντων
1690 2988 1805 3070 ἔσχατον

257 3085 419 3164 quicumque
432 3084 460 3142 id
472 3083 548 3160 saeit,
561 3082 666 3142 etiamsi
680 3080 807 3141 omnibus
816 3081 974 3145 bominibus
1028 3080 1103 3148 εἶναι.
1115 3088 1168 3148 Καί
1179 3088 1309 3166 μάρτυρες
1318 3090 1371 3144 τῶν
1381 3082 1531 3162 λεγομένοιν
1544 3087 1558 3142 δ
1570 3083 1720 3162 Φαρισαῖος
1732 3081 1777 3140 καί
1790 3087 1805 3143 ό

256 3176 372 3236 sanctior
398 3175 493 3234 luerit:
518 3177 555 3233 ita
573 3195 680 3253 quoque
702 3174 794 3255 justus
815 3173 846 3232 fit
855 3219 863 3250 ,
877 3175 925 3254 qui
946 3198 973 3236 se
1026 3179 1152 3251 τελώνης.
1168 3179 1216 3251 Μὴ
1230 3177 1316 3238 τοίνυν
1331 3170 1556 3256 ἀπογινόισκοιμεν
1571 3175 1598 3232 ἐν
1611 3182 1666 3242 τοῖς
1677 3172 1803 3252 ἁμαρτη-

255 3269 343 3328 eredit
356 3267 624 3327 omniumhominum
640 3279 792 3324 extremum
806 3286 871 3326 esse.
886 3267 972 3348 Cujus
1027 3296 1108 3352 μασι,
1124 3271 1191 3351 μηδί
1212 3268 1429 3350 ἀπαγορεύωμεν,
1448 3267 1516 3327 ἀλλίι
1531 3263 1743 3347 προσερχώμεθα
1765 3269 1804 3346 τῷ

254 3362 293 3420 rei
301 3375 377 3420 testes
388 3374 450 3419 seint
458 3359 609 3418 Pharisaeus
618 3372 644 3417 et
660 3357 830 3439 publicanus.
840 3358 881 3417 Ne
888 3359 972 3438 igitur
1025 3369 1098 3446 Θεῷ,
1108 3363 1326 3445 προστίπτωμεν,
1335 3363 1542 3442 παρακαλῶμεν,
1555 3348 1803 3440 όπερούτοςίποίη-

254 3452 468 3535 despondeamus
480 3451 602 3510 animum
620 3450 656 3509 ob
676 3463 795 3530 peccata,
819 3472 905 3529 neque
919 3453 971 3512 de-
1027 3481 1070 3529 σε,
1087 3457 1168 3537 μέχρι
1180 3455 1272 3515 τούτου
1287 3456 1355 3532 καλῇ
1370 3457 1404 3532 τῇ
1418 3451 1512 3531 γνώμῃ
1526 3450 1706 3532 χρησόμενος.
1721 3449 1762 3508 Τό
1774 3473 1802 3509 τι

252 3566 401 3625 speremus,
416 3542 462 3602 sed
477 3544 604 3602 adeamus
614 3544 719 3619 Deum,
733 3540 916 3622 procidamus,
925 3544 972 3604 ob·
1026 3548 1065 3626 μὴ
1076 3550 1273 3629 ἀπαγορεῦσαι,
1291 3543 1322 3604 τό
1338 3567 1367 3602 τε
1382 3543 1421 3622 μὴ
1435 3545 1603 3624 ἀπογνῶναι,
1619 3542 1693 3602 τότε
1706 3542 1801 3619 θμολυ·

253 3656 397 3712 secretnus,
406 3633 634 3714 quemadmodum
642 3633 692 3694 iste
701 3633 774 3708 iecit,
788 3633 916 3694 haetenus
925 3635 971 3696 bo
1025 3647 1108 3723 γῆσαι
1120 3642 1155 3700 τὰ
1176 3637 1369 3721 ἡμαρτημένα,
1381 3635 1412 3695 τό
1428 3659 1458 3695 τε
1472 3638 1580 3706 αἰτῆσαι
1595 3633 1728 3706 ἀναύολην
1743 3658 1802 3694 τινα

253 3751 286 3789 na
299 3743 387 3789 mente
400 3751 475 3788 usus.
491 3731 552 3787 Non
569 3725 736 3808 despondere
760 3726 895 3805 animum,
916 3749 970 3790 uon
1025 3734 1072 3794 καί
1107 3733 1252 3812 μέλλησιν,
1275 3735 1359 3790 ταῦτα
1382 3728 1470 3789 πάντα
1499 3725 1587 3800 καλίι,
1614 3725 1660 3786 καί
1686 3724 1802 3792 διανοίας

252 3821 404 3902 desperare,
426 3819 549 3880 confiteri
569 3832 688 3901 peecata,
706 3819 842 3900 postulare
858 3819 969 3882 dilatio·
987 3847 1006 3893 B
1025 3823 1264 3907 συντετριμμένης,
1288 3822 1333 3883 καί
1346 3821 1576 3900 τεταπεινιομένης
1589 3824 1686 3902 ψυχῆς.
1709 3819 1754 3880 Τά
1774 3818 1802 3878 δί

180 3961 185 3973 .
252 3913 438 3990 nemaliqnam
450 3925 476 3971 et
496 3932 609 3988 moram,
620 3925 647 3970 et
655 3911 744 3970 omnia
755 3911 805 3971 ista
814 3911 884 3974 bona
910 3929 973 3975 sunt
1024 3923 1141 3981 ἐντεῦθεν
1156 3921 1204 3977 οὐκ
1218 3917 1258 3976 tn
1276 3915 1420 3994 όμοιατοίς
1435 3911 1589 3994 προτέροις·
1609 3912 1678 3992 όπιρ
1690 3912 1743 3992 γάρ
1757 3911 1801 3971 διά

251 4017 277 4063 et
290 4007 388 4062 mentis
400 4002 542 4079 contritae,
557 4016 584 4061 et
598 4002 695 4061 anima
721 4001 881 4064 humiliatae.
905 4006 973 4079 Qnae
1024 4016 1072 4084 τῆς
1084 3997 1219 4092 ἱκετηρίας
1230 4008 1379 4088 συνήγαγε,
1389 4013 1472 4067 ταῦτα
1482 4004 1575 4087 ἀθρόον
1587 4002 1801 4086 ἰίίχεινόπαντα

247 4097 305 4177 jam
327 4108 487 4173 sequuntur,
501 4114 670 4173 nequaquam
690 4093 790 4152 similia
810 4110 874 4157 sunt
892 4120 972 4179 supe·
1025 4104 1070 4165 διὰ
1093 4107 1141 4175 τῆς
1167 4106 1203 4171 εἰς
1227 4100 1272 4162 τόν
1287 4099 1400 4172 πλησίον
1413 4101 1502 4181 θργῆς.
1515 4095 1594 4157 'Atta
1609 4096 1675 4163 τέως
1697 4095 1742 4156 ἰπί
1755 4096 1799 4157 τὸν

248 4187 368 4248 rioribus
380 4211 387 4244 ι
400 4208 460 4265 quae
478 4187 551 4245 enim
563 4206 612 4267 per
624 4184 847 4291 supplicationem
862 4210 972 4270 congre·
1024 4194 1121 4277 τρόπον
1140 4199 1187 4267 τῆς
1206 4218 1314 4275 σογγοιρ
1314 4192 1399 4266 ήσεως
1421 4190 1556 4269 ἔλθοιμεν·
1570 4188 1669 4264 ἴδοιμεν
1681 4192 1740 4258 πῶς
1753 4192 1799 4249 αύ-

250 4294 372 4362 gaverat,
397 4279 457 4339 haee
480 4279 569 4339 omnia
588 4279 787 4340 inuniversum
801 4280 898 4340 effudit
921 4303 971 4364 per
1024 4286 1068 4346 τόν
1085 4289 1186 4368 ἀρῆκι,
1209 4285 1255 4347 καί
1276 4286 1355 4345 πόθεν
1377 4283 1421 4344 ἐπὶ
1441 4288 1518 4342 τοῦτο
1540 4272 1618 4354 Ιιίλθιν
1633 4283 1647 4339 θ
1661 4279 1799 4354 δεσπότης.

127 4401 189 4460 nup
191 4374 331 4446 nsquam,
345 4394 427 4451 quam
448 4372 477 4431 in
490 4371 648 4453 proximum
661 4373 792 4432 exercuit.
803 4372 879 4433 Sed'
868 4376 972 4455 Jamad
1024 4377 1236 4459 Σπλαγχνισθείς
1255 4375 1371 4456 θκύριος
1385 4378 1463 4434 αιίτοῦ
1472 4373 1583 4455 ,ρησίη
1559 4372 1727 4434 νάπίλυσιν
1749 4375 1799 4433 αθ·

99 4479 240 4508 ttttttt
195 4466 478 4528 tmodumdonarae
505 4463 591 4526 reniae
613 4464 800 4545 procedamus.
822 4465 972 4530 Videamus
1023 4471 1078 4547 τὸν,
1102 4470 1147 4529 καί
1160 4469 1305 4529 τδδάνειον
1321 4469 1464 4547 ἀρῆκεν’
1435 4469 1516 4546 αυτῷ.
1536 4465 1653 4532 Ἐκεῖνος
1669 4463 1798 4544 μίλλησιν

229 4552 425 4640 qualitatem
418 4557 496 4617 istius
506 4556 683 4634 remissionis,
694 4570 720 4614 et
729 4557 829 4635 quibus
839 4559 920 4619 rebus
935 4559 971 4621 ad
1022 4563 1131 4642 ᾔτησεν,
1142 4552 1215 4629 οὗτος
1223 4557 1392 4641 συγγοίρησιν
1404 4556 1542 4618 ldoxse·‘'
1523 4581 1592 4617 ωστε
1601 4557 1682 4618 πλόον
1692 4547 1799 4636 033qu-

248 4653 276 4712 rd
287 4653 415 4712 dominus
427 4650 560 4710 adductus
569 4649 658 4707 luerit
673 4652 812 4710 Mtserttts
822 4653 903 4712 ιίίιιιε
917 4655 970 4712 do·
1022 4678 1076 4728 σεν,
1099 4652 1193 4713 ἔλαθεν
1207 4654 1313 4720 ἐκεῖνος.
1338 4649 1387 4710 Διὸ
1404 4648 1449 4709 καί
1470 4647 1575 4716 Παῦλός
1591 4668 1672 4728 φησι,
1689 4649 1738 4730 Τῶ
1752 4648 1796 4706 δυ-

166 4782 169 4791 ·
249 4750 356 4817 minus,
383 4745 472 4823 inquit
497 4741 675 4822 evangelista,
698 4744 918 4824 obsolviteum,
941 4761 968 4806 et
1021 4745 1181 4826 ναμένιμ’
1142 4768 1230 4805 παντα
1243 4767 1355 4816 ποιησαι
1367 4744 1434 4824 νπὲρ
1458 4744 1489 4801 ἐκ
1509 4763 1560 4820 περ
1563 4763 1635 4800 ισσου
1618 4730 1686 4798 ὄν
1707 4706 1795 4800 αἰτού-

249 4839 379 4897 debitum
404 4839 523 4895 remisit.
550 4834 602 4894 llle
627 4834 785 4894 dilationem
800 4837 897 4917 petiit,
919 4839 969 4899 iste
984 4851 1003 4899 c
1022 4844 1090 4918 μεθα
1104 4837 1122 4909 ἢ
1135 4844 1253 4950 νορῦμεν.
1270 4835 1384 4896 ουδί
1356 4858 1409 4948 γαρ
1419 4829 1541 4912 ἰσχύεις
1529 4855 1651 4904 εννοησαι
1662 4837 1795 4907 τοσαῦτα,

250 4932 359 4991 reniam
386 4929 524 5004 concessit,
546 4926 613 4988 adeo
629 4928 735 5009 utplus
756 4931 865 5033 ceperit,
884 4952 967 5010 quam
1020 4931 1102 4990 όσα
1091 4930 1186 4996 εκεῖνός
1214 4953 1255 4989 σοι
1278 4925 1491 5009 septemdecem
1511 4924 1609 4983 δοῦναι.
1635 4923 1683 4996 Μὴ
1706 4880 1795 4984 τοίνυί

96 4986 235 5109 msa„
247 5021 400 5105 postularit.
414 5022 586 5103 Quapropter
600 5019 734 5081 Paulus
725 5021 824 5100 inquit,
846 5025 897 5098 Ei,
916 5029 966 5104 qui
1020 5025 1176 5103 αἰσχυνθῇς,
1201 5018 1268 5098 μηδί
1294 5021 1371 5099 ἐρυθρ
1375 5017 1465 5096 ιάσῃς·
1492 5017 1592 5093 μᾶλλον
1615 5013 1643 5075 δί
1668 5014 1795 5096 αἰσγύνου

244 5127 337 5196 potest
346 5135 446 5174 omma
448 5116 558 5195 facere
571 5115 855 5194 superabundantius
873 5135 964 5196 quam
1019 5114 1066 5194 μὲν
1080 5115 1188 5182 ἐπίτυῖς
1207 5112 1397 5193 ἁμαρτήμασι,
1412 5134 1433 5188 μ
1433 5106 1641 5188 ὴάπογίνωσκε
1664 5107 1692 5167 δί
1700 5108 1794 5186 ,μηδί

244 5211 379 5289 petimus,
403 5220 456 5268 aut
478 5210 650 5288 cogitamus
666 5207 732 5267 llon
747 5204 963 5287 enimpotesoo-
1018 5207 1193 5289 ἀρίστασο
1160 5228 1208 5278 της
1230 5207 1327 5284 εὐχῆς,
1344 5202 1415 5263 ἀλλά
1428 5199 1557 5315 πρόσιλθε
1575 5198 1621 5258 καί
1634 5197 1796 5279 ἁμαρτωλὸς

245 5303 331 5384 gitare
353 5313 437 5380 tanta,
451 5314 552 5380 quanta
571 5299 643 5360 ille
634 5299 752 5361 instituit
773 5297 875 5360 donare
897 5299 959 5360 tibi.
1017 5299 1108 5376 uqi
1106 5323 1138 5359 να
1162 5293 1329 5376 καταλλάξης
1358 5319 1404 5356 coa
1431 5294 1475 5354 τὸν
1501 5290 1650 5364 Δεοπύτην,
1675 5289 1720 5349 ἵνα
1739 5290 1793 5372 δῷς
