3764 5992
840 452 1025 507 PRAEFAUO.
1672 458 1709 506 ttt

161 579 200 653 eis
210 580 259 639 rin
278 575 393 639 duim
407 576 549 660 λογισμῦν
562 576 665 659 μάχην.
695 572 761 639 ibe
779 574 971 657 sigismundus
987 575 1119 642 Gelenius
1142 579 1182 641 sic
1202 581 1341 641 transtulit
1355 605 1362 639 ε
1376 582 1447 642 Ideo
1468 582 1547 642 enim
1562 582 1649 642 vobis
1673 587 1707 642 r'a

162 675 319 733 merim
337 673 481 732 revocari
492 671 578 730 iilius
593 674 728 751 temporis
742 669 939 744 calamitates,
953 682 986 728 ut
999 690 1080 732 nunc
1094 685 1123 732 et
1140 676 1192 754 qui
1207 675 1362 756 affligitur
1372 676 1509 734 idoneam
1521 676 1592 734 iade
1604 694 1705 736 conse·

160 778 258 846 putatur⁸
274 763 529 840 consolationem,
536 776 566 822 et
579 766 631 843 qui
647 766 680 821 in
690 763 846 823 securitate
857 765 930 840 agit,
942 766 975 821 in
999 768 1089 825 vicem
1107 766 1228 826 illarum
1245 767 1497 853 corpiictationum
1511 787 1581 826 acre
1597 779 1705 828 contra

159 856 290 917 absurdas
304 859 507 937 cogitationes
521 867 670 919 certamen
683 854 834 931 suscipiat.
853 845 930 912 (iente
940 867 1074 937 postrema
1087 879 1150 939 pars
1160 857 1265 940 periodi
1276 859 1389 919 obscure
1399 859 1568 936 transfertur,
1579 879 1628 918 uec
1638 858 1704 918 sutis
1835 856 1842 871 '

160 963 210 1032 epte
226 948 349 1008 sudoris
362 961 485 1008 mentem
497 947 645 1031 exprimit3
668 947 708 1006 sic
721 944 813 1025 itaque
824 945 986 1006 vertendum
998 947 1124 1009 existimo
1138 973 1144 1006 ε
1157 952 1199 1010 Et
1214 954 1266 1031 qui
1284 955 1317 1009 in
1329 971 1438 1032 magna
1451 953 1609 1011 securitate
1626 953 1700 1030 agit,

160 1053 244 1122 utpote
258 1061 322 1100 non
340 1044 527 1101 exeruitatus
548 1044 581 1098 in
594 1038 763 1121 eujusmodi
772 1037 925 1116 periculis,
943 1039 1069 1100 multam
1084 1045 1225 1121 suscipiat
1243 1042 1431 1102 alacritatem
1448 1043 1490 1102 ad
1507 1041 1702 1122 pugnandum

160 1148 249 1194 costra
261 1135 418 1194 absurdas
431 1135 634 1215 cogitationes.

191 1226 307 1287 ttuussia
316 1224 355 1284 de
363 1238 447 1307 ospto
456 1222 591 1306 Eutropio
601 1245 629 1305 p.
639 1222 708 1299 386,
717 1221 758 1283 sic
766 1220 865 1303 incipit
874 1243 882 1278 r
891 1219 974 1291 ‘itote
987 1222 1035 1302 pin
1045 1222 1145 1302 λιιμὼν
1155 1224 1202 1284 καὶ
1215 1224 1383 1307 παράδεισος,
1393 1224 1461 1286 πολὺ
1474 1223 1502 1286 δὲ
1515 1223 1639 1304 ἡδύτᾳρον
1647 1227 1700 1285 τῶν

161 1319 222 1378 tto·
231 1321 353 1400 Γραφὸν
367 1323 386 1389 ἡ
398 1316 549 1398 ἀνάγνωσις
563 1316 677 1376 :Saaoe
686 1327 816 1395 pratum,
830 1317 931 1375 suavis
942 1327 985 1375 cst
994 1318 1110 1388 hortus,
1123 1326 1156 1375 at
1167 1316 1252 1397 longe
1262 1321 1384 1379 suavior
1393 1318 1563 1376 divinarum
1573 1315 1702 1395 Scriptu-

161 1433 246 1471 rarum
260 1412 364 1473 lectio.
379 1409 428 1470 Ex
438 1423 556 1491 quatuor
567 1421 659 1468 antem
670 1407 770 1486 quibus
781 1406 825 1468 usi
835 1426 933 1467 sumus
943 1407 1136 1488 manuscriptis
1146 1408 1296 1486 codicibus,
1308 1423 1362 1472 tres
1371 1408 1472 1468 hahent
1483 1428 1546 1468 cum
1557 1407 1701 1467 Frontonis

162 1499 239 1560 Dnoei
249 1499 339 1561 Edito
349 1498 419 1573 tete
433 1498 493 1576 pis,
507 1518 579 1558 unus
590 1511 681 1558 autem
691 1519 754 1557 cum
764 1497 851 1558 Suril.
865 1497 915 1570 ἡδὺ
929 1496 986 1575 μέν.
999 1498 1104 1557 Verum
1115 1495 1178 1556 lieet
1187 1496 1263 1576 prior
1274 1497 1362 1575 lectio,
1374 1519 1434 1576 quoe
1450 1497 1478 1556 in
1489 1495 1617 1579 pluribus
1629 1497 1698 1556 Mss.

160 1593 238 1666 iertur,
257 1605 413 1670 utcumque
432 1590 498 1650 ferri
510 1611 591 1671 posse
602 1589 740 1666 videatur,
760 1589 854 1648 malim
868 1602 958 1648 minen
970 1587 1020 1663 ἡδύ
1033 1609 1097 1647 eum
1110 1588 1213 1650 Savilio
1226 1588 1323 1671 legere,
1345 1604 1372 1650 ct
1383 1589 1454 1649 hanc
1467 1589 1609 1648 lectionem
1622 1586 1701 1649 citeri

159 1682 366 1744 substituendam
379 1703 440 1742 esse
452 1680 565 1742 omuino
578 1680 673 1741 suadet
685 1681 811 1762 ήδύτιρον
826 1700 893 1740 mox
905 1701 1026 1760 sequens,

190 1776 296 1835 idoneoe
306 1795 344 1834 uc
360 1773 467 1855 pigent,
482 1773 548 1852 quia
562 1771 693 1833 diuturno
702 1793 753 1831 usu
764 1770 944 1853 comperimus
953 1773 982 1832 in
992 1773 1129 1833 ueteribus
1137 1775 1205 1833 Mss.
1215 1772 1299 1834 Δαυίδ
1310 1773 1349 1834 sic
1357 1794 1407 1855 per
1416 1799 1431 1833 υ
1441 1772 1537 1845 scribi,
1550 1791 1702 1850 numquam

160 1888 210 1926 ruo
231 1867 329 1940 ueste,
344 1887 396 1926 nos
407 1887 519 1946 semper
528 1865 557 1924 in
568 1864 621 1925 bae
633 1864 759 1925 Editione
770 1864 855 1925 Δαυίδ
865 1864 991 1926 scribere.
1011 1864 1088 1924 Licet
1098 1864 1170 1924 enim
1181 1864 1283 1924 soleant
1294 1865 1400 1925 librarii
1416 1865 1506 1926 Graeei
1523 1884 1620 1928 vocem
1632 1862 1703 1925 benc

161 1959 190 2018 sie
205 1962 260 2020 Δαδ
272 1960 372 2019 efferre
384 1958 497 2018 omissis
519 1957 608 2017 literis
627 1956 735 2017 duabus
748 1981 756 2015 r
767 1971 797 2017 at
808 1956 917 2037 quando
929 1979 1025 2018 vocem
1044 1958 1176 2038 integrum
1197 1956 1353 2018 describunt
1366 1957 1395 2017 in
1407 1955 1553 2017 (lodicibus
1568 1954 1702 2033 nntianis,

162 2072 249 2133 suuper
259 2052 348 2112 Δαυίδ
360 2051 494 2111 efferunt.
508 2052 574 2110 Mos
586 2063 677 2109 utitem
690 2048 810 2109 obtinuit
821 2062 852 2108 ut
864 2047 892 2108 in
909 2049 1018 2112 Veteris
1031 2048 1198 2111 Testamenti
1209 2048 1301 2109 Editis
1311 2048 1415 2110 Graecis
1429 2070 1531 2130 sempor
1549 2047 1651 2123 deuii,
1672 2045 1701 2106 iu

162 2142 217 2203 Nori
231 2143 319 2204 datto
331 2156 471 2229 perpetuo
485 2140 636 2207 scribatur.
653 2140 707 2204 Sed
720 2142 805 2212 danii
818 2162 923 2224 semper
936 2142 1059 2203 scribunt
1072 2155 1175 2202 veteres
1191 2138 1289 2205 Greci.
