3764 5992
577 445 611 491 tte
638 443 767 491 fluctant
794 442 836 489 λίΤ
862 442 1009 493 vrnuttt.
1492 429 1563 527 599
1674 473 1678 477 .

144 590 184 641 τε,
193 568 253 628 ἀλλ’
265 564 436 646 ύμωςποίντα
448 570 536 628 ίκεῖνα
547 566 705 647 διίκοίνικαὶ
715 571 794 646 brep-
845 578 958 644 cantur,
972 588 1005 627 tc
1017 568 1182 629 famulorum
1195 588 1289 650 greges
1302 590 1350 652 per
1362 571 1453 631 forum
1464 575 1559 633 gradu.
1568 590 1705 633 ,mm

144 681 194 719 mu
207 658 249 718 δί.
265 657 422 739 Ἀλλύφυλος
437 648 485 730 ἦν·
500 657 528 717 ίν
541 664 619 717 τοῦτο
633 658 664 717 τδ
673 657 794 734 κώλυμα.
845 671 922 716 cunt:
934 660 1113 741 velpotiuset
1122 661 1269 742 locupletes
1278 651 1678 757 etpaupereoaudiantfflm'

145 774 153 789 ·
169 750 288 831 δεύτερον
298 748 503 829 κώλυμα.,οθδὲ
514 748 565 830 γάρ
578 749 634 812 ίσον
648 748 795 829 ἀλλόφυλον
809 761 827 807 n
846 768 938 807 omnes
953 772 960 806 r
975 750 1046 810 nulli
1056 750 1129 811 enim
1138 765 1200 834 post
1211 752 1325 814 viduam
1336 756 1416 814 istam
1424 756 1564 817 excusatio

144 846 211 915 λῶς,
224 842 409 904 καὶΣιδιύνιον
422 849 471 915 τῆς
480 841 663 925 πονηρατάτης
679 842 794 908 πόλεως·
829 902 833 909 ,
846 840 1021 920 relinquetur.
1033 843 1105 902 Tam
1116 843 1210 903 multis
1220 844 1268 903 illa
1276 845 1477 925 impedimentis
1487 848 1568 908 intri-

144 934 245 1015 ὀχατσν
255 936 352 1003 κακίας
362 936 527 1014 ὑπόδειγμα,
549 935 597 1008 τὴν
607 934 684 994 πολιν
695 933 796 1004 ἐκείνην
846 944 905 991 cata
917 947 984 1008 erat,
993 933 1041 994 sed
1051 935 1100 994 illa
1110 949 1196 995 tamen
1208 936 1353 1017 interrupit
1360 951 1388 997 et
1394 938 1566 1000 transcendit.

144 1027 294 1105 ύαγγτλίοις
307 1028 462 1110 παρήγαγεν
473 1033 488 1087 ὁ
501 1027 624 1109 Χριστός.
639 1016 693 1085 Ἦν
713 1026 797 1085 τοίνυν
847 1022 922 1082 Audi
932 1044 1008 1084 vero.
1017 1024 1175 1105 Alienigena
1186 1041 1260 1086 erat:
1276 1049 1362 1087 unum
1370 1043 1409 1088 est
1419 1028 1472 1088 boc
1481 1030 1567 1111 impe·

144 1116 245 1198 ίφυλος,
258 1118 305 1178 καί
323 1117 458 1192 Σιδωνία,
474 1118 520 1177 καί
538 1116 621 1194 γυνὴ,
640 1117 672 1178 τδ
692 1116 798 1184 ἀσθενὲς
846 1113 1008 1177 dimentum.
1022 1116 1137 1177 Sidonia
1143 1141 1152 1194 ς
1167 1119 1318 1179 secundum
1333 1120 1566 1201 impedimentum.

144 1208 162 1267 ιί
176 1207 304 1267 πάντοθεν
315 1207 437 1284 δεόμενον
446 1209 495 1276 τῆς
507 1205 679 1286 ἀντιλήψεως.
688 1207 796 1281 Προσῆν
848 1207 907 1265 Non
930 1207 1002 1266 enim
1024 1229 1076 1288 par
1099 1222 1138 1268 est
1163 1208 1302 1284 conditio,
1316 1211 1339 1271 si
1360 1211 1510 1293 alienigena
1531 1214 1569 1275 sis

145 1298 202 1373 ιία,
227 1297 353 1380 τίταρτον
380 1298 511 1376 κώλυμα·
534 1296 670 1375 πέμπτον,
692 1297 797 1357 ἐκείνων
848 1297 947 1374 quovis
963 1312 1058 1378 pacto,
1073 1302 1136 1359 etsi
1150 1322 1185 1360 ex
1198 1301 1300 1362 Sidone
1313 1302 1445 1364 oriundus
1465 1306 1568 1387 impro-

144 1415 149 1445 ι
165 1393 264 1469 μεῖζον,
285 1390 473 1471 παιδοτροφίας
492 1389 640 1467 ἐπιμέλεια.
656 1388 798 1449 Ἀκουίτω-
847 1386 959 1448 bissima
971 1389 1099 1450 civitate:
1111 1405 1249 1471 tamquam
1262 1393 1333 1453 enirn
1344 1397 1567 1479 summaeimpro·
1575 1406 1662 1455 uarro.
1680 1415 1718 1449 ιι.

144 1486 206 1565 ῆροιι
219 1482 268 1542 καὶ
279 1483 377 1548 παῖδας
390 1481 550 1563 τρέφουσαι,
564 1487 600 1548 ὼς
613 1483 660 1541 οὐκ
674 1473 707 1553 ἦν
720 1480 797 1552 ἱκανὴ
849 1479 943 1539 bitatis
956 1481 1114 1560 exemplum
1129 1482 1158 1541 in
1173 1484 1321 1563 evangeliis
1335 1485 1412 1544 illam
1426 1487 1522 1547 urbem
1538 1489 1568 1548 in
1577 1480 1617 1512 ²¹·
1630 1480 1669 1513 ²²·

144 1572 234 1646 ςαύτη
249 1574 316 1654 πρὸς
328 1574 360 1633 rb
380 1573 417 1650 μὴ
428 1581 513 1632 ποιεῖν
528 1571 720 1648 ἐλεημοσύνην,
731 1570 799 1650 μηδὲ
851 1570 971 1629 medium
982 1571 1107 1632 Christus
1118 1572 1244 1633 adduxit.
1258 1574 1325 1634 Erat
1336 1574 1421 1654 igitur
1435 1590 1461 1636 et
1474 1577 1569 1639 alieni·

144 1670 200 1727 ιθιιι
222 1664 327 1734 ξίνους·
341 1665 387 1725 καί
408 1663 471 1744 δρίιξ
493 1664 603 1745 ἀλεύρου
626 1662 800 1723 ὑπελέλειπτο
851 1681 933 1739 gena,
945 1675 972 1721 et
991 1661 1121 1737 Sidonia,
1134 1677 1161 1723 et
1186 1665 1302 1743 mulier,
1316 1685 1399 1726 sexus
1420 1667 1567 1741 infirmus,

144 1756 243 1835 ἀμπ’
259 1757 362 1829 ίκοίνην
372 1757 482 1824 θάνατος
495 1756 682 1836 προσεδοκᾶτο.
696 1752 738 1817 Σίι
751 1754 799 1831 μὲν
814 1759 833 1806 C
851 1766 876 1811 et
893 1755 967 1812 omni
985 1775 1020 1814 ex
1034 1768 1111 1834 parte
1123 1754 1246 1814 subsidio
1264 1755 1400 1835 indigens.
1418 1759 1571 1821 Accedebat

146 1847 255 1909 hm
268 1847 386 1928 κινούσης
401 1847 435 1908 τά
446 1847 589 1928 χρήματα,
599 1846 648 1906 κᾶν
660 1845 801 1925 γυμνώσῃς
852 1843 982 1921 viduitas,
993 1859 1120 1924 quartum
1127 1847 1368 1927 impedimentum:
1378 1850 1504 1928 quintum
1513 1851 1570 1913 illia

144 1938 241 2007 melae
252 1940 362 2012 σαυτὸν,
381 1938 489 2000 δύνασαι
503 1937 569 2016 πρὸς
587 1937 634 2004 τίς
649 1936 745 2018 ἑτέρων
758 1936 802 1996 θύ-
852 1936 979 1996 omnibus
989 1937 1087 2017 majus,
1100 1937 1259 1998 alendorum
1272 1960 1337 1999 cora
1349 1940 1570 2004 liberorumne·

144 2033 217 2092 ttetv
238 2031 288 2091 atel
307 2038 397 2111 τυχεῖν
416 2028 601 2110 παραμυθίας·
616 2027 676 2088 τότε
695 2027 722 2089 δὲ
743 2027 802 2088 οὐδὲ
853 2025 930 2086 diant
943 2026 1049 2103 viduae,
1064 2049 1098 2087 ac
1111 2028 1258 2089 liberorum
1272 2031 1407 2109 nutrices,
1420 2053 1473 2093 non
1486 2033 1571 2095 fuisse

165 2124 279 2184 δυνατὸν
301 2114 345 2196 ἧν,
368 2121 449 2189 ούτως
473 2122 592 2189 ἅπαντας
614 2118 674 2189 τοὺς
694 2120 803 2199 λιμίνοις
854 2117 982 2177 idoneam
995 2133 1022 2178 et
1034 2118 1187 2197 legitimam
1202 2120 1279 2180 illam
1294 2122 1504 2197 excusationem,
1518 2147 1573 2204 quo

144 2220 159 2275 θ
173 2213 264 2294 λιμός.
276 2214 348 2275 Ἀλλ’
359 2213 432 2275 οὐδὲν
451 2211 552 2272 τούτων
572 2210 710 2271 ἐκώλυσεν.
725 2212 804 2272 Εἴπω
854 2209 945 2269 minus
959 2210 1109 2290 impertiret
1120 2211 1329 2293 eleemosynam,
1338 2213 1383 2273 vel
1395 2213 1515 2296 hospites
1524 2235 1572 2276 ex-

144 2329 204 2387 ιμσι
218 2306 349 2385 κώλυμα,
367 2307 443 2366 αὐτὸν
457 2306 502 2365 τδν
516 2305 645 2383 μέλλοντα
659 2303 802 2373 ἐπιξενίζε-
854 2303 956 2382 ciperet
966 2325 972 2359 ι
984 2315 1010 2360 et
1023 2302 1145 2383 pugillus
1158 2302 1252 2362 farine
1263 2304 1383 2382 reliquus
1392 2319 1572 2384 erattantum,

144 2399 262 2481 γυναικί
273 2398 409 2480 οὐδὲγὰρ
422 2401 529 2470 οίκιῑος,
549 2397 608 2456 οὐδὲ
618 2396 750 2477 γνώριμος
760 2388 803 2473 ἦν,
854 2414 886 2452 ac
897 2406 958 2474 post
973 2393 1053 2452 illum
1067 2414 1140 2452 mors
1153 2394 1367 2474 exspectabatur.
1382 2397 1452 2455 Nam
1464 2409 1494 2455 tu
1506 2398 1575 2475 qui-

144 2513 184 2560 ιος
202 2490 252 2551 καί
274 2490 426 2572 ἀλλότριος,
449 2489 495 2548 καί
508 2491 568 2548 κατ’
582 2488 660 2547 αὐτὸν
669 2491 718 2557 τῆς
732 2489 803 2548 edor-
856 2483 919 2544 dem
930 2485 995 2544 licet
1004 2506 1096 2545 omnes
1104 2486 1232 2567 pecunias
1245 2485 1409 2566 profuderis,
1418 2486 1481 2546 licet
1491 2488 1574 2548 facul·

144 2606 188 2663 γον
207 2581 409 2664 κεχωρισμένος
422 2582 512 2653 αὐτῆς.
527 2580 568 2639 Οὐ
587 2579 665 2656 μόνον
683 2576 710 2638 δὲ
733 2579 803 2648 ξένος
854 2576 958 2635 tatibus
975 2576 1094 2657 teipsum
1114 2575 1285 2655 spoliaveris,
1306 2591 1380 2657 potes
1399 2576 1436 2636 ad
1457 2578 1574 2639 aliorum

144 2674 236 2756 ίτριος,
251 2673 325 2735 ἀλλὰ
344 2674 389 2733 καί
414 2672 490 2740 αιἐτδς
510 2661 544 2743 ἧν
558 2673 572 2729 θ
585 2669 630 2730 τδν
647 2669 725 2747 λιμὸν
738 2673 801 2730 ἐπα·
852 2669 923 2728 fores
943 2687 1071 2748 pergere,
1087 2680 1170 2746 atque
1194 2668 1258 2728 inde
1277 2669 1406 2728 solatium
1428 2670 1572 2731 obtinere:

853 2773 914 2819 tum
929 2779 993 2820 vero
1016 2778 1102 2836 neque
1122 2757 1275 2819 mendicare
1293 2760 1407 2838 licebat,
1421 2761 1460 2821 ita
1477 2775 1578 2843 portus

854 2871 946 2910 omnes
963 2850 1049 2909 fames
1071 2849 1255 2909 obstruxerat.
1271 2850 1349 2911 Nihil
1366 2865 1454 2912 minen
1473 2853 1573 2914 bonmr

854 2940 1006 3022 probibuit.
1024 2939 1122 2999 Dicam
1135 2953 1161 2998 ct
1173 2939 1321 3021 septimum
1334 2941 1573 3022 impedimentum,

855 3032 945 3114 ipsum
957 3032 1087 3093 nimirum
1097 3077 1105 3107 ,
1115 3053 1199 3111 quem
1212 3032 1312 3092 mulier
1327 3033 1445 3114 bospitio
1458 3035 1510 3096 fuit
1521 3056 1573 3096 ex·

854 3136 974 3204 ceptura.
998 3124 1069 3184 Nam
1091 3143 1178 3202 neque
1200 3123 1358 3201 familiaris,
1380 3145 1467 3204 neque
1494 3141 1575 3188 notus

854 3227 921 3290 crat,
930 3214 1144 3296 sedperegrinus
1154 3228 1181 3273 et
1191 3215 1308 3293 alienus,
1323 3229 1349 3274 et
1363 3215 1423 3296 ipso
1436 3217 1574 3298 religionis

854 3305 889 3365 ab
900 3305 948 3365 illa
960 3320 1036 3386 septo
1045 3318 1195 3385 separatus.
1204 3307 1298 3384 Neque
1307 3325 1372 3366 vero
1381 3321 1487 3367 tantum
1498 3331 1574 3389 pere-

855 3398 960 3478 grinus,
972 3412 999 3458 et
1011 3410 1128 3472 exterus,
1138 3395 1185 3456 sed
1198 3396 1245 3455 ille
1259 3397 1318 3477 ipse
1332 3412 1400 3475 erat,
1412 3399 1460 3477 qui
1475 3400 1574 3461 famem

855 3490 1011 3551 induxerat.

144 3583 223 3645 οθδίν
247 3582 348 3643 τούτων
370 3581 503 3663 ἀπέτρεψε
524 3579 574 3652 τὴν
595 3589 722 3659 γυναῖκα,
744 3580 838 3639 ἀλλἸ)
894 3585 924 3641 9.
940 3581 1018 3641 Nihil
1033 3594 1121 3640 tamen
1141 3580 1239 3640 borum
1255 3582 1384 3641 feminam
1399 3583 1575 3660 avertissed

144 3675 228 3757 ροφλν
242 3674 357 3752 στόματι
371 3676 410 3751 τῷΙ
424 3683 512 3732 πᾶσαν
526 3673 606 3743 αὐτῆς
621 3670 804 3742 δοιπανήσαντι
855 3674 897 3733 ori
906 3672 1000 3733 cibum
1013 3672 1178 3753 porrigebat,
1191 3671 1265 3751 quod
1278 3694 1370 3732 omnes
1381 3673 1422 3732 illi
1437 3673 1513 3733 cibos
1524 3675 1574 3734 ab·

144 3766 198 3841 ιλν,
211 3765 261 3826 καὶ
281 3766 327 3824 τδν
346 3764 489 3826 αἴτιοντοῦ
503 3767 583 3841 λιμοῦ
598 3770 653 3830 τοῖς
672 3761 804 3842 λειψάνοις
855 3777 999 3839 sumserat,
1014 3778 1041 3822 et
1055 3763 1132 3822 famis
1147 3776 1283 3823 auctorem
1296 3763 1375 3823 famis
1389 3765 1510 3843 reliquiis
1523 3787 1575 3825 nu·

144 3864 181 3919 οΰ
190 3861 283 3936 λιμοῦ.
294 3855 347 3917 Διά
360 3857 406 3932 σί,
422 3857 544 3936 φησὶν,ἡ
559 3855 651 3914 ἅπασά
668 3877 714 3932 μοι
723 3877 803 3934 περι·
856 3858 964 3918 triebat.
978 3859 1093 3936 Propter
1100 3869 1137 3934 te,
1147 3855 1245 3934 inquit,
1254 3856 1395 3916 facultates
1405 3878 1498 3918 omnes
1508 3879 1574 3919 mee

144 3950 217 4023 ςσὴν
234 3949 322 4030 δράκα
335 3948 461 4029 περιέστη
475 3946 590 4019 ταύτην·
605 3948 663 4007 ἀλλ’
675 3946 733 4006 οὐδὲ
756 3951 803 4018 τῆς
857 3950 893 4010 ad
906 3950 981 4008 bunc
989 3947 1127 4029 pugillum
1138 3946 1252 4007 redactae
1265 3961 1328 4007 sunt
1340 3947 1398 4008 :sed
1410 3969 1458 4009 nec
1466 3948 1512 4009 isti
1523 3970 1574 4030 pu·
1689 3936 1691 3940 Ι

144 4041 238 4114 ruitae
248 4041 372 4122 φείδομαι
390 4039 433 4098 διὰ
459 4038 504 4113 σί,
526 4036 596 4098 ἀλλά
622 4039 668 4097 καί
685 4036 804 4116 ἐμαυτὴν
857 4042 924 4122 gillo
936 4053 983 4099 tua
999 4059 1080 4098 causa
1093 4059 1211 4118 parcam,
1226 4059 1323 4099 rerum
1337 4052 1363 4098 et
1376 4061 1419 4101 mc
1431 4054 1458 4099 et
1474 4040 1574 4102 liberos

144 4133 225 4196 ιιιδία
236 4130 361 4194 ἐπιδώσω
374 4131 493 4211 θανάτῳ,
507 4128 551 4189 ἵνα
562 4129 594 4190 σὺ
606 4176 614 4204 ,
628 4131 719 4212 φησὶν,
731 4136 745 4190 ὁ
755 4134 805 4201 τῆς
858 4154 930 4193 meos
944 4130 1071 4211 objiciam
1083 4129 1213 4204 morti,ut
1227 4143 1266 4203 tu,
1274 4129 1371 4210 inquit,
1386 4130 1470 4212 hujus
1480 4146 1575 4192 auctor

144 4224 205 4308 ρίας
216 4223 299 4290 αίτιος
307 4269 315 4296 ,
324 4222 391 4302 μηδὲ
402 4221 500 4301 μικρὰν
512 4227 560 4293 τῆς
575 4220 751 4302 στενοχωρίας
763 4222 805 4281 el·
858 4222 1061 4286 necessitatisne
1068 4220 1211 4280 minimum
1221 4221 1331 4301 quidem
1341 4224 1503 4282 necessitatis
1514 4245 1576 4285 sen·

144 4314 230 4397 ὕάης.
243 4314 331 4374 Ποίαν
341 4312 538 4392 τιςύπερύολὴν
547 4313 692 4384 ἐπινοήσειε
704 4312 806 4392 φιλοξε·
858 4337 919 4376 sum
932 4313 1033 4395 capias.
1046 4311 1098 4371 Cui
1109 4312 1199 4392 potuit
1210 4333 1342 4391 umquam
1355 4314 1443 4392 majus
1453 4313 1575 4395 hospita-

144 4408 212 4491 ’ριινς
227 4410 290 4468 Οὐκ
303 4407 375 4466 ἔστιν
387 4405 511 4484 οὐδεμίαν
524 4409 619 4488 εὑρεῖν.
643 4396 707 4465 Ele
721 4403 804 4475 ξίνον,
823 4409 842 4456 Β
858 4406 943 4466 litatis
953 4402 1074 4464 studium
1083 4403 1113 4462 in
1124 4416 1240 4463 mentem
1249 4403 1486 4464 venirei'Nullum
1494 4405 1576 4486 plane

155 4498 260 4583 φύσεως
282 4497 377 4566 motae
400 4498 558 4571 ἐπελάθετο,
571 4497 617 4556 καί
639 4496 686 4565 τὰς
710 4498 811 4564 ὠδῖνας
858 4497 951 4558 licebit
973 4494 1100 4577 reperire.
1115 4493 1196 4554 Vidit
1219 4496 1447 4574 peregrinum,et
1472 4511 1574 4558 naturae

147 4591 225 4667 ,καί
237 4590 304 4670 πρδς
321 4589 366 4649 τδν
378 4591 432 4649 τῶν
445 4588 549 4649 παίδων
565 4588 699 4668 βλέπουσα
712 4589 803 4668 χορὸν,
859 4587 999 4651 confestim
1011 4587 1097 4646 oblita
1107 4598 1158 4659 est,
1170 4585 1278 4645 dolores
1288 4601 1383 4666 partus
1393 4587 1538 4666 ignoravit,
1548 4604 1575 4650 et

144 4682 258 4754 ὑάσθη.
271 4683 326 4743 Καί
339 4672 398 4742 οἶδα
417 4681 465 4760 μὲν
480 4680 596 4750 ἀκούσας
616 4679 745 4749 πολλάκις
756 4684 804 4740 λε-
860 4682 945 4745 oeulis
959 4680 994 4740 ad
1008 4680 1128 4739 filiorum
1139 4679 1248 4737 turbam
1259 4679 1395 4739 conversis
1410 4680 1501 4740 animo
1521 4682 1575 4742 fra·

144 4775 259 4846 ιαλλῖον,
272 4772 313 4832 ὅτι
332 4778 347 4833 θ
363 4775 435 4833 δεῖνα
454 4772 560 4852 πτωχὸν
573 4770 647 4845 ἰδὼν,
660 4773 703 4832 τὸν
724 4795 806 4853 χιτω-
862 4789 904 4834 cta
914 4794 967 4833 nnn
979 4784 1029 4832 est.
1037 4775 1077 4829 Ac
1087 4791 1131 4828 me
1143 4769 1254 4847 quidem
1268 4770 1323 4829 scio
1336 4770 1487 4850 frequenter
1497 4773 1576 4832 audi·

144 4864 373 4946 θεοτεριεύίύλητο
384 4863 473 4942 μόνον,
483 4870 576 4925 τοῦτον
592 4863 805 4940 ἀποδυσάμενος,
861 4867 913 4927 isse
935 4864 1034 4923 multos
1051 4862 1098 4940 qui
1121 4860 1321 4922 dicerent:llle
1344 4882 1407 4922 cum
1429 4886 1576 4945 pauperem

144 4958 191 5021 πθι
208 4956 378 5036 nepotatio,
393 4955 470 5024 αὐτὸς
488 4954 517 5016 δὲ
537 4958 601 5035 παρ’
617 4955 707 5034 ἑτέρου
721 4957 807 5015 δανει·
862 4955 1061 5038 conspexisset,
1075 4953 1215 5027 tunicam,
1230 4975 1283 5032 qua
1300 4955 1356 5014 sola
1376 4970 1433 5015 erat
1447 4956 1576 5034 indutus,

144 5074 148 5117 ς
159 5047 280 5129 ἱμάτιον,
288 5046 488 5118 ούιωςάπῆλθε
497 5071 504 5084 ·
514 5047 560 5105 καί
577 5045 723 5126 μέγαίδοξτ
731 5053 808 5106 τοῦτο
862 5069 963 5108 exuens
974 5045 1079 5105 nudum
1092 5043 1201 5105 vestivit
1211 5067 1220 5120 3
1231 5044 1288 5124 ipsc
1299 5067 1440 5119 recemum
1455 5062 1577 5109 mutuam

144 5142 165 5203 tl
183 5139 347 5220 θωυμαστόν.
371 5139 425 5200 Καὶ
439 5135 490 5219 γδιρ
501 5139 582 5206 ὄντως
602 5139 659 5197 ἐστὶ
676 5138 761 5217 μέγα·
777 5140 808 5199 τὸ
862 5139 898 5200 ab
910 5140 994 5198 altero
1012 5151 1111 5197 vestem
1126 5137 1273 5211 sumsisset,
1286 5137 1386 5198 deinde
1398 5139 1521 5200 discessit
1534 5165 1540 5197 :
1553 5157 1580 5202 et

147 5232 238 5316 χήρας
249 5231 349 5306 ταύτης
368 5229 435 5292 πολύ
455 5228 547 5291 τούτου
571 5233 667 5308 μεῖζον.
692 5231 809 5298 Ἐκεῖνος
863 5233 916 5292 boc
930 5251 1057 5310 magnum
1068 5227 1137 5309 qnid
1150 5243 1174 5287 et
1189 5229 1314 5290 mirabile
1326 5231 1416 5291 risum
1426 5246 1474 5292 est.
1489 5233 1579 5312 Siqui-
