3810 6000
371 461 418 510 nr
442 460 607 518 rennuere
633 461 842 513 nurnnnnus.
869 461 913 513 rr
937 464 982 512 nr
1007 464 1137 533 nonar.
1167 465 1339 516 rouruuu.
1368 467 1417 514 ιιι.
1605 441 1671 535 ιήὸ

161 587 265 660 piisimi
283 583 371 645 δέεται
389 586 553 666 προοιμίων,
564 590 593 647 οὐ
608 588 692 648 δεῖται
715 592 899 661 κατασκευῆς,
955 603 993 647 est
1011 589 1129 670 negotii,
1143 611 1224 668 quam
1244 603 1274 648 ut
1293 608 1397 668 sempor·
1415 588 1564 670 Scripturis
1583 604 1671 668 vacet,

161 675 315 744 σλλίῖκαίσας
336 676 431 744 εέιθέως
450 684 497 736 τοῦ
519 676 655 758 λέγοντος,
673 677 780 760 δέχεται
791 685 844 739 τῶν
856 683 900 739 λε·
954 699 1007 738 non
1025 692 1084 758 eget
1101 679 1248 760 prooemiis,
1262 699 1315 737 non
1331 678 1584 759 apparatu:statim
1598 679 1671 739 enim

159 767 306 844 γγωίιωντήν
320 769 450 827 διάνοιαν·
472 769 608 849 ἅνθρωπος
630 769 657 829 δέ
683 771 727 830 τὸν
751 770 798 850 μέν
816 772 900 831 πλείω
953 769 1047 829 audito
1067 770 1192 847 doctore,
1207 770 1342 829 dictorum
1368 791 1474 830 sensum
1492 770 1627 851 percipit:
1647 773 1671 830 is

157 859 228 939 χρόνον
241 860 379 939 πράγμασι
395 863 528 939 βιωτικοῖς
539 860 757 940 προσδεδεμένας,
771 863 857 941 ὀλίγον
872 863 900 921 δέ
953 882 1018 922 vero
1029 862 1075 940 qui
1085 861 1205 921 maxima
1215 861 1342 941 temporis
1351 876 1428 941 parte
1437 860 1611 921 saeerdarihus
1624 883 1670 922 ue·

156 951 189 1007 rui
205 950 283 1029 βραχὺ
309 954 422 1010 ἐνταῦθα
442 951 669 1030 παραγενόμενος,
694 951 724 1009 δν
747 952 784 1030 μὴ
809 977 900 1034 προοι-
953 953 1034 1030 gotiis
1046 952 1172 1012 addictus
1192 966 1284 1026 est,·et
1300 952 1387 1011 rarius
1400 952 1531 1030 brevique
1551 966 1670 1034 ternpore

156 1041 205 1118 μίαν
216 1040 309 1120 droise]
324 1042 371 1101 καί
384 1045 552 1112 κατασκευῆς
562 1041 695 1113 πλείονος,
709 1043 754 1101 καί
766 1044 900 1124 πανταχό·
952 1042 999 1102 hic
1011 1058 1156 1124 comparet,
1173 1044 1224 1103 nisi
1245 1043 1372 1123 prooemia
1390 1044 1571 1122 majoremque
1584 1066 1670 1125 appa-

155 1137 185 1190 θεν
202 1131 238 1210 ίδη
256 1133 496 1212 προοδοποιηθέντα
507 1135 578 1212 αὐτῷ
592 1133 636 1191 τὸν
647 1132 735 1214 λόγον,
751 1133 823 1194 οὐδέν
836 1159 899 1215 κερ-
952 1150 1042 1195 ratum
1054 1136 1158 1212 audiat,
1171 1158 1231 1214 quae
1244 1155 1392 1194 sermonem
1404 1155 1508 1213 semper
1519 1135 1670 1214 praecedant

154 1223 370 1304 θάνιςάπόρχεται.
380 1226 421 1284 Οὐ
435 1221 554 1283 τοῦτοδὲ
569 1225 647 1302 μόνον
657 1230 722 1302 ἡμῖν
737 1228 807 1284 ἐστιν
816 1226 898 1287 αίτιον
916 1241 935 1290 c
952 1232 978 1286 ei
992 1226 1045 1307 ipsi
1058 1227 1128 1285 vianr
1141 1241 1245 1308 parent,
1254 1226 1353 1304 absque
1363 1225 1438 1285 lucro
1447 1225 1669 1305 disoedit.Neque

152 1321 185 1372 τοῦ
196 1315 287 1392 μήκους
296 1319 351 1374 τῶν
363 1315 523 1397 προοιμίων,
533 1315 601 1376 ἀλλὰ
612 1315 657 1375 καί
669 1317 755 1396 ίτερον
763 1321 811 1377 οὐκ
823 1317 899 1377 ἔλατ·
951 1317 1066 1377 ίιεοειιιιιι
1074 1305 1151 1379 nohis
1166 1316 1457 1398 causaestprolixitatis
1464 1317 1667 1397 prooemiorum,

151 1406 281 1466 τοντοίτου.
294 1409 359 1466 Τῶν
370 1409 423 1488 γάρ
436 1411 542 1467 πολλῶν
556 1406 655 1466 τοότων
672 1412 697 1467 οἱ
719 1408 767 1487 μίν
780 1411 899 1491 παραγί-
951 1410 996 1469 sed
1005 1425 1032 1469 et
1041 1411 1151 1472 alianon
1163 1410 1261 1469 minor.
1270 1409 1315 1467 Ex
1324 1408 1667 1488 tantaquippemultitudi·
1678 1424 1688 1445 '·

150 1503 273 1572 σπαι,οί
297 1499 326 1559 δέ
351 1502 380 1559 οῦ
407 1499 599 1581 παραγίνονται
621 1500 758 1569 πολλάκις.
784 1501 897 1582 Ἀνάγκη
950 1522 984 1560 ne
996 1502 1042 1561 aiii
1057 1503 1197 1579 arandum,
1206 1501 1252 1559 alii
1263 1521 1332 1581 saepe
1342 1520 1395 1559 non
1410 1498 1689 1560 acceduntNeeesse'

149 1587 279 1657 τυίνκτσδς
294 1590 343 1667 μίν
363 1590 593 1670 παραγενομένους
612 1591 767 1666 ἐπαινέσαι,
791 1593 850 1661 τοῦς
870 1595 898 1654 δέ
949 1594 1039 1672 itaque
1052 1609 1091 1655 est
1101 1617 1145 1654 eos
1158 1593 1205 1673 qui
1218 1591 1346 1652 accedunt
1360 1590 1488 1651 laudibus
1501 1611 1606 1668 ornare,
1620 1612 1665 1651 eos

148 1679 175 1754 μή
190 1681 412 1760 παραγενομένους
428 1681 598 1762 μέμψασθαι,
608 1681 652 1741 ίνα
665 1685 760 1744 ἐκεῖνοι
782 1686 829 1762 μὲν
844 1693 899 1754 τοῖς
949 1705 1014 1744 vero
1026 1687 1074 1765 qui
1090 1688 1188 1746 absunt
1203 1683 1394 1765 reprehendere
1409 1707 1416 1745 :
1433 1696 1462 1741 ut
1477 1681 1518 1739 ilti
1537 1681 1665 1742 laudibus

147 1771 239 1839 ίτιίνοις
260 1773 460 1855 σπουδαιότερα
481 1772 622 1853 γίνωνται,
642 1765 715 1834 οὗτοι
739 1774 766 1834 δέ
787 1776 831 1837 διά
844 1782 898 1837 τῶν
949 1776 1122 1837 studiosiores
1138 1774 1316 1846 evadant,„hi
1334 1773 1560 1855 increpationibus
1574 1773 1663 1852 segni-

146 1864 301 1942 ίγιλημάτων
322 1865 370 1939 τλν
393 1863 523 1946 ῥαθυμίαν
545 1869 704 1927 ἀποθῶνται.
746 1865 825 1928 Ἔστι
852 1871 897 1930 καὶ
948 1867 1012 1927 tiens
1024 1883 1133 1949 ponant.
1148 1869 1322 1946 Aliequoque
1330 1864 1406 1925 adest
1415 1863 1608 1945 prooemiorum
1618 1885 1666 1924 ne·

146 1955 203 2034 ίτίρα
223 1956 301 2036 χρεία
320 1957 469 2037 προοιμίων
486 1959 558 2034 ὑμῖν.
572 1955 736 2025 Ὑπυθίσεως
759 1959 896 2040 ἁπτόμεθα
948 1961 1064 2021 cessitas.
1072 1965 1267 2041 Argumentum
1281 1979 1351 2038 saepe
1361 1957 1495 2038 prolixius
1508 1970 1663 2030 tractamus,

146 2048 286 2126 θῦρθῐέμς
300 2048 444 2119 πολλάκις,
466 2046 498 2117 ἣν
516 2050 546 2106 θῦ
568 2048 676 2108 δυνατὸν
690 2051 717 2108 ἕν
733 2047 822 2132 ἡμέρᾳ
847 2062 896 2134 μιᾷ
947 2053 1019 2130 quod
1033 2074 1086 2112 non
1101 2075 1154 2112 uuo
1167 2053 1211 2112 die
1225 2071 1368 2133 possumus
1378 2049 1412 2108 ad
1423 2049 1504 2108 finem
1518 2047 1662 2125 deducere,

144 2136 190 2214 epis
211 2139 284 2206 τέλος
303 2143 437 2218 ιἀγαγεῖν,
459 2138 527 2198 ἀλλὰ
546 2139 593 2198 καί
618 2140 741 2220 δευτέρας
767 2142 813 2201 καί
833 2143 893 2223 τρί-
947 2144 993 2204 sed
1007 2157 1032 2204 et
1050 2144 1166 2205 secunda
1179 2159 1205 2204 et
1222 2143 1300 2203 tertia
1312 2156 1338 2201 et
1350 2155 1446 2220 quarta
1459 2162 1529 2222 saepe
1542 2162 1610 2222 opus
1622 2156 1663 2202 est

143 2249 177 2297 της
194 2230 236 2288 καί
261 2230 392 2310 τττάρτης
417 2234 483 2308 ἡμῖν
517 2229 587 2290 ἔστιν
614 2230 658 2290 ότε
688 2231 837 2312 ἐξηγήσεως
857 2237 894 2303 εἰς
946 2235 1024 2294 nobis
1033 2237 1210 2317 expositione,
1218 2234 1255 2295 ad
1268 2254 1349 2294 uuam
1357 2232 1662 2311 eamdemqueremtra-

142 2318 264 2392 ιήναίιτήν
285 2321 379 2394 ἐδέησε
393 2321 591 2402 πραγματείαν.
612 2321 725 2402 Ἀνάγκη
738 2323 825 2384 τοίνυν
846 2326 893 2385 καί
911 2331 930 2380 D
945 2325 1077 2387 orandam.
1090 2327 1245 2387 Necessario
1261 2325 1345 2406 igitur
1364 2324 1481 2384 secunda
1497 2323 1544 2383 die
1565 2324 1661 2405 prioris
1712 2376 1720 2385 .

140 2409 466 2495 τυίτητῇδευτίραὴμίρρ
479 2411 514 2471 rh
533 2412 597 2485 τέλη
608 2417 656 2485 τῆς
668 2416 797 2496 προτέρας
813 2417 891 2476 tite·
944 2418 1072 2478 doctrinae
1086 2420 1149 2478 finis
1167 2433 1205 2478 est
1224 2416 1394 2498 repetendus,
1408 2429 1439 2475 ut
1458 2415 1496 2474 ita
1518 2416 1579 2474 finis
1597 2438 1662 2477 eum

140 2503 229 2570 αιλίας
250 2504 407 2578 ἀναλαότῖν,
423 2503 457 2562 ἵν’
477 2503 558 2571 obruis
572 2505 749 2593 ἃρμοσθίντῇ
766 2513 837 2589 ἀρχῇ
860 2510 891 2569 τὸ
943 2511 1078 2591 principio
1102 2510 1237 2570 eohaereus
1258 2510 1398 2568 clariorem
1421 2506 1539 2566 auditori
1562 2529 1659 2567 narra-

138 2593 209 2666 τθκ,
229 2595 394 2677 σαφεστέραν
413 2600 477 2676 ποιῇ
491 2605 544 2663 τοῖς
560 2602 675 2677 παροῦσι
693 2597 742 2670 τήν
756 2598 890 2677 ἐξήγησιν,
943 2601 1042 2660 tionem
1059 2601 1171 2673 reddat,
1188 2622 1222 2659 ne
1240 2600 1297 2659 sine
1314 2599 1369 2658 ulla
1391 2597 1458 2656 serie
1475 2596 1563 2677 posita
1574 2599 1660 2659 oratio

137 2685 169 2744 ’θλ
178 2686 213 2764 βλ
227 2690 276 2758 τῆς
289 2686 446 2757 manen<
460 2687 646 2770 ἀπηρτημένος
661 2695 676 2748 ό
699 2689 776 2768 λόγος
790 2694 889 2773 ἀρανέ-
941 2692 1083 2751 obscurior
1094 2692 1200 2751 evadat.
1213 2693 1251 2751 Ut
1263 2711 1328 2751 vero
1339 2689 1427 2749 diseas
1437 2688 1583 2749 orationem
1597 2712 1659 2772 pro·

137 2770 303 2858 πφοςήτοῖς
318 2781 470 2858 &pomit-
486 2778 539 2838 Καὶ
562 2779 606 2838 ἵνα
631 2781 716 2861 μέθης
741 2783 781 2841 ότι
806 2784 889 2866 χωρίς
943 2784 1025 2843 oemio
1048 2796 1216 2843 rarentema
1240 2782 1345 2842 nemine
1359 2779 1525 2840 intellectum
1538 2780 1660 2856 iri,ecee

90 2882 92 2891 '
136 2870 444 2950 *μοψίονείσαγέμῑνος
458 2871 534 2950 λόγος
551 2872 634 2933 οὐδενί
648 2873 779 2954 γνώριμος
799 2875 887 2953 ίσται,
938 2877 996 2956 jam
1008 2876 1065 2935 sine
1078 2875 1216 2956 prooemiis
1230 2872 1406 2955 experimenti
1417 2893 1497 2932 causa
1510 2872 1658 2935 orationem

136 2959 176 3019 liei
195 2962 275 3043 χωρίς
291 2962 440 3044 προοιμίων
455 2963 533 3023 αὐτόν
547 2966 646 3044 εἰσάγω
661 2971 705 3024 νῦν
719 2966 812 3046 πείρας
832 2968 887 3029 ένε-
941 2965 1041 3028 0rdior.
1064 2969 1232 3047 Respiciens
1252 2966 1444 3025 autemJesns
1458 2965 1552 3022 dixit:
1571 2967 1614 3024 Tu
1628 2987 1658 3027 es
1668 2978 1808 3039 ioannis.

135 3072 174 3109 αν.
185 3052 380 3134 Ἔμὸλίψαςδί
401 3056 474 3134 αὐτῷ
494 3060 509 3113 ό
523 3055 624 3127 Ἰησοῦς
640 3047 712 3130 είπε,
732 3058 765 3118 σθ
791 3050 817 3118 εί
839 3060 885 3120 Σί-
940 3058 1040 3118 Simon
1052 3059 1232 3135 libassem,
1244 3071 1275 3117 tu
1286 3059 1440 3116 vocaberis
1447 3057 1570 3136 Cephns,
1579 3058 1659 3137 quod

135 3165 178 3218 μον
192 3146 243 3212 oie<
255 3145 350 3220 Ίωνθ,
364 3145 396 3206 eb
417 3147 539 3226 πληθήση
564 3150 886 3231 Κηρᾶς,δέρμηνειίεται
940 3163 983 3208 est
994 3153 1215 3229 interpretatum
1224 3152 1339 3209 Petnes.
1352 3146 1451 3208 Videte
1470 3168 1536 3206 num
1551 3148 1656 3208 dictum

135 3236 225 3316 Πέτρος.
241 3238 362 3320 Ὁρᾶτε,
376 3238 414 3316 μὴ
436 3239 535 3299 συνίετε
547 3241 579 3300 τδ
591 3242 701 3321 λεχθέν;
716 3242 755 3321 μὴ
769 3244 826 3304 iere
836 3245 885 3316 τήν
938 3241 1008 3300 illud
1030 3242 1205 3321 intelligatis?
1219 3263 1252 3300 nn
1274 3241 1364 3300 sciatis
1382 3241 1612 3319 consequentiam,
1624 3257 1656 3303 et

134 3328 279 3403 ίιολυιθίαν,
294 3331 364 3398 τίνυς
375 3330 462 3390 ἕνεκεν
477 3336 597 3413 εἷρηταις
609 3332 699 3406 ἐπειδὴ
709 3337 886 3419 γωρὶςπροοι-
938 3354 991 3411 qua
1008 3333 1136 3392 derauso
1153 3334 1211 3394 haec
1224 3332 1296 3392 dicta
1311 3333 1383 3391 sint?
1400 3333 1463 3411 quia
1482 3353 1578 3414 nempe
1597 3334 1655 3394 sine

134 3419 246 3493 μίυιαθτὸ
258 3421 410 3500 εἰσήγαγον,
424 3421 518 3481 ταύτὸν
528 3423 653 3495 ποιήσας,
666 3425 757 3506 ὥσπερ
772 3427 802 3486 δν
812 3427 836 3487 εί
846 3452 886 3495 τις
937 3425 1068 3504 prooemio
1083 3425 1142 3483 hec
1160 3424 1277 3505 protuli,
1290 3423 1400 3504 perinde
1422 3444 1454 3481 ac
1473 3423 1496 3482 si
1519 3424 1580 3501 quis
1600 3425 1652 3484 ho-'

133 3510 246 3593 ίνθρωπον
259 3513 388 3572 πάντοθεν
403 3513 553 3595 περιὸαλὼν
565 3518 602 3582 είς
614 3515 645 3575 τὸ
657 3518 765 3599 θέατρον
777 3521 884 3600 τίσαγά-
902 3534 921 3580 Ε
937 3515 1037 3575 minem
1051 3516 1172 3594 undique
1184 3516 1320 3574 obtectum
1335 3517 1362 3573 in
1376 3516 1510 3573 theatrum
1525 3515 1652 3579 adducat.

131 3622 167 3676 ps
178 3605 245 3685 Φέρε
259 3596 318 3676 οῦν,
334 3605 412 3664 αὐτὸν
426 3605 518 3664 λοιπὸν
533 3606 734 3687 ἐκκαλύθωμεν,
750 3611 780 3669 τὸ
789 3612 883 3690 προοί-
936 3610 994 3686 Age
1009 3629 1072 3687 ergo
1086 3609 1174 3688 ipsum
1185 3608 1349 3685 detegamus,
1360 3607 1417 3686 jam
1430 3606 1494 3663 dato
1507 3607 1649 3686 prooemio.

131 3713 174 3765 μον
187 3695 326 3763 ἀποδόντες
351 3699 431 3776 αὐτῷ.
449 3696 518 3776 Περὶ
543 3697 650 3757 Παυλου
672 3700 698 3760 δὲ
716 3706 731 3760 ό
751 3702 826 3779 λόγος
849 3696 882 3776 ἦν
935 3699 977 3757 De
987 3699 1072 3758 Paulo
1082 3712 1170 3756 autern
1181 3719 1268 3756 sermo
1278 3696 1356 3755 nohis
1370 3716 1455 3775 nuper
1467 3710 1533 3768 erat,
1543 3697 1651 3775 quaudo

129 3783 201 3862 κρήνην
214 3790 279 3863 ἡμῖν
293 3790 422 3857 ἐνταῦθα,
432 3786 475 3846 ότι
485 3789 545 3868 περὶ
556 3793 609 3848 τῶν
620 3790 756 3868 ὀνομάτων
765 3794 880 3872 διελεγό-
934 3788 969 3848 de
978 3790 1131 3849 nominibus
1142 3788 1348 3861 disserebamus,
1357 3788 1651 3867 quaerebamusquecur

128 3879 191 3947 μεθα,
203 3878 248 3935 καί
261 3879 416 3954 ἐζητοῦμεν,
429 3879 473 3938 διὰ
488 3879 515 3938 τί
532 3879 596 3939 ποτέ
612 3883 659 3959 μὲν
680 3885 799 3957 Σαῦλος,
813 3885 880 3962 μετὰ
933 3880 1079 3959 aliquando
1087 3880 1195 3952 Saulus,
1203 3894 1293 3960 postea
1301 3879 1471 3938 veroPaulus
1479 3882 1650 3942 vocatussue·

126 3963 229 4027 όίταῦτα
239 3971 347 4037 Παῦλος
361 3971 469 4042 ἐκλήθη.
483 3972 620 4033 Ἐντεῦθεν
635 3974 761 4053 ἐξέὸημεν
776 3981 813 4044 εἰς
825 4003 880 4038 πα-
932 3971 1045 4031 rit.lnde
1053 3994 1117 4033 vero
1123 3971 1235 4050 digressi
1244 3970 1378 4031 sumusad
1386 3985 1501 4031 veterem
1507 3971 1649 4034 historiam

125 4055 185 4115 λαιόν
196 4060 325 4142 ίστορίαν,
339 4062 453 4127 καὶτοὺς
465 4062 573 4143 ἔχοντας
587 4067 737 4145 ἐπωνυμίας
752 4068 879 4141 ἐξητάσα.
931 4084 1074 4143 omnesque
1088 4064 1134 4143 qui
1150 4063 1306 4143 cognomina
1318 4063 1466 4123 habuerant
1479 4066 1649 4127 examinavi-

123 4150 293 4221 μενάπαντας.
316 4143 385 4213 Πότα
400 4157 496 4214 ἐκεῖθεν
506 4157 551 4215 καί
565 4156 686 4236 Σίμωνος
699 4159 877 4240 ἐμνήσθημεν,
930 4178 1000 4217 mus.
1015 4156 1118 4216 Deinde
1131 4157 1269 4217 Simonem
1287 4157 1566 4228 commemoravimus,
1583 4181 1647 4220 nec-

120 4241 261 4313 ιιιὶτῆςτοῦ
276 4247 394 4324 Χριστοῦ
407 4251 700 4333 ρωνῆςλεγούσηςπρδς
708 4255 795 4328 αὐτὸν,
801 4254 840 4314 Σὺ
856 4247 880 4314 εί
899 4311 921 4350 ²¹
930 4269 982 4307 non
994 4249 1133 4307 Christum
1146 4247 1346 4328 ipsidicentem,
1357 4250 1400 4306 Tu
1414 4270 1444 4308 es
1458 4249 1558 4308 Simon
1557 4252 1647 4331 filius

117 4331 198 4410 Σίμων
210 4337 265 4404 utiq
278 4336 419 4407 Ἰωνᾶ,σῦ
446 4342 565 4422 κληθήσῃ
581 4345 689 4422 Κηφᾶς,
704 4345 718 4402 θ
732 4312 915 4426 ἑρμηνεύς-Ἀ
928 4342 1020 4412 lona,
1037 4356 1067 4400 tu
1088 4345 1241 4400 vocaberis
1256 4342 1380 4420 Cephas,
1396 4343 1476 4420 quod
1494 4356 1536 4401 est
1556 4348 1647 4403 inter-

115 4445 151 4483 ττι
165 4427 274 4507 Πέτρος.
288 4420 366 4496 Kios<
381 4434 437 4497 πῶς
449 4430 480 4489 τδ
494 4433 546 4512 πρὸ
560 4440 655 4512 μικροῦ
676 4434 751 4503 δόξαν
765 4439 876 4517 ἀπορίας
904 4510 906 4512 v
926 4446 1075 4512 pretatum
1094 4435 1210 4493 Petrus.
1227 4430 1325 4492 Viden’
1340 4453 1392 4509 quo
1415 4445 1494 4512 pacto
1517 4431 1548 4491 id
1572 4435 1644 4512 quod

111 4516 203 4594 γέμειν,
217 4520 420 4601 γνωριμώτερον
432 4523 533 4603 ἐγένετο
544 4531 602 4598 νῦν,
612 4523 718 4607 Ὥσπερ
732 4527 784 4607 γδρ
796 4533 875 4608 σῶμα
927 4522 1089 4582 difficultate
1102 4523 1211 4603 pienum
1224 4522 1377 4598 videbatur,
1390 4544 1461 4582 nune
1475 4524 1565 4584 notius
1578 4547 1643 4586 eva·

108 4612 229 4687 αιραλῆς,
244 4611 290 4668 καὶ
305 4612 378 4690 ῥίζης
392 4611 505 4692 δένδρον,
519 4616 565 4674 καὶ
585 4618 703 4694 ποταμὸς
724 4621 808 4678 δεῖται
821 4644 874 4693 πη-
926 4615 1011 4674 serit?
1023 4614 1258 4686 Quemadmodum
1269 4615 1340 4674 enim
1350 4611 1644 4695 corpitscapite,arbor

105 4704 163 4776 γῆς,
175 4701 245 4760 οῦτω
260 4702 307 4760 καί
316 4703 462 4784 προοιμίων
475 4704 560 4783 λόγος.
575 4706 653 4766 Ἐπεὶ
664 4699 708 4765 οὖν
723 4708 871 4788 ἐστήσαμεν
925 4705 1024 4780 radice,
1031 4720 1056 4765 et
1064 4707 1162 4765 ilumen
1172 4709 1245 4766 sonte
1254 4707 1366 4786 indiget,
1372 4707 1410 4765 sie
1424 4721 1448 4766 et
1457 4708 1544 4767 oratio
1554 4731 1643 4790 prooe-

103 4793 168 4868 θμιῖς
179 4797 222 4853 ἐπ’
238 4793 322 4864 αὐτὴν
335 4793 384 4867 τήν
398 4794 483 4874 ἀρχὴν
495 4800 543 4866 τῆς
554 4798 628 4871 θδοῦ,
644 4798 748 4870 κοίτην
762 4802 871 4862 ἀκολου·
924 4798 989 4857 utio.
1003 4799 1097 4876 ltaque
1110 4819 1172 4856 eum
1187 4820 1235 4857 vos
1246 4803 1272 4856 in
1289 4798 1340 4857 vire
1352 4798 1459 4858 initium
1474 4801 1641 4861 constitueri-

100 4882 156 4942 θίαν
170 4884 316 4960 ἐδείξαμεν,
339 4885 469 4966 ἁψώμεθα
491 4888 583 4947 λοιπὸν
599 4891 679 4949 αὐτοῦ
690 4893 738 4960 τῆς
756 4893 871 4972 ἱστορίας
923 4911 993 4962 mus,
1000 4890 1452 4967 eteonsequentiamostenderimus,
1455 4893 1512 4970 jam
1521 4891 1639 4954 historiae

97 4981 143 5034 τοῦ
155 4977 307 5057 προοιμίου.
327 4980 430 5046 Σαῦλος
451 4980 478 5038 δὲ
502 4980 542 5039 έτι
562 4982 682 5058 ἐμπνέων
698 4985 808 5056 ἀπειλῆς
825 4986 870 5044 καὶ
922 4980 1083 5063 prooemium
1094 4981 1355 5059 tangamusSaulus
1364 4995 1463 5042 autem
1475 4981 1573 5043 adhu'c
1583 4990 1637 5066 spi·
1650 4991 1711 5041 Act.
1721 5007 1746 5055 9.
1761 5007 1782 5042 ι.

94 5068 175 5149 φόνου
189 5072 226 5135 εἰς
236 5067 297 5137 τοὺς
306 5069 427 5146 μαθητάς
448 5079 494 5132 τοῦ
515 5072 620 5150 Κυρίου.
636 5075 689 5133 Καὶ
705 5075 757 5153 μήν
769 5078 797 5135 ἐν
811 5086 869 5146 ταῖς
921 5095 992 5133 rans
1003 5078 1150 5132 minarum
1159 5086 1186 5131 et
1197 5075 1283 5133 eoedis
1296 5078 1328 5131 in
1341 5076 1637 5154 discipulosDomini.
1703 5108 1710 5122 ·

92 5161 249 5226 ἐπιστολαῖς
260 5162 367 5230 Παῦλος
383 5164 519 5245 καλεῖται’·
535 5164 605 5232 τίνος
628 5156 672 5226 niis
686 5165 773 5227 ἐνεκεν
789 5172 868 5229 αὐτοῦ
921 5166 952 5225 In
963 5165 1189 5246 epistolisPaulus
1201 5178 1333 5223 vocatur:
1351 5185 1399 5223 cur
1411 5187 1475 5246 ergo
1484 5167 1526 5226 illi
1540 5190 1636 5231 nornen
1663 5169 1791 5246 Cufpffllf

92 5250 139 5325 niv
149 5252 334 5332 προσηγορίαν
344 5253 474 5331 μετίόαλε
491 5253 522 5315 τὸ
536 5257 647 5335 Πνεῦμα
659 5257 691 5318 τὸ
704 5260 793 5338 όγιονς
807 5263 867 5322 Κα-
921 5256 1165 5337 mutaritSpiritus
1172 5256 1300 5318 sanctus?
1310 5256 1546 5331 Quemadmodum
1553 5261 1636 5325 herus
1647 5246 1772 5339 ffi'imf
1773 5244 1790 5278 ¹¹
