3810 6000
289 569 359 639 536
603 599 633 644 s.
660 600 800 646 ioannis
826 599 1008 646 cttnrsosr.
1036 599 1192 648 attentae.
1220 602 1488 651 cousranrmoe.

285 719 418 777 tumultus
425 731 482 778 erat
488 741 536 798 per
548 721 702 780 uuiversum
711 723 802 781 orbem
814 721 998 781 habitabilem.
1051 727 1134 802 νερῶν
1163 727 1404 805 συρρηγνυμένων,
1421 730 1536 806 βροντῶν
1555 726 1820 809 καταῤῥηγνυμένων,

285 809 321 868 Et
345 811 415 870 sicut
435 813 512 869 navis
537 813 618 872 undis
644 814 854 893 insurgentibus,
879 813 999 873 nubibus
1051 816 1128 896 ζόρου
1142 816 1268 877 πάντοθεν
1282 818 1668 900 κυαλοῶντοςτὸσκάρυς,τῆς
1691 819 1816 895 θαλάσσης

284 904 514 976 concurrentibus,
525 904 599 963 elisis
617 906 770 979 tonitribus,
785 905 899 984 ealigine
911 905 996 964 undi-
1012 913 1030 959 C
1050 906 1226 984 μαινομένης,
1240 909 1337 989 θηρίων
1348 911 1575 990 ἐπανισταμένων,
1589 913 1724 992 πειρατῶν
1736 934 1809 992 προσ·

282 1016 335 1072 que
349 996 475 1075 scapham
488 997 617 1074 cingente,
633 997 701 1055 mari
714 997 829 1071 furente,
839 997 938 1055 belluis
948 1016 995 1054 ste·
1048 999 1209 1074 ύαλλόντων,
1224 1004 1309 1062 αὐτῶν
1332 1006 1384 1060 τῶν
1401 1002 1473 1063 ένδον
1492 1003 1703 1074 στασιαζόντων,
1718 1004 1762 1060 aba
1780 1002 1805 1061 ίν

280 1087 427 1162 aientibus,
440 1088 535 1167 piratis
550 1088 789 1168 oppugnantibus,
802 1089 868 1169 ipsis
880 1088 994 1147 vecton-
1047 1091 1166 1172 διαρύγοι
1179 1094 1223 1152 τὸν
1237 1092 1363 1166 κίνδυνον,
1385 1097 1408 1153 εἰ
1429 1093 1466 1170 μή
1480 1100 1498 1167 ἡ
1513 1094 1569 1153 ἀνω
1582 1092 1689 1174 χελρ,ή
1704 1094 1802 1170 κροταιί

280 1179 331 1237 bus
341 1179 411 1238 inter
419 1180 656 1252 sedissidentibus‚
665 1181 875 1260 haudquaquam
884 1179 996 1239 evadere
1046 1182 1091 1242 καί
1104 1186 1223 1264 μεγάλη,
1235 1185 1426 1265 ἀποκρούσαιτο
1442 1187 1486 1245 τόν
1500 1184 1628 1262 πόλεμον,
1645 1185 1692 1244 καί
1713 1183 1798 1245 λύσασι

278 1285 376 1349 potest,
392 1272 444 1330 nisi
465 1273 577 1331 caelestis
592 1273 714 1348 dextera,
733 1293 829 1352 magna
842 1272 888 1330 illa
898 1292 929 1330 ac
945 1291 991 1351 po-
1043 1272 1088 1331 τὸν
1101 1280 1221 1354 χειμῶνα
1235 1275 1424 1347 nuenarianae
1434 1278 1461 1334 ἐν
1474 1276 1576 1355 γαλήνη
1591 1274 1653 1342 τοὺς
1671 1273 1796 1341 πλέοντες·

277 1361 486 1439 tens,discusso
500 1365 619 1444 periculo
633 1377 657 1422 et
672 1363 763 1422 sedata
784 1376 948 1443 tempestate,
962 1363 990 1422 in
1043 1362 1111 1423 οὕτω
1131 1365 1164 1437 δή
1182 1366 1228 1425 καί
1248 1365 1308 1425 τότε
1328 1371 1355 1426 ἐν
1370 1368 1439 1447 ἀρχῇ
1454 1371 1500 1426 τοῦ
1517 1366 1688 1447 κηρύγματος
1699 1366 1795 1444 γίγαντι.

275 1453 496 1531 tranquillitatem
516 1454 626 1513 reducat
647 1455 824 1533 navigantes:
846 1453 883 1511 ita
908 1453 989 1513 etiarn
1042 1456 1083 1512 Οὐ
1099 1455 1151 1534 γάρ
1164 1455 1257 1525 ἔξωθεν
1267 1455 1481 1537 προοέόαλλενὸ
1506 1455 1610 1537 χειμὼν
1624 1456 1719 1536 μόνον,
1739 1457 1794 1517 ἀλλά

275 1554 339 1603 tuuc
351 1545 420 1603 inter
433 1545 510 1605 initia
531 1544 729 1626 predicationis
745 1543 851 1602 aocidit.
862 1544 921 1602 Non
940 1565 987 1604 so-
1040 1545 1086 1604 καὶ
1100 1552 1124 1606 οἱ
1137 1547 1208 1606 ἔνδον
1221 1548 1350 1615 πολλάκις
1362 1549 1428 1627 πρὸς
1442 1549 1571 1620 ἀλλήλους
1582 1547 1745 1616 ἐστασίαζον.
1754 1547 1793 1619 Τίς

273 1633 331 1692 lum
350 1636 421 1694 enim
442 1650 550 1696 externa
568 1650 725 1718 tempestate
741 1635 926 1716 pulsabantur,
939 1637 988 1696 sed
1038 1638 1116 1696 τοῦτό
1129 1661 1223 1717 φησιν;
1240 1637 1323 1705 Αὐτὸς
1337 1641 1351 1698 θ
1366 1640 1473 1705 Παῦλος
1490 1638 1611 1718 γράρων,
1624 1636 1738 1709 'Eiteia
1750 1639 1790 1718 ud*

272 1725 345 1784 intus
372 1727 452 1786 etiam
476 1728 635 1808 plerumque
660 1727 790 1787 seditione
817 1726 985 1786 laborabant.
1037 1750 1099 1806 χαι,
1114 1727 1305 1809 ἐσωθενρόόοι.
1329 1728 1437 1789 Karidai
1453 1733 1529 1789 ταῦτ’
1543 1729 1616 1790 έστιν
1638 1731 1722 1802 tta·
1730 1773 1739 1804 ,
1754 1730 1790 1791 ut

139 1872 143 1880 ,
172 1841 190 1882 t,
200 1859 211 1884 -,
225 1855 247 1898 7·
272 1818 341 1889 Quis
353 1819 405 1878 boc
414 1818 501 1879 dicit?
511 1820 612 1879 Paulus
625 1819 682 1901 ipse
696 1820 735 1878 sio
752 1818 869 1877 scribens
880 1842 887 1874 ε
898 1822 985 1879 Foris
1037 1821 1208 1886 διδασκάλους
1220 1820 1264 1881 καί
1277 1819 1397 1899 μαθητὰς
1407 1822 1489 1901 μυρία
1502 1820 1791 1904 περιεστοίχισιοκαιλ,

106 3503 161 3548 l'ace
171 3504 248 3548 Eccle-

105 3566 143 3608 Ιίισ
154 3582 197 3609 uon
209 3569 250 3611 ab.

105 3628 223 3674 utendum.

115 4959 155 5020 [V.
175 4961 240 5006 Praei.

100 5020 165 5066 t'nmi
175 5022 242 5083 ltttjtta

99 5085 110 5137 l
127 5084 168 5139 v·l

267 1930 384 1990 pugnae,
401 1915 480 1971 intus
495 1916 623 1971 timores.
640 1913 675 1971 Et
683 1909 758 1990 quod
771 1910 822 1969 hoc
834 1931 931 1969 verum
940 1911 984 1986 sit,
1036 1912 1081 1969 καὶ
1094 1911 1195 1979 πάντας
1214 1916 1229 1970 ὁ
1250 1914 1366 1991 πόλεμος
1389 1911 1544 1989 ἐπενέμετο,
1566 1913 1646 1970 αὐτοῦ
1669 1912 1790 1974 attam

269 2001 394 2081 quodque
408 2003 531 2063 doctores
544 2003 646 2085 pariter
656 2023 687 2060 ac
696 2000 826 2081 discipuli
836 2000 983 2060 innumeris
1036 2002 1142 2062 Παύλου
1157 2002 1206 2075 τήν
1220 2003 1366 2085 μαρτυρίαν
1386 2001 1509 2082 παράγω.
1529 2000 1626 2080 Ὑμτῖτ
1649 2002 1677 2064 bi
1699 2022 1788 2082 praue·-

266 2095 334 2175 septi
348 2096 447 2156 stterint
461 2096 737 2175 malis,etperomnes
750 2113 868 2170 exaequo
878 2090 982 2152 bellum
996 2115 1014 2159 n
1032 2095 1116 2153 νεύετε
1131 2100 1183 2154 τῶν
1194 2095 1342 2173 λεγομένων
1357 2093 1491 2166 ἁπάντων,
1504 2093 1539 2152 ἵν’
1551 2093 1616 2153 ὅταν
1630 2093 1729 2172 μόθητι
1738 2092 1788 2165 eale

266 2185 317 2246 hoc
338 2189 418 2247 fuerit
432 2201 593 2267 grassatum,
606 2184 728 2244 eumdem
749 2183 865 2243 Paulum
882 2183 980 2242 itentm
1031 2185 1176 2258 κινδύνους,
1191 2183 1250 2253 τοὺς
1262 2184 1425 2268 πειρασμοίις
1432 2230 1441 2257 ,
1455 2184 1490 2246 ed
1502 2184 1585 2265 μυρία
1597 2182 1793 2266 κακά,ότεριί
1819 2203 1821 2207 ·

264 2292 358 2338 testem
365 2279 481 2339 adduco.
493 2281 597 2339 Vestrae
608 2291 697 2335 autem
711 2289 799 2356 partes
812 2287 874 2334 sunt
884 2275 978 2334 memi-
1029 2277 1089 2334 τότε
1109 2275 1277 2343 πιστεύοντες
1290 2276 1431 2354 ὑπέμενον,
1447 2274 1574 2353 μειζόνως
1594 2276 1640 2336 καὶ
1659 2276 1704 2337 διδ
1724 2284 1787 2338 utre

264 2366 334 2426 nisse
352 2368 473 2428 omnium
488 2366 586 2426 horum
599 2388 659 2444 quae
677 2364 748 2437 dico,
763 2377 792 2422 ut
802 2363 917 2443 coguitis
930 2384 977 2444 pe-
1028 2372 1202 2448 εὐχαριστήτε
1221 2372 1259 2447 τῷ
1270 2370 1348 2447 Θεῷ,
1363 2371 1400 2446 τῶ
1421 2367 1531 2427 λύσαντι
1550 2367 1640 2427 πάντα
1664 2366 1785 2428 ἐκεῖνατλ

262 2460 356 2519 riculis
375 2481 407 2519 ac
423 2459 626 2532 tentationibus,
637 2456 814 2535 omnibusque
829 2455 976 2514 adversita·
1027 2457 1108 2531 δεινά,
1123 2457 1169 2517 κοιλ
1186 2458 1293 2537 εἰρήνην
1306 2458 1472 2538 εἰσαγαγόντι
1482 2462 1601 2536 βαθεῖαν,
1611 2460 1657 2518 καὶ
1666 2460 1709 2520 τάν
1719 2459 1783 2520 da·

260 2551 344 2623 tibus,
371 2572 438 2631 quas
461 2551 518 2630 ejus
536 2549 664 2630 temporis
686 2546 779 2606 lideles
800 2545 976 2626 perferebant,
1026 2572 1076 2626 μον
1090 2548 1266 2623 ἀπελάσαντι,
1280 2548 1783 2628 καίπολλήνκατασκευάσαντιτήνγε·

261 2655 334 2702 tanto
355 2644 469 2724 majores
489 2641 588 2722 gratias
609 2638 695 2718 agatis
712 2640 779 2711 Deo,
792 2636 975 2715 quiomnibus
1026 2639 1120 2713 λήνην·
1135 2639 1178 2698 ίνα
1201 2639 1292 2717 μηδεὶς
1315 2641 1383 2718 μήτε
1407 2644 1531 2720 ῥᾳθυμῶν
1544 2640 1640 2718 νομίζῃ
1653 2639 1782 2721 διαφεύγειν

260 2733 316 2793 illis
330 2734 530 2793 calamitatibus
547 2732 630 2790 sanem
649 2729 788 2811 imposuit,
803 2742 830 2788 et
840 2748 974 2788 averrun-
1026 2729 1073 2802 τήν
1088 2731 1212 2805 κολααιν,
1228 2731 1295 2809 μήτε
1309 2735 1443 2811 κατορθῶν
1454 2731 1599 2812 ἐπαίρηται
1609 2738 1665 2791 νῦν.

261 2839 319 2883 rato
332 2825 416 2901 bello,
431 2822 682 2902 tranquillissimam
704 2841 797 2901 pacem
813 2819 891 2877 nobis
906 2840 974 2878 cou-

259 2916 322 2973 lecit
333 2939 340 2971 :
353 2927 382 2973 ut
393 2936 470 2974 nemo
485 2914 528 2975 vel
537 2911 665 2973 socordia
676 2931 784 2992 poenam
795 2909 919 2988 effiagiat,
930 2909 975 2970 vel

259 3007 295 3064 ob
308 3006 392 3065 vitam
407 3019 477 3065 recte
492 3019 579 3064 actam
593 3003 746 3062 extollatur.

299 3100 327 3153 ἐ.
345 3097 438 3172 Neque
465 3093 535 3151 enim
555 3090 667 3173 perinde
685 3103 733 3160 est,
757 3089 780 3148 si
801 3087 974 3168 undiquaque
1017 3084 1018 3087 ¹
1064 3087 1105 3143 Οὐ
1128 3083 1178 3163 γάρ
1199 3086 1271 3143 ἐστιν
1286 3085 1342 3143 ἴσον
1356 3086 1520 3164 πανταχόθεν
1541 3086 1731 3167 πολεμούμενον
1744 3085 1780 3146 καί

260 3188 434 3268 impugnatus
443 3184 624 3245 etinnumeris
635 3182 845 3243 adversitatibus
859 3182 973 3241 obrutus
1026 3175 1127 3257 μυρίοις
1158 3177 1393 3256 περιαντλνῦμεννν
1421 3187 1513 3244 κακοῖς
1536 3179 1681 3251 δυνηθῆναι
1704 3181 1781 3249 στῆναι

259 3300 385 3357 generose
396 3278 537 3355 subsistas,
554 3299 585 3337 ac
598 3278 620 3336 si
641 3276 668 3335 in
682 3288 761 3355 portu
783 3296 855 3333 nunc
868 3273 973 3347 sedens,
1024 3268 1163 3347 γενναίως,
1181 3269 1227 3327 καὶ
1241 3269 1363 3349 καθάπερ
1383 3272 1410 3328 ἐν
1424 3269 1514 3346 λιμίνι
1534 3271 1684 3347 καθήμενον
1695 3277 1735 3330 νῦν
1746 3269 1782 3328 ul

259 3386 283 3430 ct
299 3373 326 3430 in
347 3392 450 3430 sumana
465 3370 606 3430 securitate
616 3367 740 3428 eumdem
750 3366 870 3424 animum
882 3387 937 3446 prae
947 3380 973 3424 te
990 3374 1008 3421 Ε
1027 3359 1115 3430 πάσης
1134 3360 1302 3419 ἀπολαύοντα
1324 3360 1413 3426 ἀδείας
1441 3359 1490 3431 τήν
1514 3361 1600 3434 αὐτήν
1624 3361 1783 3429 ἐπιδείξασθαι

258 3466 336 3523 feras.
345 3465 459 3524 Illorum
478 3462 548 3522 enim
566 3459 683 3520 conditio
696 3458 783 3517 nihilo
797 3457 891 3517 melior
903 3472 970 3534 erat,
1026 3452 1183 3529 προθυμίαν.
1198 3451 1312 3510 Ἐκεῖνοι
1345 3451 1393 3528 μὲν
1414 3452 1464 3532 γὰρ
1483 3455 1536 3510 τῶν
1565 3454 1595 3510 ἐν
1619 3453 1726 3532 πελάγιι
1743 3473 1783 3509 τι·

260 3576 341 3632 quarn
355 3576 448 3613 eorum
471 3553 519 3633 qui
539 3553 646 3611 turbato
663 3548 731 3609 mari
750 3549 886 3628 jactantur
902 3571 909 3605 ε
924 3570 972 3608 nos
1025 3541 1154 3601 λευόντων
1165 3543 1224 3603 τότε
1240 3542 1285 3602 καί
1299 3542 1527 3620 κλυδωνιζομένων
1538 3545 1614 3604 οὐδὲν
1631 3545 1732 3622 ἄμεινον
1741 3541 1783 3601 διί-

258 3669 324 3707 vero
337 3647 457 3706 securius
475 3645 580 3725 agimus
598 3664 682 3722 quam
693 3641 739 3718 qui
753 3639 781 3698 in
799 3653 907 3721 portum
920 3639 970 3699 de·
1025 3658 1124 3694 κειντο·
1136 3640 1213 3713 ἡμεῖς
1223 3634 1251 3694 δὲ
1270 3639 1322 3693 τῶν
1336 3637 1363 3694 έν
1377 3633 1465 3712 λιμένι
1475 3636 1635 3711 καθημένων
1649 3636 1784 3714 ἀδεέστερον

258 3738 326 3797 vecti
335 3738 482 3797 incolumes
490 3737 547 3816 jam
554 3756 603 3816 per
612 3734 700 3794 otium
715 3753 744 3791 se
754 3731 887 3791 reficiunt.
897 3731 971 3804 Qua·
1025 3726 1150 3805 διάγομεν
1163 3733 1218 3786 νῦν.
1233 3726 1378 3798 Malacinos
1393 3725 1461 3803 μήτε
1474 3726 1519 3785 ἐπὶ
1540 3735 1598 3794 τοὶς
1611 3725 1784 3808 κατορθύμασι

256 3843 367 3909 propter
380 3851 465 3907 neque
477 3841 587 3908 propter
606 3827 706 3885 bonam
718 3823 828 3884 visendi
841 3825 971 3882 rationem
1025 3818 1096 3897 μίγα
1116 3824 1263 3899 ρρονῶμιν,
1277 3818 1343 3894 μήτε
1369 3816 1413 3875 ἐπί
1430 3824 1485 3883 τοῖς
1508 3818 1693 3896 συμπίπτουσι
1704 3840 1783 3897 πειρα·

257 3919 431 3996 extollamur,
440 3940 525 3997 neque
534 3916 724 3977 tentationibus
737 3913 874 3988 cedamus,
886 3935 972 3992 neque
1025 3919 1102 3987 σμοῖς
1113 3910 1333 3987 καταπίπτωμεν,
1348 3910 1414 3988 μήτε
1436 3913 1472 3975 εἷς
1493 3911 1674 3990 ρηθυμίαντῇ
1694 3914 1738 3981 τῆς
1757 3910 1784 3966 el·

257 4009 398 4068 securitate
408 4008 535 4068 Ecclesiae
550 4021 667 4066 nostram
678 4006 712 4065 ad
725 4005 864 4084 segnitiem
876 4004 958 4064 abuta
1026 4003 1107 4082 ρήνης
1126 4005 1200 4082 ἀδείᾳ
1227 4000 1425 4082 ἀποχρῶμεθα·
1445 4000 1515 4063 ἀλλά
1538 4004 1667 4082 νήφωμεν
1688 4000 1727 4061 ἀεὶ
1748 3998 1785 4060 καὶ
1819 4076 1821 4081 Ι

257 4120 338 4157 mur:
355 4099 421 4176 quin
445 4099 534 4178 potitis
556 4097 638 4155 sobrii
660 4096 744 4154 simus
763 4116 795 4153 ac
814 4095 968 4175 vigilemus.
1023 4093 1299 4176 ·γρηγορῶμεν.Ἔστι
1309 4094 1361 4173 γδρ
1374 4094 1419 4153 καί
1430 4099 1495 4173 ἡμῖν
1511 4095 1587 4166 πάλη
1599 4096 1668 4175 πρὸς
1680 4095 1784 4162 adelst-
1819 4098 1821 4149 ;

256 4191 327 4249 Nam
349 4190 427 4249 nobis
453 4209 559 4266 quoque
578 4201 617 4246 est
630 4186 702 4245 lucta
724 4185 853 4245 adversus
866 4187 970 4245 innatas
1024 4187 1118 4264 θυμίας
1131 4192 1178 4257 τῆς
1194 4185 1304 4266 ρύαεως.
1322 4189 1380 4244 Οὐκ
1402 4185 1593 4244 ἐπανίστανται
1616 4192 1664 4244 νῦν
1675 4191 1735 4263 ἡμῖν
1745 4183 1782 4242 dr»

255 4280 492 4364 concupiscentias.
506 4281 568 4338 Nou
587 4278 731 4355 insurgunt
755 4291 847 4334 contra
861 4298 909 4335 nos
922 4277 968 4335 bo·
978 4284 1139 4360 ,.,θρωποι,
1157 4280 1216 4336 ἀλλ’
1232 4274 1422 4335 ἐπανίστανται
1434 4279 1460 4334 αί
1475 4280 1523 4347 τῆς
1536 4275 1635 4354 σαρκός
1649 4273 1782 4349 {deuel-el

254 4373 352 4448 mines,
363 4372 409 4432 sed
432 4373 575 4450 insurgunt
593 4368 714 4429 carnales
734 4367 902 4449 voluptates3
916 4389 967 4427 uon
987 4380 1006 4423 Λ
1023 4371 1166 4446 πολεμοῦσι
1179 4366 1355 4449 τύραννοικαί
1363 4368 1481 4443 βασιλεῖς
1487 4364 1574 4441 ,ἀλλὰ
1586 4363 1781 4444 πολεμεῖθνμλι,

254 4465 415 4546 impugnant
428 4484 476 4522 nos
496 4483 571 4542 reges
587 4475 668 4540 atque
686 4459 805 4540 tyranni,
819 4460 867 4518 sed
878 4460 967 4540 impu·
1022 4459 1169 4528 κενοδοξίας
1196 4460 1277 4537 ἔρως,
1299 4456 1401 4537 φθόνος,
1423 4455 1585 4539 βασκανίαι,
1607 4461 1657 4517 καί
1668 4458 1702 4517 τά
1714 4454 1780 4536 μυρία

254 4570 319 4635 gnat
342 4557 394 4634 ira,
416 4576 491 4614 vanae
509 4553 602 4633 gloriae
622 4551 740 4632 cupido,
756 4549 869 4622 invidia,
883 4571 966 4610 aemu-
1021 4560 1067 4626 τῆς
1089 4555 1268 4635 μιχῆςπάθη.
1286 4552 1364 4610 Ἐπεὶ
1379 4542 1423 4608 σύν
1444 4550 1551 4609 ἐκείνων
1568 4554 1624 4610 τῶν
1638 4553 1778 4630 πειρασμῶν

252 4648 336 4722 latio,
359 4663 439 4727 atque
460 4646 489 4705 id
511 4666 594 4726 genus
614 4644 663 4703 alii
687 4643 799 4702 affectus
822 4643 965 4703 innumeri.
1020 4647 1226 4723 ἀπηλλάγμεθα,
1241 4643 1339 4702 τούτων
1356 4641 1567 4722 περιγενώμεθα.
1590 4643 1779 4724 Διδγδρτῶιι

252 4740 370 4810 Quando
385 4740 470 4820 igitur
481 4738 543 4796 illas
555 4736 712 4795 tentationes
723 4733 870 4812 evasimus,
886 4757 919 4794 ne
929 4737 965 4795 ab
1018 4737 1153 4816 ἀνέμνησε
1175 4741 1243 4815 ὑμᾶς
1264 4739 1317 4793 τῶν
1338 4739 1438 4814 κοιμῶν
1464 4731 1571 4792 ἐκείνων
1595 4733 1633 4793 τά
1655 4730 1778 4815 προσοχθί·

251 4830 295 4890 bis
317 4832 459 4891 vincamur
471 4849 579 4908 operam
596 4828 700 4887 demus.
715 4827 781 4885 Ideo
796 4828 871 4888 enirn
886 4829 964 4887 vobis
1018 4853 1124 4906 οματα,
1149 4827 1191 4886 ίνα
1212 4825 1257 4885 καί
1277 4831 1291 4884 ὁ
1314 4828 1341 4883 ἐν
1356 4827 1442 4903 θλίψει
1454 4831 1499 4885 νῦν
1521 4822 1570 4898 ῶν,
1585 4825 1684 4896 ίκανήν
1698 4825 1778 4883 tuae

252 4923 279 4981 in
294 4924 450 4984 memoriam
466 4918 590 4980 revocavi
612 4919 687 4978 illius
707 4919 835 4999 temporis
854 4919 962 4979 calami·
1017 4920 1144 4998 λαμύάνῃ
1156 4920 1335 4999 παράκλησιν,
1346 4916 1393 4973 καὶ
1404 4920 1419 4975 ὁ
1432 4917 1532 4986 πολλῆς
1543 4916 1688 4975 ἀπολαύσω
1695 4912 1777 4981 ἀδείας,

252 5028 327 5093 tates,
341 5030 372 5075 ut
396 5036 466 5074 nunc
488 5027 513 5073 et
533 5011 581 5092 qui
597 5010 747 5090 affligitur,
764 5008 888 5070 idoneam
901 5010 965 5071 inde
1017 5012 1075 5071 ἀντὶ
1093 5014 1142 5082 τῆς
1168 5008 1292 5089 ἀτεχνίας
1320 5011 1373 5065 τῶν
1397 5005 1524 5065 κινδύνων
1556 5006 1667 5066 ἐκείνοιν
1689 5000 1777 5075 solli!

252 5119 431 5186 consequatur
450 5103 671 5175 consolationem,
682 5100 765 5180 etqui
780 5100 809 5158 in
823 5101 965 5161 securitate
1016 5103 1107 5182 είαάξῃ
1127 5101 1273 5184 προθυμίαν
1288 5102 1324 5166 εἰς
1334 5097 1383 5168 τήν
1395 5102 1448 5156 τῶν
1468 5096 1576 5158 ἀτόπων
1591 5099 1726 5179 λογισμῶν
1736 5091 1777 5173 μί·
1792 5154 1797 5163 ,

252 5200 320 5278 agit,
340 5211 434 5279 utpote
447 5195 754 5266 nonexercitatus,acre
763 5205 855 5252 ronna
868 5191 964 5251 absur-
1015 5217 1078 5273 χην.
1107 5197 1152 5261 tlt<
1172 5193 1222 5270 γὰρ
1245 5190 1378 5269 ἡμετέραν
1403 5188 1540 5249 νουθεσίαν
1559 5187 1606 5247 καί
1621 5188 1777 5270 παρὰληστ

250 5291 299 5349 τίειν
312 5289 484 5370 cogitationes
495 5301 627 5348 certamen
639 5285 776 5366 suscipiat.
790 5284 902 5367 Propter
915 5307 961 5345 uo·
1016 5287 1061 5344 καὶ
1076 5283 1209 5364 ὑπομονήν
1217 5281 1304 5341 πάντα
1317 5285 1403 5341 ἐκεῖνα
1417 5279 1556 5359 ἐγράφετο·
1567 5280 1638 5360 άπερ
1647 5284 1777 5358 ἀναγκαίαν

249 5396 333 5442 stram
353 5380 424 5442 enim
443 5379 651 5443 admonitionem
664 5390 691 5436 et
711 5375 916 5437 consolationem
932 5399 963 5437 ιιι·
1016 5386 1059 5437 νῦν
1075 5377 1139 5458 πρὸς
1157 5381 1225 5455 ὑμᾶς
1249 5379 1344 5450 εἰπεῖν,
1364 5373 1409 5433 καὶ
1434 5371 1537 5443 διδάξαι
1556 5373 1588 5433 τὸ
1604 5372 1712 5452 μέγεθος
1731 5375 1776 5430 τῶν
1818 5366 1821 5417 l
