3810 6000
608 491 652 539 DE
677 489 817 539 cuutsro
843 490 992 543 PASTORE
1018 494 1062 546 ET
1086 496 1166 544 OVF..

106 621 146 685 ὡς
166 620 299 699 ἄνθρωποι
320 616 422 698 λογικοὶ
440 616 509 677 Θεὸν
522 618 570 676 οὒκ
583 617 743 695 ἔπέγνωμιν,
756 615 878 698 βούλεται

106 705 199 775 ἡμᾶς,
215 698 263 756 κᾶν
280 701 316 764 ὡς
334 696 455 778 πρόόατα
479 697 572 774 ἄλογα,
590 697 634 756 τδν
654 696 768 773 ποιμένα
813 697 877 777 ωρί-

109 800 168 836 σαι.
192 779 226 836 Et
248 779 300 858 γὰρ
320 776 401 837 ελθὼν
419 775 543 857 ὁΣιοτλρ
557 779 594 843 είς
607 776 651 835 τὸν
664 775 763 855 κόσμον
778 721 836 859 cipe
849 800 879 836 σε

110 859 249 930 ἄνθρωπον
274 858 388 934 λογικὸν,
416 855 566 937 ἀναγκαίως
592 879 634 915 σοι
659 859 695 922 ὡς
720 858 789 925 Θεὸς
814 861 879 917 ἒπε-

109 937 236 1016 φαίνετο·
261 939 319 995 ἀλλ’
341 937 431 1008 ἐπειδὴ
455 937 592 1016 ἄνθρωπον
612 935 659 1013 μὲν
679 939 728 1016 οὐχ
746 929 829 1019 εὗρεν,
843 941 879 1004 ὡς

108 1015 243 1098 πρόόατον
266 1015 294 1076 δὲ
318 1015 490 1093 πλανώμενον
515 1017 541 1084 ἐξ
562 1015 679 1117 ἀρχαίωγ
704 1017 816 1098 χρόνων,
834 1017 880 1074 καλ

110 1094 880 1256 ³633}th22⁸²sspittn“ttffiii,fi⁰”<issttt⁰ssa

111 1255 203 1314 δοῦλόν
226 1277 287 1313 σου·
313 1255 353 1315 διδ
375 1254 485 1334 κρύπτει
502 1253 550 1324 τὴν
574 1256 713 1334 βασιλικὴν
730 1256 815 1328 ἀξίαν,
835 1255 881 1316 καί

1583 470 1655 569 985

935 618 1000 678 tiam
1015 620 1133 692 noveris,
1149 616 1223 679 unde
1233 634 1374 699 cognosces
1389 615 1553 679 excellentia·
1566 616 1655 697 digni·

935 700 1039 759 tatem?
1056 701 1150 760 Palam
1165 721 1228 760 sane
1246 714 1287 760 est
1301 720 1380 759 ovem
1396 718 1451 759 esce
1472 700 1507 758 oh
1527 721 1578 780 sup
1599 698 1655 758 licii

934 775 1120 859 oeconomiam,
1135 794 1270 861 pastorem
1285 801 1350 840 vero
1363 779 1400 838 ob
1437 779 1564 845 otentiam
1612 777 1654 837 ui·

934 859 1053 937 gnitatis.
1068 864 1160 940 Neque
1184 861 1257 920 euim
1275 859 1408 918 erubescit
1451 880 1498 918 eus
1521 858 1654 939 appellari

933 953 1033 1076 pastor.
1048 940 1197 1021 Oportebat
1210 936 1321 1019 quidem
1342 961 1389 999 nos
1411 938 1502 1020 ipsum
1521 940 1609 997 Deum
1622 959 1654 997 ae

960 1039 1035 1110 egem
1051 1040 1211 1100 agnoscere:
1226 1016 1272 1078 sed
1291 1019 1356 1098 quia
1379 1020 1468 1077 Deum
1481 1032 1511 1076 ut
1532 1017 1655 1092 homiues

933 1112 1036 1158 ratione
1057 1100 1165 1181 praediti
1190 1120 1242 1159 nou
1264 1098 1401 1173 novimus,
1415 1098 1476 1159 vult
1488 1097 1536 1157 ille
1547 1120 1605 1174 nos,
1624 1109 1655 1157 ut

934 1199 998 1236 oves
1013 1179 1218 1254 irrationabilem
1232 1178 1328 1239 saltem
1348 1198 1490 1259 agnoscere
1504 1192 1651 1259 pastorem.

935 1257 966 1316 Si
987 1258 1059 1317 enim
1083 1262 1221 1329 Servatur,
1246 1279 1308 1318 cum
1328 1256 1358 1317 in
1379 1257 1513 1317 mundum
1527 1258 1613 1329 venit,
1629 1271 1655 1317 te

111 1333 240 1416 προφέρει
249 1331 297 1404 τὴν
308 1335 484 1412 ποιμαντικὴν
497 1334 664 1410 κηδεμονίαν.
683 1335 736 1394 Διά
747 1334 881 1397 τοῦτοκαὶ
899 1353 917 1400 Β
934 1336 1072 1397 hominem
1096 1337 1282 1399 rationabilem
1302 1359 1331 1397 re
1350 1339 1451 1414 erisset,
1465 1351 1495 1397 ut
1508 1339 1582 1396 Deus
1603 1336 1654 1395 tibi

112 1416 162 1472 ἀπ’
185 1416 270 1493 ἀρχῆς
283 1419 413 1491 οἰκονομεῖ
436 1417 463 1473 ἐν
483 1414 568 1494 φάτνῃ
588 1418 695 1486 τεθῆναι
712 1416 743 1474 τὸ
761 1422 839 1496 σῶμα
850 1415 881 1475 τὸ

112 1496 227 1566 ἑαυτοῦ,
246 1492 292 1551 καί
309 1495 416 1573 συνάγει
435 1497 471 1560 εἰς
493 1494 611 1573 ἀνάγκην
631 1493 679 1568 τὴν
704 1496 816 1578 μητέρα,
836 1494 883 1555 καὶ

112 1574 159 1631 τὸν
175 1577 222 1644 τῆς
237 1572 384 1650 οἰκονομίας
398 1573 532 1655 ὑπηρέτην
543 1573 624 1644 ’loro-i
652 1597 658 1611 ·
675 1576 767 1656 οὐγὰρ
781 1577 882 1652 εἴποιμι

113 1650 219 1789 προτέρα
239 1653 336 1752 ίκεῑγον
358 1658 403 1712 τοῦ
422 1655 565 1753 Σωτῆρος,
587 1598 645 1713 otti
663 1654 745 1736 ἄνδρα
767 1656 882 1737 Μαρίας,

112 1732 736 1893 {iinimiffiiiiaiiif'iir‘iiiiiiifiii
749 1735 882 1897 dmi&

113 1895 148 1969 τῇ
163 1891 339 1973 προσηγορίᾳ,
353 1895 407 1964 barn
426 1892 485 1965 ίτης
500 1891 528 1951 δὲ
537 1897 584 1963 τῆς
598 1892 757 1972 οἰκονομίας.
773 1897 883 1955 Στενοῦ-

115 1993 161 2028 ται
186 1963 230 2029 cdv
244 1964 317 2038 οὗτος
327 1971 394 2049 μετά
409 1917 516 2053 θίαρίας
531 1975 557 2031 ἐν
572 1972 703 2050 Βηθλεέμ,
717 1973 785 2034 ὥστε
800 1975 843 2034 διδ
852 1977 884 2037 τδ

115 2050 207 2110 mota
226 2059 272 2112 τοῦ
292 2049 476 2128 καταλάματος
492 2054 542 2111 ἀνα
579 2057 691 2124 αοθῆναι
704 2054 734 2113 τὸ
748 2053 841 2134 βρίφος
856 2058 883 2115 ἐν

115 2127 204 2210 φάτνῃ
217 2134 333 2201 τεθῆναι.
353 2133 423 2191 θεοῦ
443 2131 470 2190 δὲ
490 2123 523 2204 ἦν
538 2075 613 2209 ἔργον
627 2136 644 2203 ἡ
660 2134 794 2206 στένωαις,
808 2132 841 2192 ἵν’
858 2136 884 2206 ἐξ

115 2208 234 2289 ἀνάγκης
248 2213 284 2277 είς
298 2212 382 2269 ἐκεῖνο
392 2211 423 2270 τὸ
432 2211 529 2291 χωρίον
541 2215 656 2291 ἀποτεθῇ
668 2216 682 2271 ὁ
694 2211 885 2294 φιλάνθρωπος,

116 2291 235 2368 ἀποτεθῇ
250 2289 276 2349 δί
288 2335 296 2362 ,
310 2287 394 2370 φημί,
409 2290 452 2348 διά
464 2291 511 2364 τὴν
526 2290 651 2368 ἔνσαρκον
663 2293 821 2370 οἰκονομίαν.
833 2295 886 2356 Art

116 2367 146 2426 τί
159 2367 187 2426 δὲ
199 2373 276 2430 τοῦτο
296 2372 439 2447 οἰκονομεῖ,
457 2369 568 2442 Ἐπειδὴ
581 2375 598 2441 ί,
613 2370 698 2452 φάτνη
713 2371 814 2452 ἀλόγων
830 2375 886 2434 ἐστὶ

116 2447 254 2527 τράπεζα,
267 2455 284 2521 η
302 2448 330 2508 δὲ
344 2448 514 2529 ἀνθρωπότης
527 2454 564 2517 εἰς
577 2451 685 2531 ἀλογίαν
703 2453 804 2534 ἐτράπη
815 2453 886 2528 (Ἄν-

116 2528 281 2607 θρωποςγάρ
290 2531 387 2606 ἐντιμῇ
398 2529 593 2601 ὢν,οὗσυνῆκε·
606 2531 826 2612 παρασυνεόλήθη
835 2544 888 2601 τοῖς

935 1419 1083 1507 necessario
1091 1419 1276 1500 apparuisset:
1345 1418 1408 1496 quia
1419 1432 1444 1477 te
1453 1417 1589 1477 hominem
1601 1436 1656 1477 non

936 1498 1053 1574 invenit,
1068 1511 1205 1579 tamquam
1218 1518 1297 1557 ovem
1313 1497 1436 1579 apriscis
1451 1518 1536 1576 tuque
1549 1511 1653 1577 tempo·

934 1576 1011 1636 ribus
1025 1592 1167 1651 errantem,
1183 1592 1209 1637 et
1223 1598 1273 1658 per
1287 1577 1432 1660 prophetas
1453 1577 1601 1636 Dominum
1612 1577 1655 1651 iu·

935 1670 1085 1717 vocantem:
1093 1661 1204 1718 Errnei
1212 1662 1288 1717 sicut
1297 1661 1370 1729 ovis,
1381 1678 1446 1739 φασι
1452 1659 1549 1738 periit,
1558 1677 1655 1737 quaere
1666 1669 1731 1714 esar.
1742 1669 1794 1718 ιτα.

936 1754 1050 1796 servum
1061 1751 1142 1797 tuum
1154 1736 1228 1796 :ideo
1239 1758 1253 1794 r
1287 1737 1339 1796 iam
1350 1737 1467 1796 occultat
1479 1735 1652 1816 dignitatem,
1667 1734 1719 1793 ¹7⁶·

935 1828 962 1873 et
976 1815 1091 1896 pastoris
1102 1838 1194 1876 curam
1215 1758 1327 1899 proiicit.
1342 1816 1475 1888 Quocirca
1489 1837 1504 1874 a
1519 1814 1656 1897 principio

936 1896 1031 1955 statuit
1046 1897 1074 1955 in
1088 1896 1212 1977 praesenti
1224 1916 1323 1976 eorpus
1340 1917 1421 1954 suum
1434 1895 1559 1954 collocari
1574 1916 1657 1954 :ma-

937 1987 1057 2055 tremque
1064 1990 1091 2035 et
1097 1976 1250 2036 oeconomiae
1262 1975 1415 2036 ministrum
1425 1974 1526 2065 Joseph
1539 1975 1658 2054 inaugu·
1723 1977 1809 2035 sarept·

937 2054 1003 2114 stias
1024 2054 1247 2135 deduciteucque
1268 2056 1341 2114 enim
1365 2055 1444 2114 illum
1466 2054 1585 2114 drxerim
1612 2049 1812 2149 vel⁸?⁰'¹ffi¹¹?'¹'

938 2147 1042 2214 patrem
1052 2135 1213 2209 Servatoris,
1226 2135 1269 2195 vel
1283 2134 1377 2193 Mariae
1388 2134 1545 2211 virum,sed
1554 2133 1659 2194 socium
1667 2117 1810 2215 2¹:¹⁸„ssssss

939 2227 965 2272 et
981 2213 1157 2274 mediatorem
1170 2212 1304 2295 mysterii.
1322 2213 1464 2292 Siquidem
1478 2234 1591 2294 sponsus
1602 2226 1660 2273 erat
1670 2233 1770 2277 nonme.

938 2292 1063 2372 virginis,
1078 2315 1130 2353 nou
1144 2295 1257 2354 maritus
1272 2292 1348 2373 ejus;
1360 2293 1408 2352 sed
1420 2293 1533 2352 maritus
1550 2291 1661 2372 quidem

940 2372 1058 2448 nomine,
1081 2395 1111 2432 re
1128 2373 1250 2434 minister
1269 2373 1431 2432 oeoouomiae.
1448 2371 1500 2431 Hic
1519 2372 1612 2450 itaque
1632 2369 1661 2430 iu

940 2467 1087 2531 angustum
1102 2452 1247 2514 deducitur
1261 2473 1323 2511 cum
1337 2451 1424 2513 Maria
1439 2450 1467 2510 in
1484 2448 1659 2528 Bethlehem3

939 2534 980 2591 ita
992 2546 1024 2591 ut
1038 2548 1148 2672 propter
1168 2530 1313 2592 diversorii
1334 2531 1471 2623 angustias
1491 2530 1620 2590 infantem
1633 2531 1662 2590 iu

117 2606 228 2678 κτήνεσι
237 2617 290 2675 τοῖς
300 2608 429 2681 ἀνοήτοις,
439 2608 485 2668 καί
495 2608 621 2687 ὡμοιώθη
628 2614 736 2684 αὐτοῖς),
745 2612 833 2684 τίθησι
841 2612 889 2687 τὴν
906 2627 925 2675 c
941 2613 1072 2694 praesepio
1102 2613 1175 2672 ocari
1188 2632 1293 2671 necesse
1311 2613 1401 2671 fuerit.
1417 2610 1468 2671 Dei
1487 2625 1577 2669 autem
1594 2629 1662 2691 opus

116 2686 219 2767 τροφὴν
234 2686 281 2760 τὴν
300 2688 416 2769 οὐράνιον
435 2689 597 2770 τῇτραπίζη
612 2695 664 2749 τῶν
677 2696 790 2765 κτηνῶν,
808 2691 851 2751 ἵνα
864 2698 889 2753 oi

117 2765 262 2839 κτηνιίνδεις
274 2767 323 2840 τὴν
342 2767 441 2849 ψυχὴν,
459 2767 657 2850 προσελθόντες,
671 2773 707 2838 ὣς
721 2771 806 2852 οἰκείᾳ
824 2797 890 2856 τρα-

116 2844 205 2919 πέζῃ,
228 2852 262 2928 τῇ
284 2847 387 2928 φάτνῃ,
412 2845 509 2925 εθρωσι
531 2850 627 2926 μηκέτι
646 2850 767 2924 κτηνώδη
785 2852 890 2937 χόρτον,

119 2913 192 2986 ἀλλά
205 2926 250 2986 τδν
271 2927 422 3008 φάσκοντα,
436 2925 508 3008 Ἐγιί
524 2932 606 3007 είμιδ
622 2930 698 3012 ἀρτος
713 2935 727 2989 ὁ
741 2931 768 2999 ἐξ
781 2921 890 3014 οὖρανοῦ

118 3006 250 3080 καταόάς,
264 3007 308 3066 καλ
328 3005 397 3078 ζωὴν
415 3006 498 3075 διδοὺς
516 3012 555 3088 τῷ
570 3009 671 3091 κόσμῳ.
690 3011 829 3093 Πρόόατον
842 3011 893 3090 μίν

118 3075 168 3145 οὖν
180 3085 224 3144 διὰ
232 3082 280 3159 τὴν
291 3086 452 3165 οἰκονομίαν,
465 3086 534 3156 Θεδς
546 3088 573 3148 δὲ
586 3089 628 3147 διά
639 3089 687 3163 τὴν
699 3092 792 3151 ἑαυτοῦ
803 3091 890 3160 δόξαν.

119 3163 234 3238 Τίθησιν
254 3156 300 3226 ode
314 3166 362 3240 τὴν
380 3170 473 3227 ἑαυτοῦ
486 3167 574 3246 ψυχὴν
590 3167 657 3249 ὑπὲρ
671 3172 724 3230 τῶν
740 3171 890 3310 πχοόάτων,

120 3247 170 3304 οθκ
184 3244 300 3326 ἀνάγκην
314 3245 463 3324 ὑπομένων,
481 3251 516 3314 ὡς
528 3248 609 3328 ἔφθην
625 3246 718 3325 εἰπὼν,
735 3253 752 3309 ἀ
786 3250 889 3332 ἀπρα-

119 3325 251 3402 γματείαν
263 3324 463 3407 ἀναδεχόμενος.
483 3327 576 3386 Πάντα
587 3327 639 3407 γάρ
650 3327 699 3390 ὅσα
708 3333 734 3390 ἐν
745 3336 778 3403 τῆ
789 3333 892 3390 παλαιά

120 3405 232 3485 λατρείφ
252 3405 405 3484 γεγένηται,
427 3408 463 3473 εἰς
483 3406 528 3466 τὸν
550 3409 665 3488 Σωτῆρα
686 3408 734 3481 τὴν
754 3394 889 3492 ἀνακεφαἑ

119 3484 232 3545 λαίιοσιν
249 3484 339 3568 φέρει,
355 3485 409 3546 είτι
419 3486 583 3567 προφητεία,
609 3487 813 3567 εἴτείερωσιίνη,
837 3490 890 3550 είτι

121 3562 262 3641 βασιλεία,
283 3565 336 3624 είτε
358 3565 431 3634 ναὸς,
455 3565 507 3625 είτι
530 3566 724 3648 θυσιαστήριον,
737 3569 790 3628 εἴτε
803 3593 887 3629 κατα-

119 3643 258 3722 πέτασμα,
274 3644 326 3703 είτε
345 3645 467 3714 κιόωτδς,
483 3644 534 3704 εἴτε
550 3646 712 3725 ἱλαστήριον,
727 3646 779 3706 είτε
792 3650 889 3725 μάννα,

121 3721 176 3782 είτι
191 3723 295 3802 ῥάόδος,
313 3723 365 3784 είτε
382 3725 510 3804 στάμνος,
527 3724 599 3785 ἐίτε
610 3750 637 3784 τι
649 3726 729 3801 άλλο,
748 3729 836 3789 πάντα
853 3733 890 3795 εἰς

121 3803 201 3863 αὐτόν
222 3802 271 3875 τὴν
294 3804 427 3885 ἀναφοράν
449 3804 512 3884 ἔχει.
536 3805 712 3887 Συνεχώρησε
727 3807 807 3890 γάρὸ
822 3810 891 3876 Θεὸς

943 2705 1019 2751 eraut
1041 2692 1172 2772 angustiae
1187 2692 1253 2765 illae,
1267 2704 1298 2750 ut
1317 2712 1351 2750 ex
1368 2690 1562 2751 necessitateiu
1583 2690 1663 2748 illum

943 2787 1117 2852 reponeretur
1139 2772 1229 2832 locum
1249 2771 1382 2852 benignus
1397 2770 1457 2848 illm
1473 2768 1661 2850 deponeretur,

944 2852 1066 2930 iuquam,
1077 2866 1188 2975 propter
1197 2851 1330 2912 carnalem
1346 2847 1531 2910 oeconomiam.
1542 2849 1599 2908 Cur
1612 2848 1665 2911 hoe

945 2931 1137 3012 itadispensat.
1152 2931 1224 3004 Quia
1254 2928 1545 3012 raesepecstbrutorum
1556 2949 1662 3004 mensa;

945 3010 1099 3070 humanitas
1111 3033 1176 3071 vero
1188 3011 1216 3070 in
1228 2953 1370 3070 iturorum
1384 3024 1509 3068 naturam
1521 3007 1664 3088 degenera-

944 3091 1108 3166 vit(Homo
1127 3090 1217 3167 euim,
1231 3112 1297 3150 eum
1317 3094 1348 3148 in
1368 3092 1479 3148 honore
1496 3101 1580 3161 esset,
1603 3108 1664 3147 non
1672 3103 1739 3148 Psat.
1751 3103 1790 3161 att.

945 3171 1111 3241 intellexit:
1119 3183 1305 3264 comparatus
1317 3183 1360 3230 est
1364 3171 1506 3252 jumentis
1523 3170 1663 3246 insipien-
1675 3168 1712 3214 ¹3·

945 3255 1032 3323 tibus,
1046 3264 1075 3309 et
1091 3252 1196 3310 similas
1198 3252 1305 3334 faetus
1317 3263 1360 3309 est
1373 3248 1465 3324 illisu·
1475 3247 1606 3306 caelestem
1620 3247 1663 3306 ci-

944 3328 1011 3389 bum
1024 3331 1053 3389 in
1066 3331 1209 3390 brutorum
1223 3351 1314 3388 mensa
1327 3328 1450 3409 apponit,
1467 3341 1498 3385 ut
1512 3327 1559 3405 qui
1572 3326 1663 3385 auimo

945 3409 1020 3470 bruti
1039 3424 1135 3486 essent,
1156 3410 1184 3467 iu
1199 3408 1328 3489 praesepi,
1342 3407 1419 3484 quasi
1439 3405 1467 3464 iu
1486 3406 1596 3496 propria
1610 3405 1663 3464 sibi

946 3510 1053 3564 mensa,
1066 3510 1120 3548 non
1132 3488 1203 3546 ultra
1216 3489 1360 3546 brutorum
1374 3486 1476 3545 soenum
1495 3485 1662 3559 invenirent3

945 3568 993 3628 sed
1003 3589 1066 3627 eum
1077 3565 1125 3647 qui
1133 3567 1216 3638 dixit,
1229 3570 1294 3646 Ego
1304 3586 1368 3624 sum
1376 3568 1533 3646 pemmoni
1545 3565 1813 3634 decoeloyoanffl,

944 3648 1082 3707 descendi
1082 3694 1092 3720 ,
1105 3661 1131 3706 et
1142 3650 1193 3727 qui
1205 3647 1258 3706 dat
1269 3649 1365 3704 vitam
1376 3644 1567 3704 mundoOvis
1577 3643 1662 3722 igitur
1671 3649 1710 3711 [μ.

944 3742 1054 3807 propter
1067 3724 1252 3802 oecommiam,
1266 3727 1341 3784 Deus
1351 3745 1416 3783 vero
1426 3737 1536 3805 propter
1548 3722 1662 3861 ploriam

945 3827 1031 3866 suam.
1045 3807 1124 3865 Ponit
1135 3804 1431 3885 igiturauimemsuam
1465 3802 1548 3864 roovi
1571 3821 1739 3864 usnonsoan.
1762 3830 1797 3862 to.

120 3881 257 3942 Ἰουδαίων
275 3884 366 3952 παισίν
380 3885 425 3943 ἀπ’
441 3888 526 3965 ἀρχῆς
538 3885 586 3956 τὴν
597 3891 649 3945 τῶν
665 3891 761 3946 θυσιῶν
774 3891 890 3969 λειτουρ·
907 3905 926 3953 ι)
946 3886 1099 3947 necessitate
1108 3886 1211 3965 aliqua,
1219 3898 1249 3943 ut
1255 3886 1313 3965 jam
1323 3883 1393 3976 dixi,
1404 3904 1431 3943 se
1462 3883 1514 3942 hoc
1524 3883 1662 3962 negotium
1675 3893 1710 3926 ¹¹·

119 3960 192 4040 γίαν,
206 3965 255 4021 οὐκ
267 3963 465 4041 ἀναπαυόμενος
484 3971 541 4030 ταῖς
556 3966 665 4039 θυσίαις,
685 3966 753 4026 ἀλλὰ
765 3969 890 4046 βουλόμε-

119 4064 165 4109 νος
186 4040 279 4108 αὐτοὺς
297 4043 351 4102 ἀπὸ
364 4050 410 4103 τοῦ
427 4042 607 4121 Ἑλληνισμοῦ
622 4042 809 4107 θάποσπάσαι.
837 4047 890 4107 Καὶ

120 4118 150 4188 ἐξ
163 4121 261 4181 ἐκείνου
280 4121 426 4203 ἡνιοχήσας
444 4124 536 4190 αὐτοὺς
556 4124 621 4203 πρδς
635 4123 652 4182 δ
666 4125 797 4203 βούλεται,
812 4150 888 4207 περι-

120 4199 225 4272 τίθησιν
245 4205 331 4282 ίαυτῷ
351 4200 418 4280 δμὴ
439 4202 574 4282 βούληται.
595 4203 705 4276 Ἐπειδὴ
725 4204 777 4286 γάρ
787 4207 890 4267 οὐδέπω

120 4278 218 4360 ἐχώρει
230 4278 363 4340 Ἰουδαίων
378 4281 479 4341 διάνοια
492 4282 614 4351 δέξασθαι
624 4287 804 4361 πνευματικὴν
817 4287 890 4366 ἐνέρ-

121 4382 211 4440 γειαν,
231 4360 300 4419 ἀλλά
315 4365 348 4440 τῇ
363 4366 416 4421 τῶν
435 4363 515 4421 ἐθνῶν
530 4363 654 4443 συνηθείφι
668 4364 829 4439 διδοιίλωτο,
844 4366 890 4425 καί

120 4439 310 4584 &adddit
319 4439 890 4602 ‘ii‘iissiiiiiiiii’iiii⁶4⁰‘i‘ii‘

79 4654 85 4662 ,
121 4542 206 4671 θείας,
227 4597 274 4657 καλ
295 4541 423 4680 ἀρειάχθτάί
439 4590 476 4659 ὧν
498 4602 535 4678 μὴ
561 4547 891 4686 βοθίληάαίίῳΚάθςιίίοάἀρ

120 4677 212 4758 πατὴρ
234 4677 339 4757 α’γαθδς,
355 4679 461 4740 ἐπειδάν
477 4680 521 4760 ίδῃ
533 4681 576 4741 τὸν
588 4686 682 4742 ἑαυτοῦ
696 4685 780 4743 παῖδα
792 4692 890 4765 επερι-

119 4755 892 4922 iiiiimaiiiiiffiniiiiiiiiiiaiiiiiiiimi

118 4883 170 4987 τλν
181 4863 389 4996 ειίσχημοσόνηθ>
395 4920 466 4998 αὐτῷ
478 4919 626 5000 φυλάττειν,
637 4921 683 4980 καὶ
694 4921 742 4994 τλν
757 4868 890 4984 ἀναίδιίάν

119 5000 169 5068 τῆς
190 4997 299 5065 παιδιᾶς
316 4996 532 5068 θάνασκευάζων·
546 4998 615 5059 οἱίτω
630 5002 675 5060 καί
688 5007 702 5061 δ
717 5003 786 5072 θεὸς
800 5004 890 5084 βουλό-

155 5171 166 5194 ·
201 5164 253 5210 Eira
265 5178 286 5210 τι
297 5162 356 5211 ἄλλο
366 5156 437 5210 decet
448 5159 474 5210 in
486 5159 547 5228 neg.

156 5237 170 5273 b
188 5235 250 5301 ueg.
263 5245 407 5300 ἀποσπάσαι,
417 5244 445 5291 δι’
458 5246 706 5309 (ermenteriarum
718 5253 773 5312 πρὸς
793 5252 808 5298 ἀ
825 5251 882 5313 βού-

124 5323 202 5370 λιτπι.
213 5319 291 5374 ίπιιόἡ
302 5325 356 5388 γάρ.

294 5402 365 5442 101¹.
390 5405 439 5445 ΙΙΙ.

945 3967 1101 4049 suscipiens.
1125 3966 1310 4043 Quaecumque
1336 3984 1407 4022 euun
1431 3963 1459 4022 iu
1480 3964 1564 4023 veteri
1587 3962 1663 4022 cultu

944 4047 1097 4118 factasunt,
1108 4045 1136 4104 in
1150 4046 1319 4105 Servatorem
1334 4043 1501 4103 reducuntur
1513 4067 1519 4101 :
1531 4043 1590 4103 sire
1601 4063 1662 4124 pro-

944 4127 1053 4207 phetia,
1078 4125 1136 4185 sive
1158 4123 1349 4197 sacerdotium,
1377 4123 1436 4182 sire
1461 4144 1585 4203 regnum,
1605 4123 1663 4181 sive

945 4206 1085 4288 tempium,
1097 4205 1153 4265 sire
1166 4206 1258 4280 altare,
1268 4204 1326 4263 sive
1339 4203 1439 4277 velum,
1455 4202 1511 4262 sive
1524 4208 1595 4274 area,
1605 4201 1663 4260 sive

944 4284 1173 4368 propitiatorium,
1187 4285 1245 4345 sive
1258 4304 1367 4354 manna,
1380 4282 1437 4341 sive
1450 4283 1538 4362 virga,
1550 4281 1607 4340 sive
1616 4302 1663 4339 ur-

946 4387 989 4438 na,
1002 4367 1060 4426 sive
1092 4365 1214 4445 uidpiam
1233 4362 1321 4436 aliud,
1336 4362 1426 4420 omnia
1441 4361 1468 4421 in
1482 4363 1572 4453 ipsum
1593 4361 1661 4419 rese·

945 4459 1050 4504 ruutur.
1073 4388 1209 4504 doncessit
1230 4442 1301 4501 euim
1320 4443 1392 4500 Deus
1413 4441 1515 4504 Judaers
1531 4442 1566 4500 ab
1583 4438 1662 4499 initio
1697 4463 1814 4508 caruem

945 4525 1140 4584 sacrificiorum
1169 4521 1360 4599 ministerium,
1388 4541 1441 4580 non
1464 4519 1540 4600 quod
1567 4518 1663 4579 hostiis
1672 4525 1755 4602 ita-dari·
1780 4543 1815 4569 aa·

946 4605 1132 4683 acquiesceret,
1147 4603 1193 4662 sed
1206 4614 1236 4660 ut
1246 4623 1291 4661 eos
1303 4623 1318 4659 a
1332 4600 1474 4680 gentilium
1488 4600 1661 4680 superstitio·
1672 4589 1815 4695 ⁰⁰⁰?:²‘⁰⁰·

947 4685 1026 4744 uibus
1035 4683 1171 4742 avelleret.
1186 4681 1254 4741 Inde
1267 4702 1333 4740 vero
1347 4702 1412 4739 cum
1424 4681 1486 4740 illos
1495 4679 1618 4740 duxisset
1628 4678 1663 4738 ad
1673 4665 1727 4695 “⁵¹¹
1740 4681 1747 4695 ⁸

946 4785 976 4823 ea
990 4785 1050 4842 quae
1066 4763 1123 4846 ipse
1142 4761 1239 4837 vellet,
1259 4760 1289 4819 id
1308 4759 1360 4820 sihi
1381 4760 1433 4841 ipsi
1457 4759 1578 4840 apponit,
1592 4758 1664 4840 quod

946 4844 1057 4902 minime
1070 4841 1139 4902 nult.
1151 4842 1223 4913 Quia
1237 4840 1309 4899 euim
1324 4860 1399 4899 meus
1411 4838 1569 4902 Judaeorum
1584 4839 1665 4919 spiri·

946 4923 1047 4982 tualem
1062 4924 1243 5003 operationem
1258 4919 1379 4980 nondum
1399 4919 1664 4999 susciperepoterat,

947 5003 1028 5063 sedin
1037 5003 1193 5064 servitutem
1204 5000 1347 5082 gentilium
1353 4997 1666 5059 cousuetudinumdedu·

938 5181 949 5207 ε
966 5165 1112 5233 Suspicatus
1122 5161 1200 5216 Savil.
1212 5157 1345 5232 legendum
1358 5166 1408 5231 περὶ
1419 5167 1519 5225 παίγνια.

943 5248 956 5286 ‘¹
976 5249 1035 5316 Reg.
1049 5252 1233 5313 παρασκευάζων.
