3810 6000
184 665 262 822 s.
322 663 784 829 inlunis
840 672 1639 889 uflnnsosrour,

440 1031 788 1108 ARCHlEPlSCOPl
813 1034 1390 1132 CONSTANTINOPOLITANl,

496 1590 552 1651 DE
572 1591 767 1653 mortuus
787 1591 1334 1666 cousrnurluopourunuls

360 1850 474 1917 DEQUE
507 1852 549 1903 tls
580 1854 655 1919 QUAE
686 1852 733 1903 An
767 1853 948 1917 uunuuoult
979 1851 1056 1902 Esus
1089 1854 1249 1903 nxsmum
1282 1853 1472 1902 SPBCTANT.

157 2091 1652 2127 m

639 2341 1209 2497 PROOEMIUM.
1618 2332 1673 2545 κ’

195 2682 295 2745 Visum
308 2695 348 2743 est
360 2704 389 2744 ea
403 2681 494 2743 omnia
507 2679 647 2763 Opuscula
665 2699 725 2760 qua
739 2675 773 2737 ad
786 2673 925 2738 historiam
938 2687 1063 2735 motuum
1076 2673 1443 2754 constantinopolitanorum,
1458 2687 1485 2734 et
1498 2673 1536 2734 ad
1552 2687 1677 2752 utrum¹

154 2760 341 2855 chrysostomi
362 2773 490 2834 exsilium
504 2784 633 2853 spectant,
648 2771 677 2830 in
692 2770 769 2850 prius
781 2767 872 2829 Editis
883 2766 949 2827 hine
962 2781 988 2827 et
1008 2765 1071 2826 inde
1089 2787 1193 2848 sparsa,
1207 2764 1356 2826 secundum
1369 2767 1500 2848 temporis
1516 2762 1676 2829 ordinab-

154 2865 236 2924 simul
248 2865 392 2942 collocare,
406 2877 432 2923 et
441 2861 627 2946 Epistolarum
640 2858 791 2922 collectioni
805 2858 976 2940 promittere.
991 2858 1061 2919 Sunt
1077 2871 1167 2917 autem
1178 2856 1236 2916 hee
1248 2856 1388 2938 Opuscula
1401 2856 1564 2940 hujusmodi
1576 2885 1584 2921 e
1680 2894 1687 2995 p

175 3030 205 3085 l.
227 3023 345 3084 Homilia
356 3023 384 3083 in
397 3022 561 3105 Eutropium
571 3022 727 3083 eunuchum
741 3034 768 3082 ct
780 3021 938 3097 Patricium,
952 3021 1000 3100 qui
1014 3020 1049 3081 ad
1059 3020 1176 3082 ecclesia
1188 3020 1295 3102 asylum
1305 3022 1473 3102 confugerat.
1682 3002 1687 3111 ,³

175 3122 204 3178 u.
227 3115 384 3179 Homiliain
398 3115 526 3176 eumdem
539 3115 714 3197 Eutropium,
729 3113 776 3193 qui
788 3114 906 3176 coelesiae
916 3113 994 3194 asylo
1004 3113 1097 3174 relicto
1110 3127 1205 3194 eaptus
1213 3126 1262 3174 est.

174 3213 205 3269 5.
227 3206 346 3269 Homilia
357 3229 419 3268 cum
430 3207 591 3269 Saturninus
602 3219 629 3265 ct
639 3207 801 3268 Aurelianus
811 3206 864 3266 acti
874 3219 963 3266 essent
971 3206 999 3265 iu
1007 3204 1146 3281 exsilium,
1154 3220 1181 3267 et
1192 3205 1293 3266 Gainas
1301 3228 1423 3287 egressus
1432 3221 1503 3268 osset
1511 3228 1547 3269 ex
1556 3207 1653 3268 civim

173 3302 205 3362 l.
226 3299 345 3361 Homilia
357 3299 543 3380 chrysostomi
555 3311 616 3379 post
627 3296 745 3358 reditum
756 3319 791 3358 ex
803 3297 878 3374 Asia,
893 3319 929 3358 ex
943 3318 997 3376 quo
1010 3298 1105 3359 itinere
1118 3298 1235 3359 Asiatico
1248 3298 1400 3360 occasiones
1418 3298 1563 3361 incursandi
1572 3299 1667 3378 ΟΜ»-
1680 3334 1687 3363 2

295 3389 497 3471 stornieaptatae
510 3391 593 3450 suere.
1680 3382 1687 3399 ⁴

178 3487 209 3546 5.
232 3483 352 3544 Humilia
364 3504 413 3543 seu
425 3481 604 3542 Oratiuncula
617 3479 651 3540 de
661 3479 816 3562 recipiendo
827 3480 983 3557 Severiano,
998 3481 1047 3559 qui
1057 3481 1218 3543 tumultaute
1231 3482 1332 3564 populo
1346 3483 1445 3564 pulsus
1458 3485 1556 3545 luerat.
1681 3498 1687 3555 5

177 3579 208 3638 6.
230 3575 349 3637 Homilia
359 3597 406 3636 scu
419 3574 597 3636 Oratiuncula
611 3571 763 3648 severiani,
777 3594 841 3633 cum
858 3587 998 3654 susceptus
1011 3587 1080 3634 essct
1092 3595 1107 3632 a
1123 3573 1202 3634 beato
1213 3577 1315 3637 Joanue
1330 3575 1459 3657 episeopo
1470 3575 1665 3655 constantinop·

277 3665 370 3727 litano.

180 3762 210 3819 7.
231 3758 350 3818 Humilia
363 3772 505 3837 antequam
516 3756 566 3816 iret
577 3757 605 3815 io
616 3756 755 3833 exsilium,
770 3772 796 3818 et
808 3770 886 3819 vetus
898 3759 987 3819 versio
1002 3759 1096 3819 Latina
1108 3758 1241 3839 ejusdem.

180 3853 211 3913 8.
233 3851 325 3910 Altera
337 3865 479 3928 antequam
493 3849 543 3908 iret
556 3847 585 3906 in
598 3848 737 3925 exsilium,
754 3849 901 3917 ἀνέκδοτος.

181 3947 212 4003 9.
235 3942 353 4002 Homilia
365 3954 426 4023 post
439 3939 556 4000 reditum
570 3961 585 3998 a
599 3940 690 4023 priore
702 3940 810 4016 exsilio,
825 3955 940 4002 etvetus
954 3941 1042 4001 versio
1055 3944 1150 4002 Latina
1163 3941 1295 4024 ejusdcm.

163 4036 212 4094 10.
236 4032 326 4094 Altera
340 4044 402 4113 post
411 4031 526 4091 reditum
539 4054 555 4091 a
568 4033 657 4112 priore
671 4033 778 4094 exsilio.

163 4130 213 4186 11.
236 4125 354 4186 Romilia
365 4124 400 4184 de
411 4123 559 4185 Chananaea
573 4138 633 4205 post
647 4125 763 4185 reditum
775 4125 878 4185 hahita.

164 4223 214 4280 lu.
236 4219 329 4295 Liber,
335 4217 417 4294 Quod
430 4236 508 4277 nemo
523 4217 630 4278 laeditur
644 4219 696 4278 nisi
707 4242 723 4278 a
736 4219 879 4299 seipso,ab
892 4218 988 4279 exsilio
999 4218 1126 4298 scriptus.

165 4314 212 4373 15.
236 4311 320 4372 Liber
331 4309 460 4373 adversus
471 4311 575 4390 eosqui
588 4310 758 4371 scandalium
768 4325 840 4386 sunt,
851 4310 915 4372 item
925 4312 960 4370 ab
968 4310 1065 4373 exsilio
1077 4310 1203 4391 scriptus.

204 4473 267 4533 llaee
278 4470 368 4533 omnia
379 4471 518 4552 Opuscula
528 4492 590 4532 cum
600 4470 709 4552 praeviis
723 4469 836 4532 Monitis
846 4468 1040 4551 subjiciuntur.
