<?xml version="1.0" encoding="UTF-8"?>
<!DOCTYPE html PUBLIC "-//W3C//DTD XHTML 1.0 Transitional//EN"
    "http://www.w3.org/TR/xhtml1/DTD/xhtml1-transitional.dtd">
<html xmlns="http://www.w3.org/1999/xhtml" xml:lang="en" lang="en">
 <head>
  <title>
</title>
<meta http-equiv="Content-Type" content="text/html;charset=utf-8" />
  <meta name='ocr-system' content='tesseract 3.04.00' />
  <meta name='ocr-capabilities' content='ocr_page ocr_carea ocr_par ocr_line ocrx_word'/>
</head>
<body>
  <div class='ocr_page' id='page_1' title='image "./sanctipatrisnos03chrygoog/sanctipatrisnos03chrygoog_0663.png"; bbox 0 0 3764 5992; ppageno 0'>
   <div class='ocr_carea' id='block_1_1' title="bbox 687 424 1602 552">
    <p class='ocr_par' dir='ltr' id='par_1_1' title="bbox 687 424 1602 552">
     <span class='ocr_line' id='line_1_1' title="bbox 687 424 1602 552; baseline 0.004 -24"><span class='ocrx_word' id='word_1_1' title='bbox 687 549 688 552; x_wconf 8' lang='grc' dir='ltr'>γ</span> <span class='ocrx_word' id='word_1_2' title='bbox 735 480 916 530; x_wconf 78' lang='lat' dir='ltr'><strong>eersuone.</strong></span> <span class='ocrx_word' id='word_1_3' title='bbox 1519 424 1602 532; x_wconf 48' lang='lat'><strong>,635</strong></span> 
     </span>
    </p>
   </div>
   <div class='ocr_carea' id='block_1_2' title="bbox 55 600 1753 5195">
    <p class='ocr_par' dir='ltr' id='par_1_2' title="bbox 57 600 1753 2782">
     <span class='ocr_line' id='line_1_2' title="bbox 58 600 1601 687; baseline 0.005 -28"><span class='ocrx_word' id='word_1_4' title='bbox 58 602 132 681; x_wconf 77' lang='grc' dir='ltr'>ὅμως</span> <span class='ocrx_word' id='word_1_5' title='bbox 151 601 198 662; x_wconf 84' lang='grc' dir='ltr'><strong>καί</strong></span> <span class='ocrx_word' id='word_1_6' title='bbox 219 601 281 683; x_wconf 81' lang='grc' dir='ltr'>πρὶν</span> <span class='ocrx_word' id='word_1_7' title='bbox 301 600 319 674; x_wconf 79' lang='grc' dir='ltr'><strong>ἢ</strong></span> <span class='ocrx_word' id='word_1_8' title='bbox 340 607 433 680; x_wconf 79' lang='grc' dir='ltr'><strong>μαθεῖν</strong></span> <span class='ocrx_word' id='word_1_9' title='bbox 456 602 505 677; x_wconf 72' lang='grc' dir='ltr'>τὴν</span> <span class='ocrx_word' id='word_1_10' title='bbox 521 603 616 677; x_wconf 79' lang='grc' dir='ltr'>αἰτίαν,</span> <span class='ocrx_word' id='word_1_11' title='bbox 637 606 755 667; x_wconf 68' lang='grc' dir='ltr'>ὠδυνᾶτο</span> <span class='ocrx_word' id='word_1_12' title='bbox 769 607 829 687; x_wconf 79' lang='grc' dir='ltr'>μίν,</span> <span class='ocrx_word' id='word_1_13' title='bbox 885 604 989 666; x_wconf 86' lang='lat' dir='ltr'><strong>nullius</strong></span> <span class='ocrx_word' id='word_1_14' title='bbox 1000 603 1122 666; x_wconf 80' lang='lat' dir='ltr'><strong>criminis</strong></span> <span class='ocrx_word' id='word_1_15' title='bbox 1130 603 1184 666; x_wconf 77' lang='lat' dir='ltr'><strong>sihi</strong></span> <span class='ocrx_word' id='word_1_16' title='bbox 1193 602 1293 670; x_wconf 82' lang='lat' dir='ltr'><strong>conscii</strong></span> <span class='ocrx_word' id='word_1_17' title='bbox 1303 615 1377 682; x_wconf 84' lang='lat' dir='ltr'><strong>sunt,</strong></span> <span class='ocrx_word' id='word_1_18' title='bbox 1386 622 1482 664; x_wconf 79' lang='lat' dir='ltr'><strong>terum</strong></span> <span class='ocrx_word' id='word_1_19' title='bbox 1492 603 1601 669; x_wconf 80' lang='lat' dir='ltr'><strong>eximiis</strong></span> 
     </span>
     <span class='ocr_line' id='line_1_3' title="bbox 58 691 1601 779; baseline 0.005 -28"><span class='ocrx_word' id='word_1_20' title='bbox 58 693 136 773; x_wconf 80' lang='grc' dir='ltr'>ἔφερε</span> <span class='ocrx_word' id='word_1_21' title='bbox 149 692 177 751; x_wconf 80' lang='grc' dir='ltr'>δί</span> <span class='ocrx_word' id='word_1_22' title='bbox 195 691 334 771; x_wconf 72' lang='grc' dir='ltr'>γενναίως,</span> <span class='ocrx_word' id='word_1_23' title='bbox 349 695 395 754; x_wconf 83' lang='grc' dir='ltr'><strong>καὶ</strong></span> <span class='ocrx_word' id='word_1_24' title='bbox 418 694 487 771; x_wconf 77' lang='grc' dir='ltr'>μετὰ</span> <span class='ocrx_word' id='word_1_25' title='bbox 509 695 539 755; x_wconf 89' lang='grc' dir='ltr'><strong>πδ</strong></span> <span class='ocrx_word' id='word_1_26' title='bbox 563 697 651 757; x_wconf 87' lang='grc' dir='ltr'>πάντα</span> <span class='ocrx_word' id='word_1_27' title='bbox 677 699 830 774; x_wconf 64' lang='lat' dir='ltr'><strong>ementati,</strong></span> <span class='ocrx_word' id='word_1_28' title='bbox 884 697 1019 758; x_wconf 83' lang='lat' dir='ltr'><strong>virtutum</strong></span> <span class='ocrx_word' id='word_1_29' title='bbox 1038 696 1200 758; x_wconf 71' lang='lat' dir='ltr'><strong>ornamentis</strong></span> <span class='ocrx_word' id='word_1_30' title='bbox 1215 695 1336 779; x_wconf 64' lang='lat' dir='ltr'><strong>praediti,</strong></span> <span class='ocrx_word' id='word_1_31' title='bbox 1352 695 1376 756; x_wconf 88' lang='lat' dir='ltr'><strong>si</strong></span> <span class='ocrx_word' id='word_1_32' title='bbox 1387 692 1455 776; x_wconf 83' lang='lat' dir='ltr'><strong>quid</strong></span> <span class='ocrx_word' id='word_1_33' title='bbox 1466 696 1601 778; x_wconf 85' lang='lat' dir='ltr'><strong>ejusmodi</strong></span> 
     </span>
     <span class='ocr_line' id='line_1_4' title="bbox 57 786 1600 872; baseline 0.005 -29"><span class='ocrx_word' id='word_1_34' title='bbox 57 786 106 857; x_wconf 76' lang='lat' dir='ltr'><strong>riu</strong></span> <span class='ocrx_word' id='word_1_35' title='bbox 121 786 270 864; x_wconf 74' lang='grc' dir='ltr'>θαυμασίαν</span> <span class='ocrx_word' id='word_1_36' title='bbox 281 786 383 860; x_wconf 73' lang='grc' dir='ltr'>ἐκείνην</span> <span class='ocrx_word' id='word_1_37' title='bbox 394 789 479 867; x_wconf 71' lang='grc' dir='ltr'>ἀφῆκε</span> <span class='ocrx_word' id='word_1_38' title='bbox 490 788 594 867; x_wconf 76' lang='grc' dir='ltr'>φωνήν·</span> <span class='ocrx_word' id='word_1_39' title='bbox 609 787 643 850; x_wconf 89' lang='grc' dir='ltr'><strong>Ὁ</strong></span> <span class='ocrx_word' id='word_1_40' title='bbox 657 789 753 872; x_wconf 82' lang='grc' dir='ltr'>Κύριος</span> <span class='ocrx_word' id='word_1_41' title='bbox 764 791 831 851; x_wconf 76' lang='grc' dir='ltr'>ἔδω-</span> <span class='ocrx_word' id='word_1_42' title='bbox 884 789 1031 870; x_wconf 84' lang='lat' dir='ltr'><strong>patiantur,</strong></span> <span class='ocrx_word' id='word_1_43' title='bbox 1037 786 1494 868; x_wconf 76' lang='lat' dir='ltr'><strong>dummodomsurreetionisdogma</strong></span> <span class='ocrx_word' id='word_1_44' title='bbox 1500 789 1600 867; x_wconf 84' lang='lat' dir='ltr'><strong>norint,</strong></span> 
     </span>
     <span class='ocr_line' id='line_1_5' title="bbox 58 874 1600 964; baseline 0.004 -28"><span class='ocrx_word' id='word_1_45' title='bbox 58 900 114 950; x_wconf 86' lang='grc' dir='ltr'>κεν,</span> <span class='ocrx_word' id='word_1_46' title='bbox 128 877 248 956; x_wconf 84' lang='grc' dir='ltr'>δΚύριος</span> <span class='ocrx_word' id='word_1_47' title='bbox 262 877 385 958; x_wconf 80' lang='grc' dir='ltr'>ἀφείλετο</span> <span class='ocrx_word' id='word_1_48' title='bbox 392 925 401 953; x_wconf 95' lang='grc'>,</span> <span class='ocrx_word' id='word_1_49' title='bbox 415 882 451 947; x_wconf 81' lang='grc' dir='ltr'><strong>ὣς</strong></span> <span class='ocrx_word' id='word_1_50' title='bbox 471 874 510 960; x_wconf 74' lang='grc' dir='ltr'><strong>τῷ</strong></span> <span class='ocrx_word' id='word_1_51' title='bbox 531 880 620 962; x_wconf 86' lang='grc' dir='ltr'>Κυρίῳ</span> <span class='ocrx_word' id='word_1_52' title='bbox 635 880 729 957; x_wconf 76' lang='grc' dir='ltr'>ἔδοξεν,</span> <span class='ocrx_word' id='word_1_53' title='bbox 748 882 829 950; x_wconf 76' lang='grc' dir='ltr'>οὕτως</span> <span class='ocrx_word' id='word_1_54' title='bbox 884 902 916 942; x_wconf 87' lang='lat' dir='ltr'><strong>ao</strong></span> <span class='ocrx_word' id='word_1_55' title='bbox 928 881 1020 942; x_wconf 84' lang='lat' dir='ltr'><strong>futura</strong></span> <span class='ocrx_word' id='word_1_56' title='bbox 1031 881 1078 942; x_wconf 89' lang='lat' dir='ltr'><strong>illa</strong></span> <span class='ocrx_word' id='word_1_57' title='bbox 1088 881 1200 964; x_wconf 70' lang='lat' dir='ltr'><strong>praemia</strong></span> <span class='ocrx_word' id='word_1_58' title='bbox 1213 881 1401 958; x_wconf 88' lang='lat' dir='ltr'><strong>oonsiderent,</strong></span> <span class='ocrx_word' id='word_1_59' title='bbox 1414 879 1485 941; x_wconf 90' lang='lat' dir='ltr'><strong>illud</strong></span> <span class='ocrx_word' id='word_1_60' title='bbox 1497 880 1600 952; x_wconf 82' lang='lat' dir='ltr'><strong>intelli·</strong></span> 
     </span>
     <span class='ocr_line' id='line_1_6' title="bbox 58 967 1598 1056; baseline 0.005 -30"><span class='ocrx_word' id='word_1_61' title='bbox 58 969 105 1027; x_wconf 83' lang='grc' dir='ltr'><strong>καί</strong></span> <span class='ocrx_word' id='word_1_62' title='bbox 128 967 245 1048; x_wconf 76' lang='grc' dir='ltr'>ἐγίνετο·</span> <span class='ocrx_word' id='word_1_63' title='bbox 269 971 308 1044; x_wconf 87' lang='grc' dir='ltr'><strong>είη</strong></span> <span class='ocrx_word' id='word_1_64' title='bbox 329 971 360 1031; x_wconf 85' lang='grc' dir='ltr'><strong>τδ</strong></span> <span class='ocrx_word' id='word_1_65' title='bbox 375 972 458 1051; x_wconf 79' lang='grc' dir='ltr'>ὄνομα</span> <span class='ocrx_word' id='word_1_66' title='bbox 480 971 580 1054; x_wconf 83' lang='grc' dir='ltr'>Κυρίου</span> <span class='ocrx_word' id='word_1_67' title='bbox 603 974 776 1056; x_wconf 71' lang='grc' dir='ltr'>εὐλογημένον</span> <span class='ocrx_word' id='word_1_68' title='bbox 793 979 830 1047; x_wconf 85' lang='grc' dir='ltr'><strong>είς</strong></span> <span class='ocrx_word' id='word_1_69' title='bbox 882 973 1598 1054; x_wconf 78' lang='lat' dir='ltr'><strong>gunt,eaquaeaeciduntoertamina,aesexoenttirum</strong></span> 
     </span>
     <span class='ocr_line' id='line_1_7' title="bbox 57 1055 1603 1147; baseline 0.003 -27"><span class='ocrx_word' id='word_1_70' title='bbox 57 1061 119 1131; x_wconf 78' lang='grc' dir='ltr'>τοὺς</span> <span class='ocrx_word' id='word_1_71' title='bbox 132 1063 236 1129; x_wconf 79' lang='grc' dir='ltr'>αἰῶνας.</span> <span class='ocrx_word' id='word_1_72' title='bbox 393 1055 400 1070; x_wconf 84' lang='lat'>&#39;</span> <span class='ocrx_word' id='word_1_73' title='bbox 635 1120 640 1129; x_wconf 93' lang='grc'>,</span> <span class='ocrx_word' id='word_1_74' title='bbox 882 1087 1041 1126; x_wconf 81' lang='lat' dir='ltr'><strong>oomnarurn</strong></span> <span class='ocrx_word' id='word_1_75' title='bbox 1057 1066 1196 1126; x_wconf 76' lang='lat' dir='ltr'><strong>materiam</strong></span> <span class='ocrx_word' id='word_1_76' title='bbox 1210 1086 1274 1125; x_wconf 79' lang='lat' dir='ltr'><strong>esse.</strong></span> <span class='ocrx_word' id='word_1_77' title='bbox 1291 1068 1325 1124; x_wconf 77' lang='lat' dir='ltr'><strong>At</strong></span> <span class='ocrx_word' id='word_1_78' title='bbox 1335 1063 1381 1124; x_wconf 87' lang='lat' dir='ltr'><strong>bie</strong></span> <span class='ocrx_word' id='word_1_79' title='bbox 1390 1085 1453 1124; x_wconf 88' lang='lat' dir='ltr'><strong>cum</strong></span> <span class='ocrx_word' id='word_1_80' title='bbox 1463 1064 1603 1147; x_wconf 72' lang='lat' dir='ltr'><strong>upmbuu</strong></span> 
     </span>
     <span class='ocr_line' id='line_1_8' title="bbox 881 1155 1600 1238; baseline -0.003 -18"><span class='ocrx_word' id='word_1_81' title='bbox 881 1158 927 1220; x_wconf 83' lang='lat' dir='ltr'><strong>vir</strong></span> <span class='ocrx_word' id='word_1_82' title='bbox 939 1172 1020 1237; x_wconf 78' lang='lat' dir='ltr'><strong>esset,</strong></span> <span class='ocrx_word' id='word_1_83' title='bbox 1038 1171 1066 1218; x_wconf 89' lang='lat' dir='ltr'><strong>et</strong></span> <span class='ocrx_word' id='word_1_84' title='bbox 1083 1157 1118 1218; x_wconf 88' lang='lat' dir='ltr'><strong>de</strong></span> <span class='ocrx_word' id='word_1_85' title='bbox 1138 1157 1332 1218; x_wconf 79' lang='lat' dir='ltr'><strong>resurrectione</strong></span> <span class='ocrx_word' id='word_1_86' title='bbox 1343 1155 1414 1216; x_wconf 87' lang='lat' dir='ltr'><strong>nihil</strong></span> <span class='ocrx_word' id='word_1_87' title='bbox 1428 1155 1600 1238; x_wconf 85' lang='lat' dir='ltr'><strong>exploratum</strong></span> 
     </span>
     <span class='ocr_line' id='line_1_9' title="bbox 881 1245 1600 1331; baseline 0 -22"><span class='ocrx_word' id='word_1_88' title='bbox 881 1249 1007 1329; x_wconf 85' lang='lat' dir='ltr'><strong>baberet,</strong></span> <span class='ocrx_word' id='word_1_89' title='bbox 1024 1250 1088 1309; x_wconf 88' lang='lat' dir='ltr'><strong>bine</strong></span> <span class='ocrx_word' id='word_1_90' title='bbox 1101 1248 1444 1331; x_wconf 82' lang='lat' dir='ltr'><strong>potissimumjaetabatur,</strong></span> <span class='ocrx_word' id='word_1_91' title='bbox 1455 1245 1530 1328; x_wconf 83' lang='lat' dir='ltr'><strong>quod</strong></span> <span class='ocrx_word' id='word_1_92' title='bbox 1540 1266 1600 1309; x_wconf 81' lang='lat' dir='ltr'><strong>ma·</strong></span> 
     </span>
     <span class='ocr_line' id='line_1_10' title="bbox 882 1339 1599 1422; baseline 0.003 -21"><span class='ocrx_word' id='word_1_93' title='bbox 882 1342 970 1402; x_wconf 90' lang='lat' dir='ltr'><strong>lorum</strong></span> <span class='ocrx_word' id='word_1_94' title='bbox 979 1363 1090 1403; x_wconf 89' lang='lat' dir='ltr'><strong>suorum</strong></span> <span class='ocrx_word' id='word_1_95' title='bbox 1100 1363 1208 1402; x_wconf 86' lang='lat' dir='ltr'><strong>causam</strong></span> <span class='ocrx_word' id='word_1_96' title='bbox 1217 1341 1371 1422; x_wconf 77' lang='lat' dir='ltr'><strong>ignoraret,</strong></span> <span class='ocrx_word' id='word_1_97' title='bbox 1384 1339 1526 1418; x_wconf 85' lang='lat' dir='ltr'><strong>aeriusque</strong></span> <span class='ocrx_word' id='word_1_98' title='bbox 1535 1359 1599 1403; x_wconf 87' lang='lat' dir='ltr'><strong>oum</strong></span> 
     </span>
     <span class='ocr_line' id='line_1_11' title="bbox 881 1432 1598 1513; baseline 0 -21"><span class='ocrx_word' id='word_1_99' title='bbox 881 1434 938 1494; x_wconf 85' lang='lat' dir='ltr'><strong>baec</strong></span> <span class='ocrx_word' id='word_1_100' title='bbox 947 1433 1097 1512; x_wconf 86' lang='lat' dir='ltr'><strong>dubitatio,</strong></span> <span class='ocrx_word' id='word_1_101' title='bbox 1109 1434 1244 1513; x_wconf 82' lang='lat' dir='ltr'><strong>animique</strong></span> <span class='ocrx_word' id='word_1_102' title='bbox 1254 1432 1393 1509; x_wconf 76' lang='lat' dir='ltr'><strong>anxietas,</strong></span> <span class='ocrx_word' id='word_1_103' title='bbox 1405 1452 1598 1511; x_wconf 80' lang='lat' dir='ltr'><strong>quamvermes</strong></span> 
     </span>
     <span class='ocr_line' id='line_1_12' title="bbox 880 1524 1597 1607; baseline -0.001 -22"><span class='ocrx_word' id='word_1_104' title='bbox 880 1547 913 1585; x_wconf 82' lang='lat' dir='ltr'><strong>ac</strong></span> <span class='ocrx_word' id='word_1_105' title='bbox 924 1527 1043 1607; x_wconf 84' lang='lat' dir='ltr'><strong>eorporis</strong></span> <span class='ocrx_word' id='word_1_106' title='bbox 1056 1525 1162 1585; x_wconf 77' lang='lat' dir='ltr'><strong>dolores</strong></span> <span class='ocrx_word' id='word_1_107' title='bbox 1174 1570 1184 1603; x_wconf 92' lang='lat'><strong>,</strong></span> <span class='ocrx_word' id='word_1_108' title='bbox 1208 1524 1384 1584; x_wconf 79' lang='lat' dir='ltr'><strong>stimularent.</strong></span> <span class='ocrx_word' id='word_1_109' title='bbox 1400 1526 1489 1604; x_wconf 80' lang='lat' dir='ltr'><strong>Atque</strong></span> <span class='ocrx_word' id='word_1_110' title='bbox 1501 1536 1597 1584; x_wconf 87' lang='lat' dir='ltr'><strong>utrem</strong></span> 
     </span>
     <span class='ocr_line' id='line_1_13' title="bbox 880 1615 1599 1701; baseline 0.001 -24"><span class='ocrx_word' id='word_1_111' title='bbox 880 1619 918 1677; x_wconf 91' lang='lat' dir='ltr'><strong>ita</strong></span> <span class='ocrx_word' id='word_1_112' title='bbox 928 1639 956 1678; x_wconf 86' lang='lat' dir='ltr'><strong>se</strong></span> <span class='ocrx_word' id='word_1_113' title='bbox 968 1617 1069 1678; x_wconf 83' lang='lat' dir='ltr'><strong>babere</strong></span> <span class='ocrx_word' id='word_1_114' title='bbox 1088 1615 1243 1696; x_wconf 77' lang='lat' dir='ltr'><strong>inteiligas,</strong></span> <span class='ocrx_word' id='word_1_115' title='bbox 1261 1634 1315 1694; x_wconf 87' lang='lat' dir='ltr'><strong>quo</strong></span> <span class='ocrx_word' id='word_1_116' title='bbox 1328 1627 1448 1697; x_wconf 82' lang='lat' dir='ltr'><strong>tempore</strong></span> <span class='ocrx_word' id='word_1_117' title='bbox 1460 1615 1535 1675; x_wconf 88' lang='lat' dir='ltr'><strong>Deus</strong></span> <span class='ocrx_word' id='word_1_118' title='bbox 1548 1635 1599 1701; x_wconf 80' lang='lat' dir='ltr'><strong>pro</strong></span> 
     </span>
     <span class='ocr_line' id='line_1_14' title="bbox 881 1706 1600 1792; baseline -0.004 -22"><span class='ocrx_word' id='word_1_119' title='bbox 881 1731 930 1770; x_wconf 84' lang='lat' dir='ltr'><strong>sua</strong></span> <span class='ocrx_word' id='word_1_120' title='bbox 938 1709 1104 1792; x_wconf 77' lang='lat' dir='ltr'><strong>benignitate</strong></span> <span class='ocrx_word' id='word_1_121' title='bbox 1115 1708 1168 1790; x_wconf 79' lang='lat' dir='ltr'><strong>ipsi</strong></span> <span class='ocrx_word' id='word_1_122' title='bbox 1185 1706 1362 1768; x_wconf 77' lang='lat' dir='ltr'><strong>uertauumm</strong></span> <span class='ocrx_word' id='word_1_123' title='bbox 1376 1707 1475 1766; x_wconf 90' lang='lat' dir='ltr'><strong>borum</strong></span> <span class='ocrx_word' id='word_1_124' title='bbox 1491 1726 1600 1767; x_wconf 78' lang='lat' dir='ltr'><strong>causam</strong></span> 
     </span>
     <span class='ocr_line' id='line_1_15' title="bbox 880 1797 1600 1884; baseline -0.001 -23"><span class='ocrx_word' id='word_1_125' title='bbox 880 1801 988 1884; x_wconf 78' lang='lat' dir='ltr'><strong>aperire</strong></span> <span class='ocrx_word' id='word_1_126' title='bbox 995 1802 1124 1883; x_wconf 77' lang='lat' dir='ltr'><strong>dignatus</strong></span> <span class='ocrx_word' id='word_1_127' title='bbox 1134 1814 1192 1880; x_wconf 86' lang='lat' dir='ltr'><strong>est,</strong></span> <span class='ocrx_word' id='word_1_128' title='bbox 1204 1820 1300 1881; x_wconf 88' lang='lat' dir='ltr'><strong>nempe</strong></span> <span class='ocrx_word' id='word_1_129' title='bbox 1310 1819 1339 1858; x_wconf 92' lang='lat' dir='ltr'><strong>se</strong></span> <span class='ocrx_word' id='word_1_130' title='bbox 1349 1798 1399 1857; x_wconf 87' lang='lat' dir='ltr'><strong>bac</strong></span> <span class='ocrx_word' id='word_1_131' title='bbox 1405 1797 1441 1858; x_wconf 90' lang='lat' dir='ltr'><strong>de</strong></span> <span class='ocrx_word' id='word_1_132' title='bbox 1450 1819 1530 1859; x_wconf 84' lang='lat' dir='ltr'><strong>causa</strong></span> <span class='ocrx_word' id='word_1_133' title='bbox 1540 1799 1600 1860; x_wconf 71' lang='lat' dir='ltr'><strong>hee</strong></span> 
     </span>
     <span class='ocr_line' id='line_1_16' title="bbox 882 1889 1599 1976; baseline -0.001 -23"><span class='ocrx_word' id='word_1_134' title='bbox 882 1894 1044 1975; x_wconf 79' lang='lat' dir='ltr'><strong>permisisse,</strong></span> <span class='ocrx_word' id='word_1_135' title='bbox 1052 1893 1230 1976; x_wconf 85' lang='lat' dir='ltr'><strong>utperspieua</strong></span> <span class='ocrx_word' id='word_1_136' title='bbox 1240 1905 1307 1952; x_wconf 84' lang='lat' dir='ltr'><strong>esset</strong></span> <span class='ocrx_word' id='word_1_137' title='bbox 1314 1889 1402 1972; x_wconf 87' lang='lat' dir='ltr'><strong>ipsius</strong></span> <span class='ocrx_word' id='word_1_138' title='bbox 1405 1891 1529 1972; x_wconf 90' lang='lat' dir='ltr'><strong>justitia,</strong></span> <span class='ocrx_word' id='word_1_139' title='bbox 1541 1904 1599 1953; x_wconf 90' lang='lat' dir='ltr'><strong>tum</strong></span> 
     </span>
     <span class='ocr_line' id='line_1_17' title="bbox 881 1983 1600 2067; baseline -0.001 -22"><span class='ocrx_word' id='word_1_140' title='bbox 881 1985 1011 2065; x_wconf 87' lang='lat' dir='ltr'><strong>denique,</strong></span> <span class='ocrx_word' id='word_1_141' title='bbox 1020 1999 1157 2066; x_wconf 84' lang='lat' dir='ltr'><strong>tamquam</strong></span> <span class='ocrx_word' id='word_1_142' title='bbox 1167 1984 1236 2045; x_wconf 87' lang='lat' dir='ltr'><strong>nibil</strong></span> <span class='ocrx_word' id='word_1_143' title='bbox 1247 2004 1341 2044; x_wconf 89' lang='lat' dir='ltr'><strong>earum</strong></span> <span class='ocrx_word' id='word_1_144' title='bbox 1351 1983 1534 2044; x_wconf 82' lang='lat' dir='ltr'><strong>molestiarum</strong></span> <span class='ocrx_word' id='word_1_145' title='bbox 1539 2005 1600 2067; x_wconf 86' lang='lat' dir='ltr'><strong>per·</strong></span> 
     </span>
     <span class='ocr_line' id='line_1_18' title="bbox 883 2076 1601 2161; baseline 0 -23"><span class='ocrx_word' id='word_1_146' title='bbox 883 2100 994 2161; x_wconf 78' lang='lat' dir='ltr'><strong>pessus,</strong></span> <span class='ocrx_word' id='word_1_147' title='bbox 1009 2077 1170 2161; x_wconf 82' lang='lat' dir='ltr'><strong>respiravit:</strong></span> <span class='ocrx_word' id='word_1_148' title='bbox 1191 2076 1274 2158; x_wconf 87' lang='lat' dir='ltr'><strong>idque</strong></span> <span class='ocrx_word' id='word_1_149' title='bbox 1282 2099 1318 2138; x_wconf 83' lang='lat' dir='ltr'><strong>ex</strong></span> <span class='ocrx_word' id='word_1_150' title='bbox 1332 2077 1381 2155; x_wconf 81' lang='lat' dir='ltr'><strong>iis,</strong></span> <span class='ocrx_word' id='word_1_151' title='bbox 1399 2097 1459 2157; x_wconf 82' lang='lat' dir='ltr'><strong>quae</strong></span> <span class='ocrx_word' id='word_1_152' title='bbox 1476 2088 1543 2137; x_wconf 86' lang='lat' dir='ltr'><strong>tune</strong></span> <span class='ocrx_word' id='word_1_153' title='bbox 1559 2076 1601 2138; x_wconf 89' lang='lat' dir='ltr'><strong>lo·</strong></span> 
     </span>
     <span class='ocr_line' id='line_1_19' title="bbox 886 2168 1601 2250; baseline -0.001 -20"><span class='ocrx_word' id='word_1_154' title='bbox 886 2184 986 2250; x_wconf 84' lang='lat' dir='ltr'><strong>quntus</strong></span> <span class='ocrx_word' id='word_1_155' title='bbox 992 2183 1047 2250; x_wconf 87' lang='lat' dir='ltr'><strong>est,</strong></span> <span class='ocrx_word' id='word_1_156' title='bbox 1061 2169 1168 2250; x_wconf 86' lang='lat' dir='ltr'><strong>liquido</strong></span> <span class='ocrx_word' id='word_1_157' title='bbox 1179 2182 1291 2231; x_wconf 88' lang='lat' dir='ltr'><strong>constat.</strong></span> <span class='ocrx_word' id='word_1_158' title='bbox 1299 2169 1432 2229; x_wconf 85' lang='lat' dir='ltr'><strong>Coeterum</strong></span> <span class='ocrx_word' id='word_1_159' title='bbox 1438 2168 1514 2250; x_wconf 86' lang='lat' dir='ltr'><strong>prius</strong></span> <span class='ocrx_word' id='word_1_160' title='bbox 1520 2169 1601 2229; x_wconf 86' lang='lat' dir='ltr'><strong>etiam</strong></span> 
     </span>
     <span class='ocr_line' id='line_1_20' title="bbox 885 2258 1603 2342; baseline 0.003 -22"><span class='ocrx_word' id='word_1_161' title='bbox 885 2284 968 2342; x_wconf 80' lang='lat' dir='ltr'><strong>quam</strong></span> <span class='ocrx_word' id='word_1_162' title='bbox 979 2283 1086 2323; x_wconf 78' lang='lat' dir='ltr'><strong>causam</strong></span> <span class='ocrx_word' id='word_1_163' title='bbox 1095 2261 1278 2336; x_wconf 83' lang='lat' dir='ltr'><strong>intellexisset,</strong></span> <span class='ocrx_word' id='word_1_164' title='bbox 1286 2258 1379 2321; x_wconf 87' lang='lat' dir='ltr'><strong>dolore</strong></span> <span class='ocrx_word' id='word_1_165' title='bbox 1384 2260 1494 2341; x_wconf 82' lang='lat' dir='ltr'><strong>quidum</strong></span> <span class='ocrx_word' id='word_1_166' title='bbox 1503 2261 1603 2322; x_wconf 85' lang='lat' dir='ltr'><strong>afficie-</strong></span> 
     </span>
     <span class='ocr_line' id='line_1_21' title="bbox 886 2352 1612 2434; baseline 0.003 -22"><span class='ocrx_word' id='word_1_167' title='bbox 886 2352 981 2413; x_wconf 83' lang='lat' dir='ltr'><strong>batur:</strong></span> <span class='ocrx_word' id='word_1_168' title='bbox 1000 2363 1097 2416; x_wconf 79' lang='lat' dir='ltr'><strong>verum</strong></span> <span class='ocrx_word' id='word_1_169' title='bbox 1112 2353 1175 2413; x_wconf 82' lang='lat' dir='ltr'><strong>forti</strong></span> <span class='ocrx_word' id='word_1_170' title='bbox 1194 2352 1285 2413; x_wconf 85' lang='lat' dir='ltr'><strong>animo</strong></span> <span class='ocrx_word' id='word_1_171' title='bbox 1306 2372 1369 2412; x_wconf 86' lang='lat' dir='ltr'><strong>eum</strong></span> <span class='ocrx_word' id='word_1_172' title='bbox 1386 2352 1504 2433; x_wconf 81' lang='lat' dir='ltr'><strong>serebat,</strong></span> <span class='ocrx_word' id='word_1_173' title='bbox 1522 2367 1612 2434; x_wconf 88' lang='lat' dir='ltr'><strong>atque·</strong></span> 
     </span>
     <span class='ocr_line' id='line_1_22' title="bbox 886 2443 1602 2506; baseline 0.003 -3"><span class='ocrx_word' id='word_1_174' title='bbox 886 2443 1410 2506; x_wconf 80' lang='lat' dir='ltr'><strong>amissisomnrbusrebusadmirabilem</strong></span> <span class='ocrx_word' id='word_1_175' title='bbox 1425 2443 1602 2505; x_wconf 82' lang='lat' dir='ltr'><strong>illamvorem</strong></span> 
     </span>
     <span class='ocr_line' id='line_1_23' title="bbox 886 2535 1753 2616; baseline -0.005 -21"><span class='ocrx_word' id='word_1_176' title='bbox 886 2535 1040 2616; x_wconf 83' lang='lat' dir='ltr'><strong>emittebat,</strong></span> <span class='ocrx_word' id='word_1_177' title='bbox 1052 2540 1198 2598; x_wconf 81' lang='lat' dir='ltr'><strong>Dominus</strong></span> <span class='ocrx_word' id='word_1_178' title='bbox 1208 2537 1299 2611; x_wconf 85' lang='lat' dir='ltr'><strong>dedit,</strong></span> <span class='ocrx_word' id='word_1_179' title='bbox 1311 2537 1457 2596; x_wconf 82' lang='lat' dir='ltr'><strong>Dominus</strong></span> <span class='ocrx_word' id='word_1_180' title='bbox 1468 2537 1600 2611; x_wconf 83' lang='lat' dir='ltr'><strong>abstulit,</strong></span> <span class='ocrx_word' id='word_1_181' title='bbox 1613 2550 1666 2598; x_wconf 74' lang='lat' dir='ltr'><strong>tot.</strong></span> <span class='ocrx_word' id='word_1_182' title='bbox 1687 2563 1706 2595; x_wconf 86' lang='grc' dir='ltr'><strong>ι.</strong></span> <span class='ocrx_word' id='word_1_183' title='bbox 1715 2562 1753 2596; x_wconf 79' lang='grc' dir='ltr'><strong>ιι.</strong></span> 
     </span>
     <span class='ocr_line' id='line_1_24' title="bbox 886 2629 1603 2711; baseline 0.001 -22"><span class='ocrx_word' id='word_1_184' title='bbox 886 2632 963 2689; x_wconf 85' lang='lat' dir='ltr'><strong>sieut</strong></span> <span class='ocrx_word' id='word_1_185' title='bbox 980 2631 1110 2689; x_wconf 84' lang='lat' dir='ltr'><strong>Domino</strong></span> <span class='ocrx_word' id='word_1_186' title='bbox 1123 2631 1257 2711; x_wconf 84' lang='lat' dir='ltr'><strong>placuit,</strong></span> <span class='ocrx_word' id='word_1_187' title='bbox 1283 2633 1326 2689; x_wconf 86' lang='lat' dir='ltr'><strong>ita</strong></span> <span class='ocrx_word' id='word_1_188' title='bbox 1343 2629 1463 2711; x_wconf 83' lang='lat' dir='ltr'><strong>suetum</strong></span> <span class='ocrx_word' id='word_1_189' title='bbox 1482 2641 1526 2689; x_wconf 87' lang='lat' dir='ltr'><strong>est</strong></span> <span class='ocrx_word' id='word_1_190' title='bbox 1533 2653 1545 2700; x_wconf 89' lang='lat'><em>;</em></span> <span class='ocrx_word' id='word_1_191' title='bbox 1565 2632 1603 2690; x_wconf 89' lang='lat' dir='ltr'><strong>sit</strong></span> 
     </span>
     <span class='ocr_line' id='line_1_25' title="bbox 887 2719 1495 2782; baseline 0.005 -3"><span class='ocrx_word' id='word_1_192' title='bbox 887 2741 994 2780; x_wconf 83' lang='lat' dir='ltr'><strong>nomen</strong></span> <span class='ocrx_word' id='word_1_193' title='bbox 1004 2722 1128 2781; x_wconf 83' lang='lat' dir='ltr'><strong>Domini</strong></span> <span class='ocrx_word' id='word_1_194' title='bbox 1142 2721 1322 2780; x_wconf 85' lang='lat' dir='ltr'><strong>benedictum</strong></span> <span class='ocrx_word' id='word_1_195' title='bbox 1333 2723 1366 2778; x_wconf 85' lang='lat' dir='ltr'><strong>in</strong></span> <span class='ocrx_word' id='word_1_196' title='bbox 1378 2719 1495 2782; x_wconf 65' lang='lat' dir='ltr'><strong>sucula.</strong></span> 
     </span>
    </p>

    <p class='ocr_par' dir='ltr' id='par_1_3' title="bbox 55 2809 1676 5195">
     <span class='ocr_line' id='line_1_26' title="bbox 98 2809 1605 2894; baseline 0.001 -23"><span class='ocrx_word' id='word_1_197' title='bbox 98 2809 180 2871; x_wconf 79' lang='grc' dir='ltr'>Ἄλλδ</span> <span class='ocrx_word' id='word_1_198' title='bbox 192 2811 243 2893; x_wconf 83' lang='grc' dir='ltr'><strong>γδρ</strong></span> <span class='ocrx_word' id='word_1_199' title='bbox 254 2811 327 2872; x_wconf 80' lang='grc' dir='ltr'>ίοικα</span> <span class='ocrx_word' id='word_1_200' title='bbox 341 2813 392 2874; x_wconf 71' lang='lat' dir='ltr'><strong>tut</strong></span> <span class='ocrx_word' id='word_1_201' title='bbox 411 2815 457 2873; x_wconf 79' lang='grc' dir='ltr'>τοδ</span> <span class='ocrx_word' id='word_1_202' title='bbox 470 2811 566 2894; x_wconf 78' lang='grc' dir='ltr'>ἔρωτος</span> <span class='ocrx_word' id='word_1_203' title='bbox 585 2817 631 2873; x_wconf 75' lang='grc' dir='ltr'>τοῦ</span> <span class='ocrx_word' id='word_1_204' title='bbox 645 2812 737 2893; x_wconf 76' lang='grc' dir='ltr'>άνδρδς</span> <span class='ocrx_word' id='word_1_205' title='bbox 754 2835 832 2872; x_wconf 88' lang='grc' dir='ltr'>κατε-</span> <span class='ocrx_word' id='word_1_206' title='bbox 925 2813 956 2875; x_wconf 91' lang='grc'><strong>9.</strong></span> <span class='ocrx_word' id='word_1_207' title='bbox 975 2814 1080 2875; x_wconf 81' lang='lat' dir='ltr'><strong>verum</strong></span> <span class='ocrx_word' id='word_1_208' title='bbox 1097 2810 1211 2894; x_wconf 84' lang='lat' dir='ltr'><strong>hujusne</strong></span> <span class='ocrx_word' id='word_1_209' title='bbox 1224 2811 1277 2872; x_wconf 86' lang='lat' dir='ltr'><strong>viri</strong></span> <span class='ocrx_word' id='word_1_210' title='bbox 1290 2831 1381 2870; x_wconf 85' lang='lat' dir='ltr'><strong>amone</strong></span> <span class='ocrx_word' id='word_1_211' title='bbox 1394 2824 1558 2893; x_wconf 88' lang='lat' dir='ltr'><strong>oorreptus,</strong></span> <span class='ocrx_word' id='word_1_212' title='bbox 1569 2812 1605 2873; x_wconf 89' lang='lat' dir='ltr'><strong>ab</strong></span> 
     </span>
     <span class='ocr_line' id='line_1_27' title="bbox 56 2901 1603 2985; baseline 0.001 -24"><span class='ocrx_word' id='word_1_213' title='bbox 56 2904 186 2984; x_wconf 76' lang='grc' dir='ltr'>χόμενος,</span> <span class='ocrx_word' id='word_1_214' title='bbox 201 2904 361 2985; x_wconf 79' lang='grc' dir='ltr'>πορρωτέρω</span> <span class='ocrx_word' id='word_1_215' title='bbox 374 2908 422 2975; x_wconf 74' lang='grc' dir='ltr'><strong>τῆς</strong></span> <span class='ocrx_word' id='word_1_216' title='bbox 441 2903 589 2971; x_wconf 71' lang='grc' dir='ltr'>ὑποθέσεως</span> <span class='ocrx_word' id='word_1_217' title='bbox 609 2902 766 2977; x_wconf 82' lang='grc' dir='ltr'>ίληλακίναι</span> <span class='ocrx_word' id='word_1_218' title='bbox 785 2909 832 2976; x_wconf 76' lang='grc' dir='ltr'><strong>τῆς</strong></span> <span class='ocrx_word' id='word_1_219' title='bbox 886 2902 1008 2964; x_wconf 84' lang='lat' dir='ltr'><strong>instituta</strong></span> <span class='ocrx_word' id='word_1_220' title='bbox 1029 2902 1149 2964; x_wconf 88' lang='lat' dir='ltr'><strong>oratione</strong></span> <span class='ocrx_word' id='word_1_221' title='bbox 1180 2901 1289 2983; x_wconf 76' lang='lat' dir='ltr'><strong>longius</strong></span> <span class='ocrx_word' id='word_1_222' title='bbox 1317 2901 1458 2963; x_wconf 73' lang='lat' dir='ltr'><strong>recessisse</strong></span> <span class='ocrx_word' id='word_1_223' title='bbox 1490 2902 1603 2964; x_wconf 77' lang='lat' dir='ltr'><strong>videorr</strong></span> 
     </span>
     <span class='ocr_line' id='line_1_28' title="bbox 56 2994 1604 3079; baseline 0.003 -25"><span class='ocrx_word' id='word_1_224' title='bbox 56 2996 251 3074; x_wconf 74' lang='grc' dir='ltr'>προκειμένης·</span> <span class='ocrx_word' id='word_1_225' title='bbox 267 2997 307 3056; x_wconf 86' lang='grc' dir='ltr'><strong>διδ</strong></span> <span class='ocrx_word' id='word_1_226' title='bbox 327 2994 404 3075; x_wconf 79' lang='grc' dir='ltr'>ὀλίγα</span> <span class='ocrx_word' id='word_1_227' title='bbox 428 2994 551 3076; x_wconf 84' lang='grc' dir='ltr'>προσθείς</span> <span class='ocrx_word' id='word_1_228' title='bbox 566 2995 668 3076; x_wconf 74' lang='grc' dir='ltr'>ἅψομαι</span> <span class='ocrx_word' id='word_1_229' title='bbox 688 2999 741 3056; x_wconf 81' lang='grc' dir='ltr'>τῶν</span> <span class='ocrx_word' id='word_1_230' title='bbox 762 3018 832 3077; x_wconf 88' lang='grc' dir='ltr'>προ-</span> <span class='ocrx_word' id='word_1_231' title='bbox 887 3017 984 3076; x_wconf 86' lang='lat' dir='ltr'><strong>quare,</strong></span> <span class='ocrx_word' id='word_1_232' title='bbox 999 3011 1143 3079; x_wconf 87' lang='lat' dir='ltr'><strong>postquam</strong></span> <span class='ocrx_word' id='word_1_233' title='bbox 1160 3017 1245 3078; x_wconf 79' lang='lat' dir='ltr'><strong>pauca</strong></span> <span class='ocrx_word' id='word_1_234' title='bbox 1264 2995 1428 3078; x_wconf 83' lang='lat' dir='ltr'><strong>adjunxero,</strong></span> <span class='ocrx_word' id='word_1_235' title='bbox 1443 3018 1552 3058; x_wconf 88' lang='lat' dir='ltr'><strong>rursum</strong></span> <span class='ocrx_word' id='word_1_236' title='bbox 1567 2998 1604 3060; x_wconf 83' lang='lat' dir='ltr'><strong>ad</strong></span> 
     </span>
     <span class='ocr_line' id='line_1_29' title="bbox 55 3079 1604 3171; baseline 0.005 -27"><span class='ocrx_word' id='word_1_237' title='bbox 55 3086 188 3163; x_wconf 79' lang='grc' dir='ltr'>κειμένων</span> <span class='ocrx_word' id='word_1_238' title='bbox 202 3087 291 3147; x_wconf 86' lang='grc' dir='ltr'>πάλιν.</span> <span class='ocrx_word' id='word_1_239' title='bbox 306 3079 392 3155; x_wconf 69' lang='grc' dir='ltr'>Οὗτος</span> <span class='ocrx_word' id='word_1_240' title='bbox 415 3086 501 3146; x_wconf 84' lang='grc' dir='ltr'>τοίνυν</span> <span class='ocrx_word' id='word_1_241' title='bbox 524 3093 539 3146; x_wconf 86' lang='grc' dir='ltr'>δ</span> <span class='ocrx_word' id='word_1_242' title='bbox 558 3095 679 3157; x_wconf 81' lang='grc' dir='ltr'>τοσοῦτος</span> <span class='ocrx_word' id='word_1_243' title='bbox 698 3088 743 3148; x_wconf 86' lang='grc' dir='ltr'><strong>καί</strong></span> <span class='ocrx_word' id='word_1_244' title='bbox 758 3090 833 3162; x_wconf 87' lang='grc' dir='ltr'>τηλι·</span> <span class='ocrx_word' id='word_1_245' title='bbox 849 3103 869 3152; x_wconf 85' lang='lat' dir='ltr'><strong>c</strong></span> <span class='ocrx_word' id='word_1_246' title='bbox 886 3109 935 3162; x_wconf 81' lang='lat' dir='ltr'><strong>ea,</strong></span> <span class='ocrx_word' id='word_1_247' title='bbox 950 3109 1010 3168; x_wconf 72' lang='lat' dir='ltr'><strong>quae</strong></span> <span class='ocrx_word' id='word_1_248' title='bbox 1021 3087 1091 3148; x_wconf 89' lang='lat' dir='ltr'><strong>mibi</strong></span> <span class='ocrx_word' id='word_1_249' title='bbox 1104 3086 1241 3171; x_wconf 85' lang='lat' dir='ltr'><strong>proposita</strong></span> <span class='ocrx_word' id='word_1_250' title='bbox 1257 3101 1339 3166; x_wconf 90' lang='lat' dir='ltr'><strong>sunt,</strong></span> <span class='ocrx_word' id='word_1_251' title='bbox 1359 3109 1404 3148; x_wconf 87' lang='lat' dir='ltr'><strong>me</strong></span> <span class='ocrx_word' id='word_1_252' title='bbox 1415 3088 1539 3149; x_wconf 82' lang='lat' dir='ltr'><strong>referam.</strong></span> <span class='ocrx_word' id='word_1_253' title='bbox 1552 3089 1604 3152; x_wconf 85' lang='lat' dir='ltr'><strong>Hic</strong></span> 
     </span>
     <span class='ocr_line' id='line_1_30' title="bbox 57 3178 1632 3262; baseline 0.005 -25"><span class='ocrx_word' id='word_1_254' title='bbox 57 3183 151 3246; x_wconf 80' lang='grc' dir='ltr'>κοῦτος</span> <span class='ocrx_word' id='word_1_255' title='bbox 165 3179 248 3261; x_wconf 66' lang='grc' dir='ltr'>ἀνὴρ,</span> <span class='ocrx_word' id='word_1_256' title='bbox 262 3179 415 3248; x_wconf 80' lang='grc' dir='ltr'>δτοσαίτας</span> <span class='ocrx_word' id='word_1_257' title='bbox 430 3179 547 3260; x_wconf 75' lang='grc' dir='ltr'>ἀνάγκας</span> <span class='ocrx_word' id='word_1_258' title='bbox 560 3179 663 3262; x_wconf 81' lang='grc' dir='ltr'>ρίσεως</span> <span class='ocrx_word' id='word_1_259' title='bbox 677 3181 833 3255; x_wconf 74' lang='grc' dir='ltr'>καταπατή·</span> <span class='ocrx_word' id='word_1_260' title='bbox 887 3180 972 3261; x_wconf 77' lang='lat' dir='ltr'><strong>igitur</strong></span> <span class='ocrx_word' id='word_1_261' title='bbox 982 3195 1056 3242; x_wconf 87' lang='lat' dir='ltr'><strong>tanta</strong></span> <span class='ocrx_word' id='word_1_262' title='bbox 1074 3194 1183 3260; x_wconf 70' lang='lat' dir='ltr'><strong>mmqun</strong></span> <span class='ocrx_word' id='word_1_263' title='bbox 1194 3178 1295 3242; x_wconf 85' lang='lat' dir='ltr'><strong>eximia</strong></span> <span class='ocrx_word' id='word_1_264' title='bbox 1312 3179 1414 3241; x_wconf 79' lang='lat' dir='ltr'><strong>uirtute</strong></span> <span class='ocrx_word' id='word_1_265' title='bbox 1428 3180 1481 3258; x_wconf 81' lang='lat' dir='ltr'><strong>vir,</strong></span> <span class='ocrx_word' id='word_1_266' title='bbox 1495 3181 1544 3261; x_wconf 90' lang='lat' dir='ltr'><strong>qui</strong></span> <span class='ocrx_word' id='word_1_267' title='bbox 1565 3196 1605 3244; x_wconf 92' lang='lat' dir='ltr'><strong>tot</strong></span> <span class='ocrx_word' id='word_1_268' title='bbox 1630 3240 1632 3245; x_wconf 90' lang='lat'>.</span> 
     </span>
     <span class='ocr_line' id='line_1_31' title="bbox 58 3271 1604 3355; baseline 0.005 -27"><span class='ocrx_word' id='word_1_269' title='bbox 58 3294 123 3343; x_wconf 89' lang='grc' dir='ltr'>σας,</span> <span class='ocrx_word' id='word_1_270' title='bbox 138 3275 185 3330; x_wconf 82' lang='grc' dir='ltr'><strong>οὐκ</strong></span> <span class='ocrx_word' id='word_1_271' title='bbox 200 3271 344 3351; x_wconf 79' lang='grc' dir='ltr'>ἐπολμησεν</span> <span class='ocrx_word' id='word_1_272' title='bbox 358 3272 416 3332; x_wconf 77' lang='grc' dir='ltr'>οὐδὲ</span> <span class='ocrx_word' id='word_1_273' title='bbox 435 3272 511 3340; x_wconf 85' lang='grc' dir='ltr'>αθτδς</span> <span class='ocrx_word' id='word_1_274' title='bbox 527 3277 564 3339; x_wconf 81' lang='grc' dir='ltr'>τίς</span> <span class='ocrx_word' id='word_1_275' title='bbox 578 3274 623 3335; x_wconf 90' lang='grc' dir='ltr'>τδν</span> <span class='ocrx_word' id='word_1_276' title='bbox 638 3278 729 3355; x_wconf 80' lang='grc' dir='ltr'>ἀγῶνα</span> <span class='ocrx_word' id='word_1_277' title='bbox 741 3279 832 3334; x_wconf 77' lang='grc' dir='ltr'>τοῦτον</span> <span class='ocrx_word' id='word_1_278' title='bbox 886 3286 990 3332; x_wconf 81' lang='lat' dir='ltr'><strong>naturae</strong></span> <span class='ocrx_word' id='word_1_279' title='bbox 1004 3272 1171 3333; x_wconf 78' lang='lat' dir='ltr'><strong>necessitates</strong></span> <span class='ocrx_word' id='word_1_280' title='bbox 1184 3272 1323 3354; x_wconf 81' lang='lat' dir='ltr'><strong>protrivit,</strong></span> <span class='ocrx_word' id='word_1_281' title='bbox 1333 3294 1366 3331; x_wconf 91' lang='lat' dir='ltr'><strong>ne</strong></span> <span class='ocrx_word' id='word_1_282' title='bbox 1379 3273 1437 3354; x_wconf 84' lang='lat' dir='ltr'><strong>ipse</strong></span> <span class='ocrx_word' id='word_1_283' title='bbox 1450 3271 1562 3353; x_wconf 89' lang='lat' dir='ltr'><strong>quidem</strong></span> <span class='ocrx_word' id='word_1_284' title='bbox 1575 3275 1604 3335; x_wconf 91' lang='lat' dir='ltr'><strong>in</strong></span> 
     </span>
     <span class='ocr_line' id='line_1_32' title="bbox 59 3362 1674 3444; baseline 0.004 -24"><span class='ocrx_word' id='word_1_285' title='bbox 59 3366 196 3434; x_wconf 81' lang='grc' dir='ltr'>καθεῖναι,</span> <span class='ocrx_word' id='word_1_286' title='bbox 209 3363 278 3422; x_wconf 75' lang='grc' dir='ltr'>ἀλλὰ</span> <span class='ocrx_word' id='word_1_287' title='bbox 299 3362 346 3421; x_wconf 82' lang='grc' dir='ltr'><strong>καὶ</strong></span> <span class='ocrx_word' id='word_1_288' title='bbox 365 3362 487 3443; x_wconf 85' lang='grc' dir='ltr'>γυναικδς</span> <span class='ocrx_word' id='word_1_289' title='bbox 508 3363 657 3440; x_wconf 70' lang='grc' dir='ltr'>ἀπέλαυσε,</span> <span class='ocrx_word' id='word_1_290' title='bbox 677 3365 723 3425; x_wconf 80' lang='grc' dir='ltr'><strong>καί</strong></span> <span class='ocrx_word' id='word_1_291' title='bbox 742 3363 833 3444; x_wconf 75' lang='grc' dir='ltr'>πατὴρ</span> <span class='ocrx_word' id='word_1_292' title='bbox 886 3365 938 3426; x_wconf 86' lang='lat' dir='ltr'><strong>boc</strong></span> <span class='ocrx_word' id='word_1_293' title='bbox 955 3379 1086 3425; x_wconf 81' lang='lat' dir='ltr'><strong>certamen</strong></span> <span class='ocrx_word' id='word_1_294' title='bbox 1107 3363 1268 3424; x_wconf 85' lang='lat' dir='ltr'><strong>descendere</strong></span> <span class='ocrx_word' id='word_1_295' title='bbox 1284 3367 1366 3423; x_wconf 78' lang='lat' dir='ltr'><strong>ausus</strong></span> <span class='ocrx_word' id='word_1_296' title='bbox 1382 3377 1439 3444; x_wconf 91' lang='lat' dir='ltr'><strong>est,</strong></span> <span class='ocrx_word' id='word_1_297' title='bbox 1460 3384 1558 3425; x_wconf 83' lang='lat' dir='ltr'><strong>verum</strong></span> <span class='ocrx_word' id='word_1_298' title='bbox 1578 3380 1605 3426; x_wconf 89' lang='lat' dir='ltr'><strong>et</strong></span> <span class='ocrx_word' id='word_1_299' title='bbox 1670 3362 1674 3370; x_wconf 74' lang='grc'><strong>’</strong></span> 
     </span>
     <span class='ocr_line' id='line_1_33' title="bbox 57 3451 1605 3538; baseline 0.003 -26"><span class='ocrx_word' id='word_1_300' title='bbox 57 3451 163 3531; x_wconf 79' lang='grc' dir='ltr'>ἐγένετο</span> <span class='ocrx_word' id='word_1_301' title='bbox 175 3453 277 3512; x_wconf 83' lang='grc' dir='ltr'>παίδων</span> <span class='ocrx_word' id='word_1_302' title='bbox 295 3453 436 3514; x_wconf 80' lang='grc' dir='ltr'>τοσούτων.</span> <span class='ocrx_word' id='word_1_303' title='bbox 452 3455 577 3528; x_wconf 79' lang='grc' dir='ltr'>Τοσαύτη</span> <span class='ocrx_word' id='word_1_304' title='bbox 595 3461 643 3528; x_wconf 78' lang='grc' dir='ltr'><strong>τῆς</strong></span> <span class='ocrx_word' id='word_1_305' title='bbox 661 3456 831 3537; x_wconf 80' lang='grc' dir='ltr'>παρθενίαςὴ</span> <span class='ocrx_word' id='word_1_306' title='bbox 886 3478 997 3517; x_wconf 82' lang='lat' dir='ltr'><strong>uxorem</strong></span> <span class='ocrx_word' id='word_1_307' title='bbox 1008 3455 1146 3534; x_wconf 76' lang='lat' dir='ltr'><strong>adhibuit,</strong></span> <span class='ocrx_word' id='word_1_308' title='bbox 1155 3469 1181 3515; x_wconf 87' lang='lat' dir='ltr'><strong>et</strong></span> <span class='ocrx_word' id='word_1_309' title='bbox 1190 3456 1324 3538; x_wconf 77' lang='lat' dir='ltr'><strong>ingentem</strong></span> <span class='ocrx_word' id='word_1_310' title='bbox 1332 3455 1453 3515; x_wconf 86' lang='lat' dir='ltr'><strong>filiorum</strong></span> <span class='ocrx_word' id='word_1_311' title='bbox 1461 3477 1605 3516; x_wconf 82' lang='lat' dir='ltr'><strong>numerum</strong></span> 
     </span>
     <span class='ocr_line' id='line_1_34' title="bbox 60 3545 1605 3632; baseline 0.003 -29"><span class='ocrx_word' id='word_1_312' title='bbox 60 3545 201 3618; x_wconf 86' lang='grc' dir='ltr'>δυσκολία,</span> <span class='ocrx_word' id='word_1_313' title='bbox 214 3545 295 3613; x_wconf 64' lang='grc' dir='ltr'>οὕτως</span> <span class='ocrx_word' id='word_1_314' title='bbox 310 3547 406 3626; x_wconf 66' lang='grc' dir='ltr'>θμηλοί</span> <span class='ocrx_word' id='word_1_315' title='bbox 426 3548 472 3605; x_wconf 81' lang='grc' dir='ltr'><strong>καί</strong></span> <span class='ocrx_word' id='word_1_316' title='bbox 495 3548 606 3626; x_wconf 85' lang='grc' dir='ltr'>μεγάλοι</span> <span class='ocrx_word' id='word_1_317' title='bbox 620 3551 701 3620; x_wconf 74' lang='grc' dir='ltr'>αὐτῆς</span> <span class='ocrx_word' id='word_1_318' title='bbox 718 3552 743 3608; x_wconf 85' lang='lat' dir='ltr'><strong>ol</strong></span> <span class='ocrx_word' id='word_1_319' title='bbox 757 3551 831 3628; x_wconf 81' lang='grc' dir='ltr'>δγῶ·</span> <span class='ocrx_word' id='word_1_320' title='bbox 886 3550 1046 3632; x_wconf 82' lang='lat' dir='ltr'><strong>procreavit.</strong></span> <span class='ocrx_word' id='word_1_321' title='bbox 1054 3551 1143 3609; x_wconf 91' lang='lat' dir='ltr'><strong>Tanta</strong></span> <span class='ocrx_word' id='word_1_322' title='bbox 1151 3548 1313 3630; x_wconf 80' lang='lat' dir='ltr'><strong>virginitatis</strong></span> <span class='ocrx_word' id='word_1_323' title='bbox 1321 3547 1536 3624; x_wconf 86' lang='lat' dir='ltr'><strong>estdil&#39;ticultas,</strong></span> <span class='ocrx_word' id='word_1_324' title='bbox 1547 3561 1605 3608; x_wconf 85' lang='lat' dir='ltr'><strong>tam</strong></span> 
     </span>
     <span class='ocr_line' id='line_1_35' title="bbox 60 3636 1605 3721; baseline 0.003 -26"><span class='ocrx_word' id='word_1_325' title='bbox 60 3660 118 3711; x_wconf 91' lang='grc' dir='ltr'>νες,</span> <span class='ocrx_word' id='word_1_326' title='bbox 141 3636 187 3697; x_wconf 85' lang='grc' dir='ltr'><strong>καὶ</strong></span> <span class='ocrx_word' id='word_1_327' title='bbox 209 3639 323 3718; x_wconf 81' lang='grc' dir='ltr'>χαλεποί</span> <span class='ocrx_word' id='word_1_328' title='bbox 343 3643 367 3698; x_wconf 82' lang='grc' dir='ltr'>οἱ</span> <span class='ocrx_word' id='word_1_329' title='bbox 388 3640 510 3719; x_wconf 53' lang='lat' dir='ltr'><strong>tepenter,</strong></span> <span class='ocrx_word' id='word_1_330' title='bbox 531 3638 577 3698; x_wconf 86' lang='grc' dir='ltr'><strong>καί</strong></span> <span class='ocrx_word' id='word_1_331' title='bbox 595 3641 696 3712; x_wconf 78' lang='grc' dir='ltr'>πολλῆς</span> <span class='ocrx_word' id='word_1_332' title='bbox 715 3640 832 3719; x_wconf 84' lang='grc' dir='ltr'>δεόμενοι</span> <span class='ocrx_word' id='word_1_333' title='bbox 885 3641 939 3701; x_wconf 85' lang='lat' dir='ltr'><strong>alta</strong></span> <span class='ocrx_word' id='word_1_334' title='bbox 953 3656 979 3701; x_wconf 91' lang='lat' dir='ltr'><strong>et</strong></span> <span class='ocrx_word' id='word_1_335' title='bbox 999 3640 1126 3701; x_wconf 90' lang='lat' dir='ltr'><strong>sublimia</strong></span> <span class='ocrx_word' id='word_1_336' title='bbox 1141 3639 1225 3721; x_wconf 90' lang='lat' dir='ltr'><strong>ipsius</strong></span> <span class='ocrx_word' id='word_1_337' title='bbox 1249 3639 1416 3716; x_wconf 86' lang='lat' dir='ltr'><strong>certamina,</strong></span> <span class='ocrx_word' id='word_1_338' title='bbox 1440 3652 1496 3698; x_wconf 88' lang='lat' dir='ltr'><strong>tam</strong></span> <span class='ocrx_word' id='word_1_339' title='bbox 1509 3659 1605 3720; x_wconf 82' lang='lat' dir='ltr'><strong>graves</strong></span> 
     </span>
     <span class='ocr_line' id='line_1_36' title="bbox 56 3728 1606 3814; baseline 0.002 -24"><span class='ocrx_word' id='word_1_340' title='bbox 56 3735 107 3801; x_wconf 71' lang='grc' dir='ltr'><strong>τῆς</strong></span> <span class='ocrx_word' id='word_1_341' title='bbox 123 3728 246 3797; x_wconf 83' lang='grc' dir='ltr'>εὐτονίας.</span> <span class='ocrx_word' id='word_1_342' title='bbox 260 3733 332 3790; x_wconf 85' lang='grc' dir='ltr'>Ἀλλ’</span> <span class='ocrx_word' id='word_1_343' title='bbox 343 3731 415 3811; x_wconf 82' lang='grc' dir='ltr'>ὅμως</span> <span class='ocrx_word' id='word_1_344' title='bbox 429 3732 526 3791; x_wconf 80' lang='grc' dir='ltr'>πολλαί</span> <span class='ocrx_word' id='word_1_345' title='bbox 540 3735 592 3791; x_wconf 80' lang='grc' dir='ltr'>τῶν</span> <span class='ocrx_word' id='word_1_346' title='bbox 606 3732 671 3813; x_wconf 85' lang='grc' dir='ltr'>πρὸς</span> <span class='ocrx_word' id='word_1_347' title='bbox 684 3732 729 3792; x_wconf 88' lang='grc' dir='ltr'>τδν</span> <span class='ocrx_word' id='word_1_348' title='bbox 742 3736 832 3812; x_wconf 80' lang='grc' dir='ltr'>ἀγῶνα</span> <span class='ocrx_word' id='word_1_349' title='bbox 885 3734 1012 3808; x_wconf 88' lang='lat' dir='ltr'><strong>sudores,</strong></span> <span class='ocrx_word' id='word_1_350' title='bbox 1027 3755 1206 3814; x_wconf 76' lang='lat' dir='ltr'><strong>magnamque</strong></span> <span class='ocrx_word' id='word_1_351' title='bbox 1212 3732 1296 3793; x_wconf 87' lang='lat' dir='ltr'><strong>animi</strong></span> <span class='ocrx_word' id='word_1_352' title='bbox 1305 3733 1461 3793; x_wconf 85' lang='lat' dir='ltr'><strong>firmitatem</strong></span> <span class='ocrx_word' id='word_1_353' title='bbox 1470 3732 1606 3813; x_wconf 85' lang='lat' dir='ltr'><strong>requiren-</strong></span> 
     </span>
     <span class='ocr_line' id='line_1_37' title="bbox 57 3821 1604 3904; baseline 0.003 -25"><span class='ocrx_word' id='word_1_354' title='bbox 57 3826 150 3880; x_wconf 76' lang='grc' dir='ltr'>τοῦτον</span> <span class='ocrx_word' id='word_1_355' title='bbox 176 3822 392 3899; x_wconf 74' lang='grc' dir='ltr'>ἀποδυσαμένων,</span> <span class='ocrx_word' id='word_1_356' title='bbox 411 3825 496 3882; x_wconf 77' lang='grc' dir='ltr'>ἐκεῖνο</span> <span class='ocrx_word' id='word_1_357' title='bbox 515 3826 544 3883; x_wconf 81' lang='grc' dir='ltr'>οὐ</span> <span class='ocrx_word' id='word_1_358' title='bbox 569 3821 785 3904; x_wconf 81' lang='grc' dir='ltr'>κατηγωνίσαντο</span> <span class='ocrx_word' id='word_1_359' title='bbox 801 3823 832 3884; x_wconf 75' lang='grc' dir='ltr'>εδ</span> <span class='ocrx_word' id='word_1_360' title='bbox 885 3839 934 3887; x_wconf 86' lang='lat' dir='ltr'><strong>tes.</strong></span> <span class='ocrx_word' id='word_1_361' title='bbox 942 3824 979 3886; x_wconf 88' lang='lat' dir='ltr'><strong>Et</strong></span> <span class='ocrx_word' id='word_1_362' title='bbox 989 3840 1076 3885; x_wconf 90' lang='lat' dir='ltr'><strong>tamen</strong></span> <span class='ocrx_word' id='word_1_363' title='bbox 1084 3825 1176 3884; x_wconf 76' lang='lat' dir='ltr'><strong>multa</strong></span> <span class='ocrx_word' id='word_1_364' title='bbox 1187 3846 1221 3884; x_wconf 84' lang='lat' dir='ltr'><strong>ex</strong></span> <span class='ocrx_word' id='word_1_365' title='bbox 1229 3822 1278 3901; x_wconf 92' lang='lat' dir='ltr'><strong>iis,</strong></span> <span class='ocrx_word' id='word_1_366' title='bbox 1293 3845 1353 3903; x_wconf 81' lang='lat' dir='ltr'><strong>quae</strong></span> <span class='ocrx_word' id='word_1_367' title='bbox 1365 3822 1402 3883; x_wconf 90' lang='lat' dir='ltr'><strong>ad</strong></span> <span class='ocrx_word' id='word_1_368' title='bbox 1410 3824 1463 3883; x_wconf 89' lang='lat' dir='ltr'><strong>boc</strong></span> <span class='ocrx_word' id='word_1_369' title='bbox 1471 3836 1604 3884; x_wconf 85' lang='lat' dir='ltr'><strong>certamen</strong></span> 
     </span>
     <span class='ocr_line' id='line_1_38' title="bbox 58 3913 1604 3998; baseline 0.001 -24"><span class='ocrx_word' id='word_1_370' title='bbox 58 3913 156 3984; x_wconf 90' lang='grc' dir='ltr'>πάθος,</span> <span class='ocrx_word' id='word_1_371' title='bbox 171 3914 202 3973; x_wconf 76' lang='lat' dir='ltr'><strong>rb</strong></span> <span class='ocrx_word' id='word_1_372' title='bbox 214 3921 260 3974; x_wconf 81' lang='grc' dir='ltr'>τοῦ</span> <span class='ocrx_word' id='word_1_373' title='bbox 267 3917 461 3993; x_wconf 79' lang='grc' dir='ltr'>καλλωπισμοῦ</span> <span class='ocrx_word' id='word_1_374' title='bbox 480 3920 527 3987; x_wconf 81' lang='grc' dir='ltr'><strong>τῆς</strong></span> <span class='ocrx_word' id='word_1_375' title='bbox 540 3915 684 3998; x_wconf 77' lang='grc' dir='ltr'>περιδολῆς</span> <span class='ocrx_word' id='word_1_376' title='bbox 700 3919 753 3975; x_wconf 84' lang='grc' dir='ltr'>τῶν</span> <span class='ocrx_word' id='word_1_377' title='bbox 765 3920 832 3994; x_wconf 81' lang='grc' dir='ltr'>ίμα-</span> <span class='ocrx_word' id='word_1_378' title='bbox 886 3939 914 3977; x_wconf 89' lang='lat' dir='ltr'><strong>se</strong></span> <span class='ocrx_word' id='word_1_379' title='bbox 926 3917 1111 3995; x_wconf 80' lang='lat' dir='ltr'><strong>accinxeurnt,</strong></span> <span class='ocrx_word' id='word_1_380' title='bbox 1120 3916 1190 3975; x_wconf 79' lang='lat' dir='ltr'><strong>benc</strong></span> <span class='ocrx_word' id='word_1_381' title='bbox 1201 3929 1311 3975; x_wconf 88' lang='lat' dir='ltr'><strong>ornatus</strong></span> <span class='ocrx_word' id='word_1_382' title='bbox 1324 3929 1350 3975; x_wconf 92' lang='lat' dir='ltr'><strong>et</strong></span> <span class='ocrx_word' id='word_1_383' title='bbox 1361 3914 1499 3996; x_wconf 71' lang='lat' dir='ltr'><strong>elegantiae</strong></span> <span class='ocrx_word' id='word_1_384' title='bbox 1507 3914 1604 3976; x_wconf 89' lang='lat' dir='ltr'><strong>immo-</strong></span> 
     </span>
     <span class='ocr_line' id='line_1_39' title="bbox 58 4006 1676 4090; baseline 0.003 -26"><span class='ocrx_word' id='word_1_385' title='bbox 58 4006 134 4080; x_wconf 85' lang='grc' dir='ltr'>πίων,</span> <span class='ocrx_word' id='word_1_386' title='bbox 146 4008 205 4067; x_wconf 81' lang='grc' dir='ltr'>ἀλλ’</span> <span class='ocrx_word' id='word_1_387' title='bbox 220 4007 341 4067; x_wconf 70' lang='grc' dir='ltr'>ἑάλωσαν</span> <span class='ocrx_word' id='word_1_388' title='bbox 352 4006 399 4066; x_wconf 84' lang='grc' dir='ltr'><strong>καί</strong></span> <span class='ocrx_word' id='word_1_389' title='bbox 420 4006 598 4088; x_wconf 75' lang='grc' dir='ltr'>ἐχειρώθησαν</span> <span class='ocrx_word' id='word_1_390' title='bbox 612 4007 657 4067; x_wconf 81' lang='grc' dir='ltr'><strong>καί</strong></span> <span class='ocrx_word' id='word_1_391' title='bbox 675 4012 729 4067; x_wconf 84' lang='grc' dir='ltr'>τῶν</span> <span class='ocrx_word' id='word_1_392' title='bbox 743 4011 834 4087; x_wconf 83' lang='grc' dir='ltr'>βιωτι-</span> <span class='ocrx_word' id='word_1_393' title='bbox 886 4009 995 4090; x_wconf 85' lang='lat' dir='ltr'><strong>dicique</strong></span> <span class='ocrx_word' id='word_1_394' title='bbox 1003 4008 1115 4069; x_wconf 84' lang='lat' dir='ltr'><strong>vestitus</strong></span> <span class='ocrx_word' id='word_1_395' title='bbox 1123 4006 1299 4089; x_wconf 85' lang='lat' dir='ltr'><strong>cupiditatem</strong></span> <span class='ocrx_word' id='word_1_396' title='bbox 1308 4007 1421 4068; x_wconf 88' lang='lat' dir='ltr'><strong>minime</strong></span> <span class='ocrx_word' id='word_1_397' title='bbox 1429 4022 1604 4090; x_wconf 86' lang='lat' dir='ltr'><strong>superarunt,</strong></span> <span class='ocrx_word' id='word_1_398' title='bbox 1671 4064 1676 4075; x_wconf 81' lang='grc'>,</span> 
     </span>
     <span class='ocr_line' id='line_1_40' title="bbox 59 4096 1603 4182; baseline 0.001 -24"><span class='ocrx_word' id='word_1_399' title='bbox 59 4102 115 4158; x_wconf 86' lang='grc' dir='ltr'><strong>κῶν</strong></span> <span class='ocrx_word' id='word_1_400' title='bbox 129 4102 259 4177; x_wconf 73' lang='grc' dir='ltr'>γυναικῶν</span> <span class='ocrx_word' id='word_1_401' title='bbox 275 4101 385 4177; x_wconf 75' lang='grc' dir='ltr'>μᾶλλον.</span> <span class='ocrx_word' id='word_1_402' title='bbox 400 4096 449 4169; x_wconf 75' lang='grc' dir='ltr'><strong>Μὴ</strong></span> <span class='ocrx_word' id='word_1_403' title='bbox 465 4101 516 4180; x_wconf 82' lang='grc' dir='ltr'><strong>γάρ</strong></span> <span class='ocrx_word' id='word_1_404' title='bbox 532 4122 577 4178; x_wconf 88' lang='grc' dir='ltr'><strong>μοι</strong></span> <span class='ocrx_word' id='word_1_405' title='bbox 597 4105 675 4160; x_wconf 80' lang='grc' dir='ltr'>τοῦτο</span> <span class='ocrx_word' id='word_1_406' title='bbox 692 4100 771 4180; x_wconf 84' lang='grc' dir='ltr'>λέγε,</span> <span class='ocrx_word' id='word_1_407' title='bbox 792 4100 834 4162; x_wconf 83' lang='grc' dir='ltr'><strong>δτι</strong></span> <span class='ocrx_word' id='word_1_408' title='bbox 850 4110 869 4157; x_wconf 81' lang='grc' dir='ltr'>θ</span> <span class='ocrx_word' id='word_1_409' title='bbox 887 4122 984 4161; x_wconf 82' lang='lat' dir='ltr'><strong>verum</strong></span> <span class='ocrx_word' id='word_1_410' title='bbox 999 4122 1030 4160; x_wconf 88' lang='lat' dir='ltr'><strong>ea</strong></span> <span class='ocrx_word' id='word_1_411' title='bbox 1047 4112 1130 4182; x_wconf 73' lang='lat' dir='ltr'><strong>capta</strong></span> <span class='ocrx_word' id='word_1_412' title='bbox 1143 4112 1169 4159; x_wconf 87' lang='lat' dir='ltr'><strong>et</strong></span> <span class='ocrx_word' id='word_1_413' title='bbox 1191 4099 1308 4158; x_wconf 74' lang='lat' dir='ltr'><strong>surbactae</strong></span> <span class='ocrx_word' id='word_1_414' title='bbox 1325 4113 1388 4159; x_wconf 89' lang='lat' dir='ltr'><strong>suut</strong></span> <span class='ocrx_word' id='word_1_415' title='bbox 1403 4099 1507 4179; x_wconf 77' lang='lat' dir='ltr'><strong>magis,</strong></span> <span class='ocrx_word' id='word_1_416' title='bbox 1520 4120 1603 4180; x_wconf 86' lang='lat' dir='ltr'><strong>quam</strong></span> 
     </span>
     <span class='ocr_line' id='line_1_41' title="bbox 58 4189 1605 4273; baseline 0.001 -25"><span class='ocrx_word' id='word_1_417' title='bbox 58 4190 169 4271; x_wconf 83' lang='grc' dir='ltr'>χρυσίω</span> <span class='ocrx_word' id='word_1_418' title='bbox 183 4193 213 4248; x_wconf 84' lang='grc' dir='ltr'>οὐ</span> <span class='ocrx_word' id='word_1_419' title='bbox 228 4189 459 4272; x_wconf 79' lang='grc' dir='ltr'>περίκειται,οθδδ</span> <span class='ocrx_word' id='word_1_420' title='bbox 481 4190 579 4271; x_wconf 77' lang='grc' dir='ltr'>σηρικὰ</span> <span class='ocrx_word' id='word_1_421' title='bbox 596 4192 642 4252; x_wconf 85' lang='grc' dir='ltr'><strong>καί</strong></span> <span class='ocrx_word' id='word_1_422' title='bbox 661 4191 835 4273; x_wconf 80' lang='grc' dir='ltr'>χρυσόπαστα</span> <span class='ocrx_word' id='word_1_423' title='bbox 888 4193 1013 4253; x_wconf 77' lang='lat' dir='ltr'><strong>mulieres</strong></span> <span class='ocrx_word' id='word_1_424' title='bbox 1027 4190 1080 4251; x_wconf 82' lang='lat' dir='ltr'><strong>illae</strong></span> <span class='ocrx_word' id='word_1_425' title='bbox 1099 4212 1159 4271; x_wconf 79' lang='lat' dir='ltr'><strong>quae</strong></span> <span class='ocrx_word' id='word_1_426' title='bbox 1173 4190 1275 4250; x_wconf 90' lang='lat' dir='ltr'><strong>mundo</strong></span> <span class='ocrx_word' id='word_1_427' title='bbox 1288 4189 1496 4250; x_wconf 86' lang='lat' dir='ltr'><strong>seaddixerunt.</strong></span> <span class='ocrx_word' id='word_1_428' title='bbox 1512 4192 1605 4270; x_wconf 82' lang='lat' dir='ltr'><strong>Neque</strong></span> 
     </span>
     <span class='ocr_line' id='line_1_42' title="bbox 59 4272 1605 4365; baseline 0.001 -25"><span class='ocrx_word' id='word_1_429' title='bbox 59 4281 268 4361; x_wconf 77' lang='grc' dir='ltr'>περιδέάληνται</span> <span class='ocrx_word' id='word_1_430' title='bbox 282 4282 376 4359; x_wconf 80' lang='grc' dir='ltr'>ἱμάτια</span> <span class='ocrx_word' id='word_1_431' title='bbox 384 4327 392 4356; x_wconf 87' lang='grc'>,</span> <span class='ocrx_word' id='word_1_432' title='bbox 404 4283 463 4343; x_wconf 80' lang='grc' dir='ltr'>οὐδὲ</span> <span class='ocrx_word' id='word_1_433' title='bbox 477 4282 650 4365; x_wconf 80' lang='grc' dir='ltr'>περιδέρραια</span> <span class='ocrx_word' id='word_1_434' title='bbox 659 4283 834 4358; x_wconf 76' lang='grc' dir='ltr'>λιθοκόλλητα</span> <span class='ocrx_word' id='word_1_435' title='bbox 888 4286 958 4345; x_wconf 86' lang='lat' dir='ltr'><strong>enim</strong></span> <span class='ocrx_word' id='word_1_436' title='bbox 968 4285 1020 4344; x_wconf 86' lang='lat' dir='ltr'><strong>boe</strong></span> <span class='ocrx_word' id='word_1_437' title='bbox 1030 4272 1100 4344; x_wconf 92' lang='lat' dir='ltr'><strong>mibi</strong></span> <span class='ocrx_word' id='word_1_438' title='bbox 1117 4302 1295 4342; x_wconf 84' lang='lat' dir='ltr'><strong>commemora</strong></span> <span class='ocrx_word' id='word_1_439' title='bbox 1307 4329 1314 4357; x_wconf 95' lang='lat'><strong>,</strong></span> <span class='ocrx_word' id='word_1_440' title='bbox 1325 4303 1369 4342; x_wconf 84' lang='lat' dir='ltr'><strong>eas</strong></span> <span class='ocrx_word' id='word_1_441' title='bbox 1380 4304 1477 4342; x_wconf 77' lang='lat' dir='ltr'><strong>aruum</strong></span> <span class='ocrx_word' id='word_1_442' title='bbox 1493 4281 1605 4341; x_wconf 89' lang='lat' dir='ltr'><strong>minime</strong></span> 
     </span>
     <span class='ocr_line' id='line_1_43' title="bbox 59 4371 1605 4457; baseline 0.001 -25"><span class='ocrx_word' id='word_1_443' title='bbox 59 4373 161 4452; x_wconf 85' lang='grc' dir='ltr'>ἔχουσι.</span> <span class='ocrx_word' id='word_1_444' title='bbox 179 4374 219 4433; x_wconf 86' lang='grc' dir='ltr'><strong>Τδ</strong></span> <span class='ocrx_word' id='word_1_445' title='bbox 233 4373 284 4454; x_wconf 73' lang='grc' dir='ltr'><strong>γὰρ</strong></span> <span class='ocrx_word' id='word_1_446' title='bbox 296 4374 483 4454; x_wconf 84' lang='grc' dir='ltr'>χαλεπώτερον</span> <span class='ocrx_word' id='word_1_447' title='bbox 499 4375 615 4453; x_wconf 81' lang='grc' dir='ltr'>μάλιστα</span> <span class='ocrx_word' id='word_1_448' title='bbox 638 4377 743 4437; x_wconf 86' lang='grc' dir='ltr'>πάντων</span> <span class='ocrx_word' id='word_1_449' title='bbox 759 4378 835 4438; x_wconf 81' lang='grc' dir='ltr'>τοῦτό</span> <span class='ocrx_word' id='word_1_450' title='bbox 889 4391 990 4457; x_wconf 74' lang='lat' dir='ltr'><strong>gestare</strong></span> <span class='ocrx_word' id='word_1_451' title='bbox 997 4396 1067 4455; x_wconf 89' lang='lat' dir='ltr'><strong>,nec</strong></span> <span class='ocrx_word' id='word_1_452' title='bbox 1080 4373 1171 4434; x_wconf 85' lang='lat' dir='ltr'><strong>sericis</strong></span> <span class='ocrx_word' id='word_1_453' title='bbox 1181 4387 1206 4433; x_wconf 91' lang='lat' dir='ltr'><strong>et</strong></span> <span class='ocrx_word' id='word_1_454' title='bbox 1218 4373 1425 4433; x_wconf 87' lang='lat' dir='ltr'><strong>aurodistinctis</strong></span> <span class='ocrx_word' id='word_1_455' title='bbox 1434 4371 1556 4433; x_wconf 87' lang='lat' dir='ltr'><strong>vestibus</strong></span> <span class='ocrx_word' id='word_1_456' title='bbox 1564 4372 1605 4433; x_wconf 87' lang='lat' dir='ltr'><strong>in·</strong></span> 
     </span>
     <span class='ocr_line' id='line_1_44' title="bbox 59 4464 1606 4547; baseline 0.001 -24"><span class='ocrx_word' id='word_1_457' title='bbox 59 4464 193 4536; x_wconf 74' lang='lat' dir='ltr'><strong>Zert,uel</strong></span> <span class='ocrx_word' id='word_1_458' title='bbox 210 4465 225 4525; x_wconf 94' lang='grc' dir='ltr'>δ</span> <span class='ocrx_word' id='word_1_459' title='bbox 244 4470 301 4544; x_wconf 84' lang='grc' dir='ltr'>μεθ’</span> <span class='ocrx_word' id='word_1_460' title='bbox 314 4468 462 4547; x_wconf 72' lang='grc' dir='ltr'>ίιπεράολῆς</span> <span class='ocrx_word' id='word_1_461' title='bbox 483 4466 612 4527; x_wconf 88' lang='grc' dir='ltr'>δείκνυσιν</span> <span class='ocrx_word' id='word_1_462' title='bbox 638 4470 772 4530; x_wconf 79' lang='grc' dir='ltr'>αὐτῶντὸ</span> <span class='ocrx_word' id='word_1_463' title='bbox 792 4470 834 4531; x_wconf 85' lang='grc' dir='ltr'>νό·</span> <span class='ocrx_word' id='word_1_464' title='bbox 888 4468 968 4530; x_wconf 87' lang='lat' dir='ltr'><strong>dutas</strong></span> <span class='ocrx_word' id='word_1_465' title='bbox 978 4487 1138 4547; x_wconf 86' lang='lat' dir='ltr'><strong>esse,neque</strong></span> <span class='ocrx_word' id='word_1_466' title='bbox 1148 4479 1280 4546; x_wconf 79' lang='lat' dir='ltr'><strong>gemmata</strong></span> <span class='ocrx_word' id='word_1_467' title='bbox 1291 4464 1400 4524; x_wconf 85' lang='lat' dir='ltr'><strong>monilia</strong></span> <span class='ocrx_word' id='word_1_468' title='bbox 1413 4478 1523 4546; x_wconf 75' lang='lat' dir='ltr'><strong>gestare.</strong></span> <span class='ocrx_word' id='word_1_469' title='bbox 1536 4466 1606 4525; x_wconf 83' lang='lat' dir='ltr'><strong>Nam</strong></span> 
     </span>
     <span class='ocr_line' id='line_1_45' title="bbox 60 4556 1606 4642; baseline 0.003 -29"><span class='ocrx_word' id='word_1_470' title='bbox 60 4579 154 4633; x_wconf 88' lang='grc' dir='ltr'>σημα,</span> <span class='ocrx_word' id='word_1_471' title='bbox 168 4556 214 4615; x_wconf 84' lang='grc' dir='ltr'><strong>καί</strong></span> <span class='ocrx_word' id='word_1_472' title='bbox 233 4563 279 4615; x_wconf 81' lang='grc' dir='ltr'>τοῦ</span> <span class='ocrx_word' id='word_1_473' title='bbox 299 4559 397 4624; x_wconf 79' lang='grc' dir='ltr'>πάθους</span> <span class='ocrx_word' id='word_1_474' title='bbox 418 4558 466 4632; x_wconf 78' lang='grc' dir='ltr'>τὴν</span> <span class='ocrx_word' id='word_1_475' title='bbox 489 4559 642 4641; x_wconf 86' lang='grc' dir='ltr'>τυραννίδα,</span> <span class='ocrx_word' id='word_1_476' title='bbox 663 4561 703 4620; x_wconf 76' lang='grc' dir='ltr'><strong>ὅτι</strong></span> <span class='ocrx_word' id='word_1_477' title='bbox 723 4561 835 4642; x_wconf 81' lang='grc' dir='ltr'>ίαχυααν</span> <span class='ocrx_word' id='word_1_478' title='bbox 888 4559 962 4640; x_wconf 83' lang='lat' dir='ltr'><strong>quod</strong></span> <span class='ocrx_word' id='word_1_479' title='bbox 984 4560 1094 4641; x_wconf 79' lang='lat' dir='ltr'><strong>gravius</strong></span> <span class='ocrx_word' id='word_1_480' title='bbox 1112 4571 1175 4635; x_wconf 88' lang='lat' dir='ltr'><strong>est,</strong></span> <span class='ocrx_word' id='word_1_481' title='bbox 1192 4557 1319 4638; x_wconf 86' lang='lat' dir='ltr'><strong>quodque</strong></span> <span class='ocrx_word' id='word_1_482' title='bbox 1345 4557 1466 4638; x_wconf 86' lang='lat' dir='ltr'><strong>ipsarum</strong></span> <span class='ocrx_word' id='word_1_483' title='bbox 1477 4558 1606 4619; x_wconf 87' lang='lat' dir='ltr'><strong>morbum</strong></span> 
     </span>
     <span class='ocr_line' id='line_1_46' title="bbox 61 4648 1607 4733; baseline 0.004 -30"><span class='ocrx_word' id='word_1_484' title='bbox 61 4649 110 4706; x_wconf 78' lang='grc' dir='ltr'><strong>καί</strong></span> <span class='ocrx_word' id='word_1_485' title='bbox 122 4648 318 4727; x_wconf 80' lang='grc' dir='ltr'>ἐριλονείκησαν</span> <span class='ocrx_word' id='word_1_486' title='bbox 330 4650 375 4709; x_wconf 83' lang='grc' dir='ltr'><strong>καί</strong></span> <span class='ocrx_word' id='word_1_487' title='bbox 390 4650 531 4712; x_wconf 74' lang='grc' dir='ltr'>ἐθιάσαντο</span> <span class='ocrx_word' id='word_1_488' title='bbox 544 4653 576 4710; x_wconf 85' lang='grc' dir='ltr'><strong>δι’</strong></span> <span class='ocrx_word' id='word_1_489' title='bbox 592 4655 704 4712; x_wconf 82' lang='grc' dir='ltr'>εὐτελῶν</span> <span class='ocrx_word' id='word_1_490' title='bbox 721 4654 834 4733; x_wconf 76' lang='grc' dir='ltr'>ἱματίων</span> <span class='ocrx_word' id='word_1_491' title='bbox 888 4667 968 4732; x_wconf 88' lang='lat' dir='ltr'><strong>atque</strong></span> <span class='ocrx_word' id='word_1_492' title='bbox 982 4652 1063 4733; x_wconf 89' lang='lat' dir='ltr'><strong>hujus</strong></span> <span class='ocrx_word' id='word_1_493' title='bbox 1072 4651 1183 4710; x_wconf 81' lang='lat' dir='ltr'><strong>allectus</strong></span> <span class='ocrx_word' id='word_1_494' title='bbox 1191 4648 1363 4730; x_wconf 83' lang='lat' dir='ltr'><strong>tyrannidem</strong></span> <span class='ocrx_word' id='word_1_495' title='bbox 1370 4650 1607 4733; x_wconf 78' lang='lat' dir='ltr'><strong>apertissimepro-</strong></span> 
     </span>
     <span class='ocr_line' id='line_1_47' title="bbox 61 4739 1607 4822; baseline 0.003 -24"><span class='ocrx_word' id='word_1_496' title='bbox 61 4739 170 4798; x_wconf 78' lang='grc' dir='ltr'>ἐκείνοιν</span> <span class='ocrx_word' id='word_1_497' title='bbox 194 4742 398 4822; x_wconf 82' lang='grc' dir='ltr'>ὑπερακοντίσαι</span> <span class='ocrx_word' id='word_1_498' title='bbox 421 4743 465 4802; x_wconf 81' lang='grc' dir='ltr'>τὸν</span> <span class='ocrx_word' id='word_1_499' title='bbox 498 4744 691 4822; x_wconf 86' lang='grc' dir='ltr'>καλλωπισμὸν</span> <span class='ocrx_word' id='word_1_500' title='bbox 725 4749 777 4804; x_wconf 79' lang='grc' dir='ltr'>τῶν</span> <span class='ocrx_word' id='word_1_501' title='bbox 802 4746 836 4807; x_wconf 68' lang='grc' dir='ltr'>τί</span> <span class='ocrx_word' id='word_1_502' title='bbox 889 4742 1016 4822; x_wconf 83' lang='lat' dir='ltr'><strong>dit,illud</strong></span> <span class='ocrx_word' id='word_1_503' title='bbox 1024 4756 1063 4802; x_wconf 90' lang='lat' dir='ltr'><strong>est</strong></span> <span class='ocrx_word' id='word_1_504' title='bbox 1078 4789 1087 4819; x_wconf 98' lang='lat'><strong>,</strong></span> <span class='ocrx_word' id='word_1_505' title='bbox 1103 4740 1177 4821; x_wconf 87' lang='lat' dir='ltr'><strong>quod</strong></span> <span class='ocrx_word' id='word_1_506' title='bbox 1188 4741 1260 4800; x_wconf 90' lang='lat' dir='ltr'><strong>omni</strong></span> <span class='ocrx_word' id='word_1_507' title='bbox 1272 4740 1356 4801; x_wconf 87' lang='lat' dir='ltr'><strong>animi</strong></span> <span class='ocrx_word' id='word_1_508' title='bbox 1366 4741 1458 4802; x_wconf 88' lang='lat' dir='ltr'><strong>studio</strong></span> <span class='ocrx_word' id='word_1_509' title='bbox 1468 4754 1494 4801; x_wconf 86' lang='lat' dir='ltr'><strong>et</strong></span> <span class='ocrx_word' id='word_1_510' title='bbox 1509 4755 1607 4802; x_wconf 87' lang='lat' dir='ltr'><strong>oonato</strong></span> 
     </span>
     <span class='ocr_line' id='line_1_48' title="bbox 61 4832 1608 4918; baseline 0.004 -29"><span class='ocrx_word' id='word_1_511' title='bbox 61 4842 150 4911; x_wconf 71' lang='grc' dir='ltr'>χρυσᾶ</span> <span class='ocrx_word' id='word_1_512' title='bbox 163 4834 353 4913; x_wconf 73' lang='grc' dir='ltr'>περικειμένων</span> <span class='ocrx_word' id='word_1_513' title='bbox 376 4834 421 4893; x_wconf 79' lang='grc' dir='ltr'><strong>καί</strong></span> <span class='ocrx_word' id='word_1_514' title='bbox 442 4835 476 4894; x_wconf 69' lang='grc' dir='ltr'><strong>τὰ</strong></span> <span class='ocrx_word' id='word_1_515' title='bbox 495 4835 589 4913; x_wconf 78' lang='grc' dir='ltr'>ἱμάτια</span> <span class='ocrx_word' id='word_1_516' title='bbox 609 4836 643 4895; x_wconf 75' lang='grc' dir='ltr'><strong>τὰ</strong></span> <span class='ocrx_word' id='word_1_517' title='bbox 665 4835 776 4918; x_wconf 71' lang='grc' dir='ltr'>σηρικὰ,</span> <span class='ocrx_word' id='word_1_518' title='bbox 791 4836 836 4896; x_wconf 79' lang='grc' dir='ltr'><strong>καί</strong></span> <span class='ocrx_word' id='word_1_519' title='bbox 890 4834 1224 4910; x_wconf 82' lang='lat' dir='ltr'><strong>inboeincubuerunt,ut</strong></span> <span class='ocrx_word' id='word_1_520' title='bbox 1238 4832 1366 4915; x_wconf 85' lang='lat' dir='ltr'><strong>perviles</strong></span> <span class='ocrx_word' id='word_1_521' title='bbox 1381 4847 1406 4893; x_wconf 90' lang='lat' dir='ltr'><strong>et</strong></span> <span class='ocrx_word' id='word_1_522' title='bbox 1417 4834 1535 4916; x_wconf 83' lang='lat' dir='ltr'><strong>abjectas</strong></span> <span class='ocrx_word' id='word_1_523' title='bbox 1546 4833 1608 4895; x_wconf 86' lang='lat' dir='ltr'><strong>illas</strong></span> 
     </span>
     <span class='ocr_line' id='line_1_49' title="bbox 62 4922 1606 5008; baseline 0.003 -26"><span class='ocrx_word' id='word_1_524' title='bbox 62 4922 206 5003; x_wconf 81' lang='grc' dir='ltr'>ἐπέραστοι</span> <span class='ocrx_word' id='word_1_525' title='bbox 227 4928 329 5001; x_wconf 75' lang='grc' dir='ltr'>μᾶλλον</span> <span class='ocrx_word' id='word_1_526' title='bbox 343 4929 476 4985; x_wconf 74' lang='grc' dir='ltr'>’ἐντεῦθεν</span> <span class='ocrx_word' id='word_1_527' title='bbox 497 4930 581 4986; x_wconf 79' lang='grc' dir='ltr'>αὐτῶν</span> <span class='ocrx_word' id='word_1_528' title='bbox 596 4932 726 5008; x_wconf 75' lang='grc' dir='ltr'>φανῆναι,</span> <span class='ocrx_word' id='word_1_529' title='bbox 741 4932 776 4995; x_wconf 83' lang='grc' dir='ltr'><strong>ὡς</strong></span> <span class='ocrx_word' id='word_1_530' title='bbox 788 4927 836 5007; x_wconf 77' lang='grc' dir='ltr'><strong>μὲν</strong></span> <span class='ocrx_word' id='word_1_531' title='bbox 890 4943 988 5003; x_wconf 84' lang='lat' dir='ltr'><strong>vestes,</strong></span> <span class='ocrx_word' id='word_1_532' title='bbox 1005 4948 1097 4985; x_wconf 87' lang='lat' dir='ltr'><strong>earum</strong></span> <span class='ocrx_word' id='word_1_533' title='bbox 1107 4947 1166 5005; x_wconf 87' lang='lat' dir='ltr'><strong>quae</strong></span> <span class='ocrx_word' id='word_1_534' title='bbox 1178 4946 1243 4985; x_wconf 88' lang='lat' dir='ltr'><strong>auro</strong></span> <span class='ocrx_word' id='word_1_535' title='bbox 1258 4924 1390 4985; x_wconf 76' lang='lat' dir='ltr'><strong>redimita</strong></span> <span class='ocrx_word' id='word_1_536' title='bbox 1404 4947 1436 4986; x_wconf 84' lang='lat' dir='ltr'><strong>ac</strong></span> <span class='ocrx_word' id='word_1_537' title='bbox 1450 4925 1544 4988; x_wconf 85' lang='lat' dir='ltr'><strong>sericis</strong></span> <span class='ocrx_word' id='word_1_538' title='bbox 1558 4947 1606 4987; x_wconf 86' lang='lat' dir='ltr'><strong>ve·</strong></span> 
     </span>
     <span class='ocr_line' id='line_1_50' title="bbox 64 5014 1608 5102; baseline 0.004 -28"><span class='ocrx_word' id='word_1_539' title='bbox 64 5014 141 5074; x_wconf 83' lang='grc' dir='ltr'>αὐταί</span> <span class='ocrx_word' id='word_1_540' title='bbox 160 5016 321 5093; x_wconf 82' lang='grc' dir='ltr'>νομίζουσιν,</span> <span class='ocrx_word' id='word_1_541' title='bbox 337 5017 479 5100; x_wconf 79' lang='grc' dir='ltr'>ἄδιάρορον</span> <span class='ocrx_word' id='word_1_542' title='bbox 498 5024 635 5097; x_wconf 81' lang='grc' dir='ltr'>μετιοῦσαι</span> <span class='ocrx_word' id='word_1_543' title='bbox 658 5031 787 5102; x_wconf 73' lang='grc' dir='ltr'>πρᾶγμα,</span> <span class='ocrx_word' id='word_1_544' title='bbox 802 5026 837 5089; x_wconf 83' lang='grc' dir='ltr'><strong>ὡς</strong></span> <span class='ocrx_word' id='word_1_545' title='bbox 854 5036 873 5084; x_wconf 81' lang='grc' dir='ltr'><strong>Ε</strong></span> <span class='ocrx_word' id='word_1_546' title='bbox 891 5019 977 5079; x_wconf 90' lang='lat' dir='ltr'><strong>stibus</strong></span> <span class='ocrx_word' id='word_1_547' title='bbox 993 5018 1097 5078; x_wconf 78' lang='lat' dir='ltr'><strong>amicta</strong></span> <span class='ocrx_word' id='word_1_548' title='bbox 1108 5030 1187 5094; x_wconf 89' lang='lat' dir='ltr'><strong>sunt,</strong></span> <span class='ocrx_word' id='word_1_549' title='bbox 1208 5016 1368 5098; x_wconf 77' lang='lat' dir='ltr'><strong>elegantiam</strong></span> <span class='ocrx_word' id='word_1_550' title='bbox 1381 5031 1407 5077; x_wconf 87' lang='lat' dir='ltr'><strong>et</strong></span> <span class='ocrx_word' id='word_1_551' title='bbox 1420 5032 1546 5079; x_wconf 86' lang='lat' dir='ltr'><strong>ornatum</strong></span> <span class='ocrx_word' id='word_1_552' title='bbox 1560 5041 1608 5079; x_wconf 90' lang='lat' dir='ltr'><strong>su·</strong></span> 
     </span>
     <span class='ocr_line' id='line_1_51' title="bbox 64 5105 1606 5195; baseline 0.005 -32"><span class='ocrx_word' id='word_1_553' title='bbox 64 5105 91 5163; x_wconf 74' lang='grc' dir='ltr'><strong>δὲ</strong></span> <span class='ocrx_word' id='word_1_554' title='bbox 118 5111 135 5177; x_wconf 79' lang='grc' dir='ltr'>ἡ</span> <span class='ocrx_word' id='word_1_555' title='bbox 157 5113 203 5166; x_wconf 83' lang='grc' dir='ltr'>τοῦ</span> <span class='ocrx_word' id='word_1_556' title='bbox 224 5106 379 5187; x_wconf 88' lang='grc' dir='ltr'>πράγματος</span> <span class='ocrx_word' id='word_1_557' title='bbox 401 5108 477 5187; x_wconf 78' lang='grc' dir='ltr'>φύσις</span> <span class='ocrx_word' id='word_1_558' title='bbox 499 5109 637 5186; x_wconf 87' lang='grc' dir='ltr'>δείκνυσιν,</span> <span class='ocrx_word' id='word_1_559' title='bbox 654 5113 769 5195; x_wconf 86' lang='grc' dir='ltr'>θλίθριον</span> <span class='ocrx_word' id='word_1_560' title='bbox 792 5113 837 5172; x_wconf 82' lang='grc' dir='ltr'><strong>καί</strong></span> <span class='ocrx_word' id='word_1_561' title='bbox 890 5124 1023 5193; x_wconf 72' lang='lat' dir='ltr'><strong>potarent,</strong></span> <span class='ocrx_word' id='word_1_562' title='bbox 1031 5124 1110 5188; x_wconf 87' lang='lat' dir='ltr'><strong>atque</strong></span> <span class='ocrx_word' id='word_1_563' title='bbox 1122 5107 1363 5168; x_wconf 88' lang='lat' dir='ltr'><strong>biucamabiliores</strong></span> <span class='ocrx_word' id='word_1_564' title='bbox 1371 5109 1606 5174; x_wconf 85' lang='lat' dir='ltr'><strong>illisviderentur:</strong></span> 
     </span>
    </p>
   </div>
   <div class='ocr_carea' id='block_1_3' title="bbox 98 5271 535 5331">
    <p class='ocr_par' dir='ltr' id='par_1_4' title="bbox 98 5271 535 5331">
     <span class='ocr_line' id='line_1_52' title="bbox 98 5271 535 5331; baseline 0.016 -8"><span class='ocrx_word' id='word_1_565' title='bbox 98 5288 108 5312; x_wconf 75' lang='lat'><strong><em>³</em></strong></span> <span class='ocrx_word' id='word_1_566' title='bbox 128 5271 234 5328; x_wconf 64' lang='grc' dir='ltr'>ἐντεῦθεν</span> <span class='ocrx_word' id='word_1_567' title='bbox 246 5273 317 5328; x_wconf 80' lang='lat' dir='ltr'><strong>deest</strong></span> <span class='ocrx_word' id='word_1_568' title='bbox 328 5278 353 5328; x_wconf 88' lang='lat' dir='ltr'><strong>in</strong></span> <span class='ocrx_word' id='word_1_569' title='bbox 365 5275 465 5329; x_wconf 86' lang='lat' dir='ltr'><strong>duobus</strong></span> <span class='ocrx_word' id='word_1_570' title='bbox 477 5279 535 5331; x_wconf 83' lang='lat' dir='ltr'><strong>ttss.</strong></span> 
     </span>
    </p>
   </div>
   <div class='ocr_carea' id='block_1_4' title="bbox 0 0 1899 5992">
    <p class='ocr_par' dir='ltr' id='par_1_5' title="bbox 0 0 1899 5992">
     <span class='ocr_line' id='line_1_53' title="bbox 0 0 1899 5992; baseline 0 0"><span class='ocrx_word' id='word_1_571' title='bbox 0 0 1899 5992; x_wconf 95' lang='lat' dir='ltr'><strong> </strong></span> 
     </span>
    </p>
   </div>
  </div>
 </body>
</html>
