3764 5992
558 499 713 580 amurruu
739 503 773 549 ru
800 498 990 569 nrrsrnrsu
1017 498 1063 548 nn
1087 494 1278 549 cassatur.
1628 470 1698 567 889

144 719 1694 757 mm

512 938 565 1010 lN
598 934 905 1010 EPISTOLAM
936 934 1006 1008 ΑΙ)
1040 935 1329 1010 CAESARIUM

712 1182 1148 1308 MONITUM.

192 1485 317 1573 Epistola
330 1487 365 1548 ad
374 1488 521 1548 Cesarium
535 1488 755 1570 aChrysostomo
766 1485 875 1547 secundi
887 1485 973 1568 ipsius
983 1485 1073 1546 exsilii
1092 1499 1212 1568 tempore
1231 1486 1331 1567 scripta
1344 1486 1429 1546 fertur
1448 1487 1526 1546 initio
1539 1500 1564 1547 et
1573 1487 1634 1547 line.
1649 1489 1695 1549 ln·

144 1583 371 1666 ter-pretationem
385 1581 442 1661 ejus
451 1581 576 1640 Latinam
586 1602 621 1639 cx
628 1579 727 1639 Codice
737 1579 854 1660 quodam
860 1578 1015 1638 Florentino
1026 1563 1202 1660 descripserat
1212 1578 1277 1637 olim
1289 1580 1383 1637 Petrus
1393 1581 1503 1661 Martyr
1512 1578 1694 1658 Florentinus,

144 1677 201 1756 qui
227 1697 243 1734 a
266 1674 396 1734 catholica
413 1673 542 1753 religione
559 1671 684 1750 descivit,
698 1693 730 1732 ac
744 1671 862 1732 delatam
882 1691 973 1730 secum
992 1670 1020 1728 in
1041 1670 1167 1749 Angliam
1193 1669 1222 1729 iu
1239 1670 1378 1730 Granmeri
1406 1670 1601 1753 archiepiscopi
1625 1672 1695 1733 Cau·

144 1767 297 1828 tuariensis
307 1765 472 1825 bibliotheca
488 1764 614 1845 reposuit.
630 1768 665 1823 At
674 1777 735 1845 post
747 1762 886 1822 Cranmeri
900 1782 991 1821 necem
1005 1762 1062 1842 ejus
1073 1762 1237 1822 bibliotheca
1254 1762 1360 1843 direpta
1383 1763 1444 1836 fuit,
1455 1777 1484 1846 ct
1494 1763 1608 1844 epistola
1619 1761 1696 1824 dein·

145 1878 215 1940 ceps
225 1878 359 1936 nusquam
370 1857 530 1937 comparuit.
544 1856 614 1914 Cum
630 1867 718 1914 aretem
730 1855 775 1913 illa
785 1854 820 1913 ab
833 1853 876 1929 iis,
887 1853 934 1932 qui
949 1857 1309 1915 transsubstantiationem
1319 1854 1461 1933 negabant,
1475 1855 1502 1913 in
1515 1855 1697 1915 testimonium

144 1947 268 2009 adducta
280 1949 384 2024 fuisset,
400 1947 435 2006 ab
446 1946 565 2028 ejusdem
574 1949 912 2007 transsubstantiationis
921 1945 1168 2028 propugnatoribus
1179 1961 1305 2027 negatum
1316 1959 1356 2005 est
1368 1967 1426 2005 eam
1437 1947 1544 2028 uspiam
1555 1947 1696 2023 exstitisse,
1745 1953 1748 1965 '

146 2036 230 2117 cujus
244 2039 384 2117 exemplar
397 2035 502 2094 nullum
515 2035 733 2116 proferriposset.
749 2037 826 2093 Anno
836 2047 926 2093 autem
940 2038 1019 2098 1680
1037 2039 1081 2100 vir
1095 2037 1129 2099 el.
1146 2037 1427 2121 Emericus-Bigotius
1451 2039 1697 2122 interpretationem

152 2126 234 2188 illam
248 2127 370 2188 Latinam
389 2148 423 2187 ex
435 2125 527 2186 codice
547 2126 702 2186 Florentino
713 2125 741 2184 in
752 2125 918 2185 bibliotheca
937 2129 1178 2189 Dominicanorum
1191 2133 1226 2191 D.
1251 2130 1338 2190 Marci
1353 2130 1516 2212 descriptam
1538 2131 1624 2192 edidit
1636 2146 1698 2215 post

149 2218 269 2279 Palladii
281 2219 382 2279 librum
393 2218 493 2280 devita
504 2217 705 2300 chrysostomi.
721 2220 756 2277 At
770 2238 862 2277 censor
879 2219 1014 2302 quispiam
1026 2221 1168 2304 epistolam
1176 2222 1234 2303 jam
1248 2243 1338 2282 cusam
1351 2220 1570 2304 supprimendam
1582 2244 1638 2283 esse
1648 2245 1698 2307 pu·

155 2312 235 2387 tavit,
251 2333 282 2371 ac
294 2332 386 2372 revera
410 2310 557 2391 suppressit
571 2330 633 2368 curn
654 2308 727 2368 notis
740 2308 850 2390 Bigotii.
862 2313 941 2370 Anno
954 2327 1045 2373 autern
1064 2313 1140 2374 1685
1156 2313 1310 2394 Stephanus
1331 2314 1371 2373 Le
1384 2317 1494 2394 bloyne,
1509 2314 1537 2372 in
1560 2313 1631 2374 libro
1651 2312 1698 2374 cui

154 2403 254 2464 titulus
270 2406 360 2464 Varia
371 2408 477 2472 Sacra,
493 2402 581 2461 Touo
590 2402 688 2483 primo,
700 2400 770 2461 hanc
781 2401 922 2482 epistolam
934 2403 970 2466 ad
979 2405 1078 2465 calcem
1091 2401 1177 2463 edidit
1193 2418 1222 2462 ut
1238 2403 1267 2463 in
1277 2406 1330 2464 tls.
1343 2404 1469 2479 habetur,
1485 2404 1578 2464 multis
1594 2403 1700 2465 mendis

155 2517 314 2578 respersam,
330 2508 356 2556 et
368 2496 472 2575 aliquot
492 2493 520 2553 in
534 2494 600 2552 locis
615 2492 803 2568 deformatam,
818 2494 913 2554 utrix
927 2495 1029 2576 aliquis
1048 2486 1141 2556 sensus
1154 2494 1215 2554 clici
1237 2497 1329 2577 possit.
1341 2495 1436 2558 Edidit
1450 2497 1531 2556 etiam
1542 2517 1567 2556 v.
1579 2496 1613 2558 cl.
1623 2498 1699 2559 laco

155 2588 208 2647 bus
222 2589 343 2668 Basnage
351 2586 524 2647 Rotcrndami
533 2607 603 2645 anno
615 2586 703 2661 tout,
715 2607 776 2644 cum
787 2600 863 2667 parte
887 2587 932 2646 illa
946 2587 1111 2669 praefationis
1125 2585 1284 2666 bigotianae,
1303 2609 1363 2667 quae
1371 2587 1442 2648 banc
1456 2587 1597 2670 epistolam
1609 2589 1699 2672 respi-

155 2679 255 2755 ciebat,
270 2700 455 2760 quaequecum
474 2677 586 2760 epistola
607 2677 642 2738 ad
660 2677 805 2737 cesariem
820 2692 956 2761 expuncta
981 2681 1078 2757 fuerat,
1102 2680 1214 2761 adjectis
1226 2681 1306 2741 etiarn
1325 2679 1483 2761 fragmentis
1508 2682 1620 2759 Grecis,
1640 2704 1699 2762 quae

155 2770 281 2851 bigotius
294 2771 446 2850 collegerat.
462 2769 530 2829 atie
545 2789 652 2848 quoque
670 2767 743 2850 apud
766 2767 945 2830 heterodoxos
962 2768 1119 2851 prodierunt
1141 2769 1223 2851 hujus
1233 2769 1351 2857 epistola
1367 2769 1505 2830 editiones.
1527 2771 1644 2830 Demum
1657 2768 1701 2830 vir

157 2862 282 2922 eruditus
295 2865 339 2924 lo.
354 2861 510 2922 Harduinus
522 2883 557 2921 ex
566 2861 770 2923 SocietateJesu
782 2881 853 2922 anuo
865 2863 944 2923 t689
958 2861 1069 2921 eandmn
1088 2860 1251 2943 publicarit,
1272 2882 1382 2942 remque
1401 2860 1561 2921 catholicam
1572 2860 1701 2922 adversus

157 2953 347 3031 heterodoxos,
357 2953 404 3032 qui
412 2952 483 3013 banc
492 2952 528 3012 ad
538 2974 586 3012 sua
595 2950 693 3011 tuenda
718 2951 845 3034 dogmata
865 2951 1046 3035 usurpabant,
1062 2967 1168 3013 strenue
1185 2952 1344 3015 vindicavit.
1359 2954 1411 3014 llio
1429 2955 1527 3013 iterum
1550 2954 1700 3036 illampro-

158 3045 272 3105 ferimus
281 3045 383 3125 aliquot
396 3045 424 3104 in
438 3044 504 3104 locis
515 3042 684 3104 emendatam
688 3067 697 3120 ;
706 3045 855 3125 fragmenta
867 3060 956 3106 autem
966 3048 1073 3124 Graeca,
1088 3065 1148 3125 quae
1165 3066 1200 3106 ex
1213 3042 1352 3107 Anastasio
1370 3047 1540 3128 presbytero,
1553 3068 1589 3106 ex
1598 3050 1701 3109 Joanne

160 3139 328 3197 Damascena
341 3151 367 3196 et
381 3157 417 3196 ex
426 3136 488 3196 aliis
507 3135 629 3195 desumto
649 3136 766 3215 fuerant,
777 3138 897 3198 auctiora
910 3138 1017 3215 damus,
1027 3137 1158 3198 beneficio
1171 3136 1322 3198 doctissimi
1344 3139 1556 3218 amicissimique
1573 3138 1629 3199 viri
1644 3139 1701 3200 tui-

159 3229 266 3290 cbaclis
279 3229 397 3309 Lequieu
415 3250 449 3288 ex
468 3226 562 3287 ordine
575 3227 796 3310 Predicatorum,
813 3230 928 3309 quihaec
941 3253 976 3292 ex
989 3232 1129 3292 Anastasio
1140 3243 1166 3291 et
1186 3252 1221 3290 ex
1234 3232 1337 3292 Joanne
1353 3232 1520 3292 Damascena
1542 3230 1701 3312 diligentius

159 3321 278 3402 collegit.
1317 3342 1320 3349 ·

201 3418 262 3478 Jam
275 3414 320 3474 bio
329 3413 447 3496 plurima
462 3411 638 3492 disquirenda
654 3427 717 3474 sunt
725 3437 735 3492 ;
746 3413 876 3476 nimirum
888 3436 923 3477 an
936 3416 983 3476 hic
998 3416 1112 3498 scriptor
1120 3416 1156 3476 sit
1163 3417 1278 3477 Joannes
1292 3414 1511 3498 chrysostomus,
1525 3425 1560 3475 an
1568 3416 1639 3476 alius
1652 3417 1699 3495 qui
1710 3424 1747 3467 ²³²

159 3509 219 3589 ejus
227 3528 323 3568 nomen
332 3506 506 3582 emendatum
522 3505 571 3584 qui
590 3506 625 3565 sit
644 3506 763 3587 epistolae
775 3528 887 3589 scopus3
903 3521 930 3569 et
950 3507 1019 3588 quid
1031 3505 1201 3567 sentiendum
1221 3507 1256 3566 sit
1265 3505 1364 3566 deloco
1381 3507 1439 3580 illo,
1453 3507 1500 3586 qui
1515 3507 1586 3567 circa
1603 3520 1698 3570 trans·

159 3603 432 3661 substantiationern
444 3609 484 3656 tot
498 3598 739 3658 controversiarum
753 3619 845 3658 ansam
856 3600 940 3661 dedit.

202 3691 283 3766 Quod
294 3691 389 3750 attinet
397 3689 432 3749 ad
447 3689 563 3771 primam
574 3691 759 3769 questionem,
776 3706 868 3752 utrum
879 3693 980 3754 scilicet
999 3693 1057 3752 haec
1075 3689 1186 3772 epistola
1198 3689 1233 3749 sit
1250 3710 1313 3749 rere
1334 3690 1529 3770 Chrysostomi,
1544 3711 1592 3752 nec
1606 3713 1638 3752 ne
1651 3717 1657 3750 :
1670 3712 1701 3752 ea

161 3805 213 3867 pro
228 3782 414 3866 chrysostomi
423 3783 478 3841 setu
489 3780 582 3839 habita
591 3795 653 3841 esta
664 3785 951 3866 loanneDamasceno,
963 3785 998 3844 ab
1008 3782 1149 3843 Anastasio
1158 3780 1330 3863 Presbytero,
1342 3803 1358 3840 a
1370 3782 1533 3863 Nicephoro',
1546 3783 1702 3863 abaliisque

161 3877 209 3957 qui
238 3877 274 3936 de
287 3875 393 3935 duabus
407 3873 513 3935 naturis
529 3871 829 3956 disputarunt3quinet
845 3877 904 3961 ipse
921 3877 1017 3937 titulus
1035 3878 1166 3937 loannem
1184 3874 1340 3954 episcopum
1362 3872 1699 3956 Constantinopolitanum,

145 3968 264 4029 'scilicet
287 3968 520 4049 chrysostomum,
530 3979 667 4026 auctorem
686 3968 778 4050 prodit
792 3961 850 4030 :sic
872 3971 945 4031 enim
967 3969 1181 4046 habet,1ncipit
1202 3966 1325 4046 epistola
1340 3969 1418 4025 beati
1438 3966 1568 4027 Joannis
1579 3973 1702 4053 episcopi

161 4059 484 4139 Constantinopolitani
496 4061 537 4118 ad
550 4059 709 4119 Caesarium
723 4058 899 4122 monachuin
913 4077 1037 4142 ternpore
1050 4060 1171 4119 secundi
1183 4056 1280 4116 exsilii
1293 4061 1339 4118 sui
1346 4081 1358 4128 ,·
1369 4057 1442 4136 quod
1464 4058 1556 4140 ipsum
1564 4073 1702 4121 totumre·

161 4153 264 4234 petitur
273 4151 301 4211 in
314 4152 365 4210 fine
379 4150 529 4230 :Explicit
542 4152 666 4230 epistula
673 4152 734 4228 (sic)
742 4154 871 4215 Joannis
884 4170 933 4215 etc.
942 4153 1021 4212 Nihil
1029 4152 1196 4231 mirumergo
1206 4148 1398 4209 si'hcterodori
1413 4150 1477 4210 hinc
1486 4173 1514 4211 se
1522 4151 1701 4232 praevalidum

163 4259 256 4305 contra
274 4243 433 4303 catholicam
459 4242 543 4302 fidem
559 4259 748 4324 argumentum
770 4249 888 4306 mutuari
905 4269 983 4331 posse
1010 4257 1144 4327 putantes,
1170 4265 1228 4303 earn
1248 4243 1325 4322 quasi
1347 4244 1495 4323 genuinum
1515 4245 1702 4326 chrysostomi

162 4339 257 4411 fetum,
273 4337 346 4395 nullo
366 4335 505 4416 premisso
520 4336 654 4409 examine,
679 4339 849 4417 protulerint.
863 4341 1020 4402 Harduinus
1042 4338 1123 4397 etiam
1143 4337 1201 4419 ipse
1219 4350 1245 4396 et
1263 4336 1343 4395 titulo
1357 4349 1383 4394 et
1400 4350 1521 4397 veterum
1544 4337 1703 4404 testlmoniis

162 4428 305 4502 abductus,
318 4426 567 4507 Chrysostomiesse
581 4427 701 4508 putavit3
716 4428 744 4486 id
761 4429 832 4508 quod
855 4431 907 4512 ipsi
930 4431 1039 4492 stimulo
1054 4428 1116 4506 fnit,
1131 4443 1161 4488 ut
1175 4428 1271 4509 majori
1286 4440 1391 4502 conatu,
1402 4442 1428 4486 et
1445 4428 1558 4487 feliciori
1569 4429 1643 4489 exitu
1654 4432 1702 4491 ad·

162 4519 343 4581 versariorum
352 4518 405 4577 tela
414 4517 560 4600 depelleret
572 4532 781 4600 argumentoque
797 4522 955 4587 confutaret.
972 4522 1030 4584 Sub
1044 4521 1102 4582 bac
1124 4535 1214 4581 autem
1237 4518 1362 4578 laudatus
1376 4518 1418 4577 vir
1442 4519 1560 4579 blichael
1584 4523 1704 4602 Lequien

163 4615 191 4674 in
210 4611 402 4672 Dissertatione
414 4611 492 4670 tertia
502 4610 531 4671 in
547 4612 634 4671 fronte
642 4613 763 4693 Operum
774 4615 803 4674 S.
818 4617 929 4677 Joannis
944 4613 1104 4675 Damasceni
1117 4613 1203 4694 posita
1215 4634 1242 4692 p.
1257 4609 1380 4671 XLVlll
1405 4624 1430 4668 et
1439 4632 1512 4691 seqq.
1524 4634 1552 4672 se
1563 4615 1624 4699 napi
1637 4614 1703 4696 Μ.

164 4705 284 4776 ardenae<
292 4702 380 4783 operis
390 4700 516 4762 dubitare
536 4702 703 4779 testificatus,
714 4703 870 4787 hujusmodi
879 4718 1036 4790 argumenta
1046 4704 1188 4788 proposuit
1202 4703 1239 4761 ad
1261 4723 1319 4760 enm
1336 4701 1530 4783 Chrysostomo
1547 4705 1705 4786 abjudican-

161 4799 238 4856 dam.
255 4793 452 4856 Animadvertit
460 4794 647 4875 autempriuro
657 4816 715 4855 eam
727 4818 742 4855 a
758 4799 864 4859 nemine
887 4816 947 4861 ante
965 4798 1108 4859 leontium
1121 4793 1257 4854 laudatam
1269 4793 1364 4867 fuisse,
1376 4796 1424 4853 etsi
1436 4795 1577 4877 perspicua
1586 4797 1707 4880 locaprae

163 4890 268 4950 selerat
283 4887 412 4947 adversus
431 4884 629 4967 Eutychianos,
653 4908 754 4948 necnon
772 4889 853 4973 unius
863 4891 1010 4953 voluntatis
1020 4904 1046 4950 et
1060 4885 1222 4971 operationis
1241 4898 1385 4945 assertores
1400 4909 1407 4942 ε
1421 4896 1481 4964 qua
1502 4909 1565 4948 sane
1580 4889 1639 4951 loca
1655 4912 1708 4952 non

163 4977 392 5064 pretermittenda
406 4990 480 5037 erant
491 4977 519 5036 in
530 4977 649 5060 Synodis
660 4980 754 5059 quinta
764 4994 790 5041 et
803 4997 888 5062 sexta,
904 5005 957 5044 non
968 4985 1003 5043 ab
1022 4981 1078 5040 illis
1092 4980 1138 5058 qui
1151 5000 1194 5038 eas
1204 4977 1316 5037 baereses
1332 4977 1536 5058 impugnarunt,
1552 5001 1604 5040 non
1619 5004 1635 5041 a
1651 4985 1709 5043 Ne·

164 5074 241 5135 storii
255 5070 427 5148 vindicibus;
443 5083 469 5128 et
479 5082 568 5128 tamen
577 5069 670 5131 nullus
681 5093 776 5133 eorum
800 5073 869 5135 hanc
883 5076 1035 5157 epistolam,
1046 5073 1091 5134 vel
1106 5072 1163 5153 ejus
1173 5068 1301 5129 laciniam
1321 5070 1470 5148 quamlibet
1480 5078 1710 5135 commemoravit.
1803 5123 1804 5127 ,

166 5166 268 5248 Adjicit
280 5164 323 5224 vir·
336 5159 492 5222 doctushos
504 5160 633 5240 loquendi
647 5162 750 5239 modos,
765 5167 851 5245 Quod
871 5171 1021 5252 infernam
1043 5168 1170 5224 evomuit
1183 5166 1215 5222 in
1236 5163 1353 5221 Christo
1365 5163 1461 5223 dicere
1472 5185 1563 5226 anam
1574 5179 1714 5226 naturam

166 5259 425 5339 parturitionem?
438 5266 464 5313 et
471 5257 580 5315 Iterum
592 5257 693 5315 dicam
707 5279 716 5312 .·
729 5259 802 5317 Post
811 5263 971 5321 unitionem
983 5280 1042 5318 non
1052 5256 1266 5338 oportetdicere
1275 5255 1349 5319 duas
1359 5268 1490 5330 naturas,
1504 5270 1528 5314 et
1535 5257 1644 5334 similes,
1655 5273 1716 5322 tan·

330 5369 404 5408 rou.
432 5368 481 5406 ιιι.
1558 5351 1596 5414 57
1675 5400 1677 5403 .
