3810 6000
671 509 705 555 iu
733 505 986 569 ascensionem,
1009 505 1085 554 στα.
1575 490 1647 585 943

61 632 66 637 ⁴
106 643 154 699 τοῦ
171 634 270 716 Κυρίου
282 637 375 712 ἡμῶν·
391 636 448 711 μεθ’
463 623 493 691 ού
510 632 605 716 πρέπει
616 633 682 712 τιμὴ
703 634 748 693 καί
768 634 880 714 κρότος,
933 645 1040 708 mus,et
1055 631 1154 691 futuris
1165 634 1258 692 aterni
1271 632 1362 712 gaudii
1374 634 1452 695 bonis
1466 637 1648 716 perfruamur,

106 728 185 778 πᾶσα
198 714 261 783 δόξα
275 714 320 773 καί
336 712 550 793 μεγαλοπρέπεια
577 717 594 731 ”
608 715 671 772 Πατ
687 713 752 773 λκαλ
762 717 800 793 τῷ
811 713 880 793 ἁγίῳ
933 711 1083 790 eaelestique
1096 731 1179 790 regno
1192 711 1270 793 digni
1284 713 1448 774 efficiamur:
1458 715 1531 793 quod
1545 714 1649 775 utinam

107 797 155 856 καὶ
169 797 289 864 ζωοποιῶ
302 791 451 870 Πνεύματι,
461 797 507 853 νῦν
518 792 563 853 καί
594 791 626 869 εί,
639 738 879 862 καλείςτοῦςαίῶ-
933 811 1025 849 omnes
1040 811 1245 871 consequamur,
1262 793 1348 871 gratia
1362 808 1388 853 et
1399 793 1566 874 benignitate
1578 795 1646 874 ejus,

106 899 156 945 νας
167 878 219 934 τῶν
232 849 347 933 αίύνων.
357 871 449 949 Ἀμήν.
835 910 838 916 ‹
933 869 982 948 qui
995 868 1109 929 redemit
1119 890 1168 929 nos
1183 871 1297 950 pretioso
1311 872 1415 932 vivifici
1426 873 1518 932 lateris
1531 873 1575 932 sui
1587 894 1649 933 san·

933 949 1033 1028 guina,
1053 962 1079 1009 et
1097 949 1133 1008 ab
1156 970 1245 1010 errore
1259 952 1439 1031 servituteque
1452 973 1501 1012 nos
1513 953 1649 1027 liberavit,

932 1031 996 1088 lesu
1010 1026 1114 1088 Christi
1134 1029 1243 1088 Domini
1261 1031 1356 1104 nostri,
1374 1053 1454 1110 quem
1475 1031 1551 1091 decet
1563 1030 1650 1090 honor

934 1120 960 1166 et
970 1108 1431 1200 potentia,omnisquoquegloriaet
1440 1111 1649 1192 magnilioentia,
1716 1139 1725 1148 ·

934 1186 1019 1262 Patri,
1025 1200 1052 1245 et
1063 1201 1155 1247 sancto
1167 1209 1198 1247 ao
1211 1188 1321 1249 vivifico
1329 1190 1454 1270 Spiritui,
1462 1212 1534 1250 nuno
1545 1203 1571 1250 et
1579 1211 1649 1249 senr-

934 1286 993 1345 per,
1006 1266 1068 1325 etin
1079 1267 1448 1329 suculasaeculorum.nmen.

295 1614 311 1646 ’ί
322 1611 385 1673 Em
402 1611 486 1674 ΤΗΝ
502 1612 704 1672 ΑΝΑΛΗΨΙΝ
897 1612 917 1662 (ἶ
1115 1613 1167 1671 ΙΝ
1177 1611 1474 1675 ASCENSIOM'M

169 1792 225 1852 Τοῦ
241 1789 339 1871 Κυρίου
351 1791 429 1870 ἡμῶν
444 1791 533 1867 Ἰησοῦ
547 1793 673 1874 Χριστοῦ.
685 1791 769 1870 Λόγος
783 1787 817 1870 γ’.
976 1794 1098 1853 Domini
1111 1798 1204 1854 nostri
1217 1797 1288 1856 Iesu
1307 1798 1427 1857 curisti.
1439 1798 1538 1858 Sermo
1552 1800 1610 1856 111.

148 1980 268 2062 Φαιδρόν
282 2006 327 2060 μοι
344 1985 375 2044 τὸ
394 1988 442 2056 τῆς
462 1984 626 2057 Ἔκκλησίας
640 1982 757 2063 θέατρον,
777 1984 807 2040 ού
831 1980 878 2062 γό-
974 1979 1083 2039 lllusue
1096 1979 1164 2039 mihi
1177 1979 1306 2041 Ecclesia
1321 2002 1348 2040 se
1363 1983 1442 2041 offert
1457 1984 1649 2064 spectaculum,

107 2063 182 2120 λιστα
192 2069 247 2127 τοῖς
262 2062 407 2141 ἀνθρώποις
417 2065 589 2147 ἐργαζόμενον
601 2063 723 2140 μάταιον,
738 2060 880 2140 ἀλλθσρο-
935 2080 988 2118 non
1000 2080 1100 2118 vanum
1120 2059 1279 2119 hominibus
1299 2062 1385 2120 risum
1396 2062 1528 2135 excitans,
1547 2063 1593 2122 sed
1608 2064 1652 2122 la-

108 2139 169 2219 δρθν
189 2142 228 2219 τῷ
248 2140 362 2201 διαόολω
383 2142 428 2202 τὸν
451 2147 557 2226 θρῆνον,
568 2143 666 2203 Βλέπει
686 2140 738 2223 γὰρ
760 2139 816 2198 ἄνω
828 2143 881 2197 τῶν
935 2139 1124 2198 mentationem
1155 2139 1339 2198 vehementem
1368 2141 1478 2200 diabolo
1511 2162 1650 2220 generans.

106 2217 182 2277 κότω
199 2223 298 2298 νεκρῶν
322 2200 500 2302 ιἰύασιόσιμον
522 2222 609 2303 ῥίζαν·
628 2220 721 2301 βλέπει
742 2219 786 2278 τὸν
806 2219 881 2278 κύτω
936 2217 1029 2276 Cernit
1041 2218 1113 2275 enim
1127 2238 1234 2276 sursum
1246 2239 1314 2292 eam,
1324 2239 1384 2297 quar
1397 2234 1518 2279 mortuos
1531 2222 1567 2279 ab
1585 2222 1653 2280 infe·

106 2300 172 2376 παρ’
187 2298 269 2358 αὐτοῦ
282 2302 463 2379 παραδοθέντα
475 2306 514 2383 τῷ
528 2305 650 2382 σταυρῷ,
664 2300 691 2368 ἐξ
705 2302 814 2381 ὀύρανοῦ
832 2301 881 2357 αὐ·
936 2297 973 2357 ris
987 2296 1107 2369 suscitat,
1117 2296 1253 2370 radicem
1270 2297 1367 2378 aspicit
1379 2320 1441 2358 eum
1474 2301 1501 2358 ui
1515 2301 1594 2359 abeo
1608 2301 1654 2359 hic

107 2377 199 2436 τὸνκα
246 2382 332 2436 ῶντα·
346 2381 437 2458 βλέπει
448 2381 496 2454 τὴν
511 2386 560 2461 γῆν
571 2381 689 2460 ἀγγελων
702 2376 882 2458 πεπληρωμέ-
935 2377 964 2435 in
975 2375 1175 2454 crucislignum
1190 2376 1305 2435 traditus
1318 2391 1383 2453 erat,
1397 2400 1411 2437 e
1424 2322 1496 2438 caelis
1509 2379 1652 2458 respicien-

107 2478 171 2558 νην·
187 2382 439 2559 βλῖτιιπρραδόξως
448 2462 514 2561 ἀέρα
528 2460 714 2563 βαδιζόμεγον·
728 2458 820 2536 βλέπει
834 2457 882 2524 τὰς
935 2469 989 2514 tem
1001 2455 1106 2536 ipsum;
1118 2455 1193 2545 ridet
1203 2469 1301 2515 terram
1311 2457 1653 2549 angelisrepletam5intue-

108 2534 885 2699 immissurus}uruntur}
935 2533 1653 2694 {susurrussusurrares?

111 2693 236 2772 βασιλεὺς
249 2697 296 2766 τῆς
317 2696 407 2772 δόξης,
423 2688 487 2766 τοὺς
505 2697 533 2757 δὲ
546 2699 627 2758 πόλιν
644 2699 817 2763 ἀπαντῶντας
836 2695 881 2754 καί
936 2695 1077 2752 Attollite
1085 2705 1197 2772 portas,
1208 2698 1363 2774 principes,
1370 2709 1497 2769 uestras,
1510 2710 1537 2755 et
1549 2700 1653 2756 introi·
1665 2710 1731 2755 Psat.
1739 2709 1803 2768 ²³·7·

110 2774 321 2842 ύπασπίζοντας’
334 2775 428 2858 ίίύριος
439 2777 564 2857 κραταιὸς
575 2776 621 2836 καί
637 2777 743 2844 δυνατός
757 2777 785 2835 ἐν
799 2774 881 2834 πολό-
936 2777 978 2832 bit
990 2776 1052 2831 Rex
1062 2775 1164 2853 gloriae
1174 2796 1183 2827 .·
1195 2773 1262 2831 alias
1275 2787 1364 2833 autem
1374 2774 1483 2835 obviam
1505 2777 1651 2851 venientes,

111 2875 164 2932 ρῳ.
179 2851 277 2932 ι’Ποίιρ
291 2854 414 2932 πολίμως
428 2856 482 2916 Ὃν
495 2855 562 2937 ὑπὲρ
575 2860 653 2957 ἡρῶν
663 2856 782 2935 πρόςτθν
796 2853 881 2913 κοινὸν
935 2867 962 2912 et
975 2853 1112 2933 stipantes,
1123 2854 1270 2911 Dominus
1275 2854 1370 2932 sortis
1384 2867 1413 2913 et
1424 2868 1538 2933 potens,
1548 2859 1652 2916 Domi·
1665 2869 1700 2913 lu.
1715 2885 1736 2914 ι.
1747 2864 1771 2912 8.

110 2931 205 3011 ἐχθρόν
214 2915 410 3007 ύπιδόξατο,όν
428 2936 511 3003 οὐδεὶς
522 2941 677 3017 αἰνθρωπων,
688 2937 718 2994 ού
728 2937 882 3013 προφητῶν,
936 2953 991 2991 nus
1004 2945 1108 3010 potens
1122 2932 1318 3021 ιἰιιρναίὶολῑ
1327 2932 1354 2990 in
1369 2954 1424 3011 quo
1456 2935 1592 2994 raeliolln
1606 2936 1653 2996 illo

110 3012 140 3070 οὐ
152 3010 262 3070 δικαίων
277 3016 477 3075 καταπαλαῖσαι
497 3015 646 3088 δεδύνηται.
659 3014 883 3095 Ἐτετυρόιννηντο
935 3011 1009 3090 quod
1030 3033 1079 3091 pro
1100 3010 1177 3070 nolus
1197 3031 1260 3068 eum
1280 3013 1417 3071 communi
1431 2956 1508 3073 doste
1521 3017 1654 3096 suscepit,

175 3089 273 3158 πάντες
287 3094 338 3152 ὑπὸ
354 3095 535 3172 βασιλεύοντος
554 3094 615 3154 τότε
633 3093 762 3164 θανάτου,
783 3093 833 3158 ἔως
852 3081 882 3150 ού
900 3103 920 3150 n
936 3111 1018 3168 quem
1039 3090 1131 3149 nullus
1148 3089 1300 3165 hominum,
1316 3103 1364 3148 aut
1377 3093 1582 3173 prophetarum,
1597 3095 1655 3154 sive

110 3088 185 3249 ύτᾶαίρα
209 3169 316 3249 ’γονενό
355 3173 459 3241 ασιλεύς
474 3178 526 3233 τῶν
546 3172 657 3245 αἰώνων,
678 3173 725 3232 καὶ
746 3172 828 3244 δήσας
839 3169 884 3230 τὸν
934 3171 1070 3250 justorum
1091 3168 1251 3228 debellando
1265 3191 1391 3250 superare
1405 3172 1543 3252 potuisset.
1556 3176 1656 3235 Omnes

111 3193 230 3328 ἰσχυρόν,
244 3176 376 3310 delinire
387 3256 467 3312 αὐτοῦ
483 3250 517 3310 τὰ
531 3252 621 3324 σκεύη.
638 3251 821 3332 Σταορομύναυ
832 3249 884 3330 γὰρ
937 3248 1151 3308 enimerantsub
1160 3247 1303 3328 tyrannide
1313 3251 1482 3329 mortisque·
1492 3266 1551 3312 tum
1562 3274 1658 3333 regna·

110 3334 157 3385 τοῦ
170 3326 321 3407 Κυρίοο,αί
344 3330 392 3408 μὲν
409 3331 531 3409 δυναίμεις
547 3337 601 3391 τῶν
619 3334 734 3411 οὐρανῶν
752 3329 884 3402 ἐξενίσθη·
937 3328 995 3403 bat,
1009 3327 1094 3387 donee
1116 3330 1176 3386 Rex
1200 3328 1360 3386 saeculorum
1382 3330 1501 3405 advenit,
1523 3333 1659 3413 ligatoque

112 3428 171 3479 σαν,
186 3411 203 3477 ἡ
220 3405 247 3465 δὲ
269 3407 354 3476 κτίσις
373 3420 448 3470 πᾶσα
468 3414 613 3486 ἐκλονεῖτο,
632 3415 721 3493 ὁρῶσα
743 3411 775 3470 τὸ
795 3409 884 3469 καινόν
938 3408 1011 3477 sorti,
1033 3428 1097 3467 uasa
1121 3406 1207 3486 ipsius
1226 3405 1348 3466 abstulit.
1359 3410 1428 3467 Nam
1451 3412 1569 3470 Domino
1583 3414 1658 3472 cruci

111 3485 258 3562 prosaltor
271 3487 361 3548 καὶτὸ
376 3491 487 3572 ροόερόν
511 3490 598 3569 θέαμα
619 3489 758 3571 γενόμενον
778 3487 822 3549 tat
837 3491 885 3559 τῆς
940 3486 1058 3576 suffitio,
1073 3486 1187 3545 virtutes
1210 3485 1337 3544 calonum
1361 3487 1515 3624 stupefactae
1538 3505 1611 3557 sunt,
1632 3506 1660 3551 et

129 3568 170 3636 ἶς.
183 3511 333 3646 ’deportare
345 3567 397 3649 γὰρ
415 3575 433 3641 η
447 3574 500 3648 γῆ,
511 3570 618 3643 ἐκινήθη
631 3576 649 3642 ἡ
663 3570 800 3642 θάλασσα,
811 3568 888 3626 ἔκλο·
941 3586 1028 3624 omnis
1040 3578 1233 3623 naturarerum
1242 3577 1385 3638 commota,
1419 3587 1464 3624 um
1479 3589 1580 3629 novum
1589 3570 1659 3629 illud

151 3644 227 3718 νίσθη
246 3650 264 3718 ἡ
285 3646 410 3724 όύοσσος,
426 3659 504 3709 πᾶσα
521 3654 538 3721 ἡ
559 3650 644 3717 κτίσις
663 3647 813 3798 ἐταρρίχθη·
826 3648 885 3725 ἐρα·
940 3656 1078 3703 cernerent
1089 3641 1259 3722 mysterium,
1272 3657 1298 3717 et
1309 3644 1481 3705 formidabile
1493 3648 1566 3726 quod
1578 3650 1660 3709 fiebat

109 3722 233 3796 Βήθησαν
256 3732 392 3809 φωστῆρες
414 3730 541 3809 οὐρανῶν,
555 3728 647 3809 ἔφυγεν
669 3732 683 3786 ὁ
740 3749 777 3793 ιος
801 3723 885 3796 καὶὴ
940 3721 1062 3782 interris
1086 3721 1279 3802 spectaculum.
1302 3724 1469 3784 Contremuit
1491 3727 1564 3787 enim
1580 3743 1659 3805 terra,

109 3803 230 3876 σελήνη,
259 3805 368 3887 ἀστέρες
394 3807 521 3879 ἐξέλιπον,
544 3808 633 3888 ἡμέρα
659 3810 709 3887 οὐχ
736 3805 886 3883 ὑπόμεινον,
940 3814 1104 3862 commotum
1118 3814 1156 3860 est
1168 3822 1252 3873 mare,
1263 3803 1392 3862 fluctuata
1405 3818 1445 3863 est
1458 3805 1584 3886 abyssus,
1596 3830 1660 3890 per-

110 3882 224 3961 ἅγγελος
245 3883 372 3958 ἕξήλλατο
401 3887 595 3967 τεταραγμένος
618 3892 664 3946 τοῦ
687 3892 768 3960 ναοῦ,
794 3906 887 3963 περιε-
940 3882 1079 3941 torrefacta
1090 3893 1129 3940 est
1141 3880 1227 3941 omnis
1236 3894 1368 3960 creatura,
1377 3883 1521 3945 luminaria
1533 3889 1660 3947 caelorum

110 3982 179 4041 σχια
202 3960 258 4022 ε’νοο
280 3971 326 4023 τοῦ
350 3967 589 4044 καταπετάσματος
610 3971 656 4026 τοῦ
680 3967 767 4026 olxoo·
794 3965 887 4035 σκότος
941 3974 1119 4043 expaverunt,
1133 3961 1197 4019 luna
1209 3973 1235 4019 et
1247 3961 1288 4020 sol
1302 3964 1441 4043 sugerunt,
1456 3965 1539 4026 stella
1552 3966 1660 4027 desece-

109 4042 165 4100 ἕπλ
187 4064 254 4120 ρωσε
274 4043 323 4115 τὴν
344 4049 404 4124 γῆν,
424 4045 460 4106 τὰ
480 4056 599 4126 στοιχεῖα
616 4043 788 4127 ἀπεστράφη,
802 4041 848 4102 καλ
867 4045 885 4114 ἡ
942 4055 1016 4119 runt,
1029 4041 1088 4100 dies
1099 4060 1152 4099 non
1168 4040 1243 4117 tulit,
1255 4042 1514 4126 angelusetemplo,
1528 4047 1661 4108 conscisso

108 4119 203 4199 ἡμέρα
215 4122 364 4194 ἠλλοιώθη·
378 4127 407 4185 ού
421 4124 474 4206 γὰρ
485 4115 629 4193 ἐύιίσταζαν
643 4130 754 4205 ὁρῶντες
767 4123 812 4182 τὸν
823 4124 886 4180 tao·
940 4122 1011 4196 velo,
1020 4121 1130 4180 territus
1140 4119 1251 4179 exsiluit
1259 4143 1268 4198 ;
1277 4122 1393 4182 tenebris
1399 4123 1515 4184 obducta
1525 4141 1564 4186 est
1576 4141 1656 4198 terra,

109 4203 167 4258 τῶν
182 4201 320 4274 Δεσπότην
341 4204 386 4262 καὶ
410 4205 523 4278 ποιητὴν
546 4205 711 4288 κρεμάμενον
732 4204 778 4263 lael
800 4201 885 4270 ξύλου.
940 4201 1070 4260 elementa
1093 4200 1199 4261 reluta
1222 4222 1271 4260 suo
1293 4201 1387 4262 ordine
1410 4221 1586 4282 recesserunt,
1602 4206 1660 4266 dies

111 4276 187 4338 Τότε
201 4285 215 4338 ό
229 4279 292 4361 ᾅδης
305 4282 450 4357 κατελύθη,
466 4284 512 4343 καί
532 4289 560 4344 αί
577 4284 660 4345 πύλαι
674 4285 753 4343 αὐτοῦ
769 4281 887 4391 συνετρί-
942 4279 1099 4339 immutatus
1118 4293 1173 4341 est:
1187 4301 1240 4339 non
1251 4280 1322 4340 enim
1331 4296 1439 4362 aspectu
1449 4304 1497 4342 suo
1508 4285 1577 4343 serre
1588 4300 1660 4365 pote

111 4357 213 4433 θησαν,
229 4360 274 4418 καί
288 4365 312 4421 σί
324 4363 419 4442 μοχλολ
436 4367 514 4423 αὐτοῦ
534 4364 759 4436 συνεκλόσθησαν.
770 4361 839 4442 Περὶ
849 4387 886 4423 ων
943 4374 1002 4418 rant
1016 4360 1163 4419 Dominum
1177 4381 1208 4418 ac
1230 4360 1383 4419 Creatorem
1399 4382 1479 4419 suurn
1501 4385 1660 4444 suspensum

109 4436 199 4496 Δαυίδ
221 4442 393 4520 προφητεύων
420 4441 520 4520 ἔλεγεν,
546 4442 611 4503 Ὅτι
639 4443 777 4524 συνέτριψε
802 4440 887 4508 πύλας
896 4481 933 4521 7„
943 4439 971 4498 in
982 4441 1066 4519 ligno.
1080 4442 1159 4499 Tunc
1170 4439 1289 4498 infernus
1301 4461 1409 4500 eversus
1418 4454 1466 4515 est,
1473 4456 1497 4501 et
1508 4456 1592 4523 portae
1603 4446 1660 4525 ejus

110 4518 234 4596 χαλκᾶς,
263 4519 376 4599 μοχλούς
398 4523 520 4602 σιδηροῦς
541 4523 693 4584 συνέθλασε.
723 4522 792 4581 Τότε
820 4520 884 4580 ἔπε-
906 4521 1064 4583 ncontritae
1078 4533 1151 4595 sunt,
1161 4530 1187 4576 et
1200 4531 1287 4577 vectes
1303 4519 1389 4599 ipsius
1405 4521 1591 4582 confractiDe
1600 4524 1660 4602 qui·

112 4617 161 4654 σεν
180 4600 194 4654 ὁ
215 4598 361 4675 βασιλεύων
375 4601 484 4669 θάνατος
504 4603 556 4662 ὑπὸ
575 4602 635 4670 τοὺς
653 4601 736 4669 πόδας
754 4603 887 4698 Χριστοῦ,
941 4598 993 4658 bus
1007 4598 1098 4658 David
1111 4597 1261 4657 vaticinans
1283 4598 1391 4657 dicebat
1403 4622 1409 4655 :
1421 4601 1499 4677 Quia
1524 4607 1661 4663 contrivit
1670 4616 1738 4660 Prot.
1760 4613 1811 4660 ιοθ.

111 4673 161 4732 καλ
185 4675 290 4757 ἐσύρετο
315 4681 487 4759 αἰχμάλωτος
509 4681 739 4761 θριαμύευόμενος.
763 4682 812 4760 'lep
834 4680 887 4760 γὰρ
938 4692 1041 4757 portas
1068 4697 1170 4747 aereas,
1195 4689 1223 4735 et
1244 4690 1343 4736 vectes
1363 4681 1481 4759 ferreos
1507 4683 1610 4764 eonfre
1630 4688 1660 4742 it.
1674 4675 1711 4722 ¹⁶·

112 4754 240 4836 ἀτρέπτῳ
248 4755 354 4836 σώματι
366 4759 411 4817 καὶ
425 4760 536 4840 γενναίῳ
547 4761 663 4827 κενώσας
674 4766 719 4819 τοῦ
731 4762 827 4840 ἐχθροῦ
837 4757 886 4831 τὴν
941 4760 1020 4827 Tunc
1034 4777 1107 4816 mors
1120 4755 1262 4814 dominans
1282 4757 1403 4837 subjecta
1425 4773 1464 4817 est
1481 4760 1532 4819 sub
1566 4705 1662 4821 rdiius

113 4831 203 4913 ἰσχὺν,
217 4836 262 4895 καὶ
273 4836 321 4904 τός
334 4846 344 4871 ·
355 4839 478 4918 μηχανὰς
494 4843 573 4900 αὐτοῦ
584 4840 743 4924 συντρίψας,
756 4839 885 4919 κατόδρα-
940 4835 1052 4912 Christi,
1066 4847 1092 4894 et
1109 4835 1137 4893 in
1158 4835 1297 4914 triumpho
1310 4835 1392 4896 ducta
1404 4839 1519 4919 captiva.
1533 4783 1604 4899 rlam
1619 4841 1660 4900 in·

149 5024 159 5044 ⁶
176 5017 289 5072 Collatus
308 5033 334 5072 et
351 5021 498 5075 emendatus
517 5021 551 5074 nd
569 5021 644 5074 fidem
666 5021 774 5074 duorum
798 5019 875 5073 codd.
901 5019 1110 5089 Reg.l1abentur‚
1125 5019 1353 5071 etaVossiolecta
1370 5034 1437 5072 aunt.

112 5098 195 5165 segg.
211 5099 276 5149 {820
287 5111 313 5150 et
325 5102 400 5152 2032.
418 5104 497 5153 Initio
509 5101 623 5169 quadam
635 5117 665 5152 ex
677 5100 803 5152 ambobus
819 5117 877 5153 cor·
933 5114 943 5139 ¹
961 5099 1009 5149 nic
1020 5109 1045 5147 et
1054 5100 1079 5148 in
1090 5097 1251 5164 sequentibus
1262 5098 1345 5166 aliquo
1355 5098 1468 5164 deerunt,
1483 5101 1521 5154 vel
1533 5120 1603 5156 sorus
1615 5124 1663 5172 po-

112 5176 241 5244 riguntur·
904 5180 951 5231 sita
963 5189 1048 5244 erant,
1062 5195 1116 5244 quae
1129 5193 1157 5228 eu
1169 5177 1229 5231 utss.
1244 5179 1393 5231 sarciuntur.

150 5255 164 5294 δ
182 5255 254 5312 λίπα,
274 5262 330 5323 ποίῳ
352 5263 457 5326 πολεμῳς
471 5256 574 5311 deerant
592 5259 618 5312 in
634 5257 704 5313 Edit.
716 5257 766 5312 Sed
782 5259 808 5311 in
828 5275 879 5311 uno
