3764 5992
11 2970 108 3029 Chr-yso-

0 3060 1 3064 =
23 3047 48 3074 us
61 3046 108 3073 ser·

2 3109 40 3137 nes
81 3094 108 3136 de

1 3189 4 3196 ι
19 3156 67 3198 ibus

1 3240 5 3252 ¹
12 3225 82 3261 limi.

12 3280 39 3325 li.
51 3277 91 3324 25.

122 405 193 488 [με
437 427 467 473 s.
494 427 634 477 sosnuis
658 426 841 476 cususosr.
870 427 1027 480 sicsine.
1055 431 1331 483 oonsrssmsor.

119 549 274 612 tinebimus.
286 550 357 611 Nam
368 550 594 630 quemadmodum
606 551 641 627 is,
651 552 700 631 qui
710 565 832 634 accepta·
848 556 867 605 G
885 563 961 636 χιῑσν
971 556 1114 636 ’λοίὸωμιν
1128 557 1311 640 συγχώρησιν.
1327 557 1468 643 Ὥσποργ

119 662 182 701 rum
195 663 211 700 a
226 641 352 723 proximo
371 642 534 723 injuriarum
553 664 655 703 memor
668 657 717 720 est,
728 643 832 705 dimitti
884 648 940 708 σίον
962 656 1133 726 μησικακῶν
1146 655 1194 712 οῦκ
1218 652 1320 734 ἀφίησι
1343 651 1393 726 τὴν
1417 655 1462 715 tut

119 754 211 813 poenas
222 733 332 794 minime
341 734 416 807 sinit,
429 756 495 814 quas
506 735 562 795 suis
570 735 687 816 peccatis
697 751 831 796 meretur:
885 742 1061 821 ἁμαρτήμασι
1074 747 1257 818 καταλυθῆναι
1280 746 1405 821 κόλασιν,
1426 747 1468 808 οῦν

119 824 156 885 ita
167 825 214 904 qui
230 826 265 885 ab
276 826 317 886 ira
331 825 462 886 immunis
473 840 527 901 est,
538 827 592 886 cito
605 827 688 887 etiam
701 820 832 888 immunis
884 833 921 892 ὢν
932 837 1029 914 ὀργῆς,
1042 837 1156 920 καθαρὸς
1174 837 1220 898 καί
1235 838 1445 920 ἁμαρτημάτων
1463 845 1468 898 ί

119 917 170 977 erit
191 940 208 977 a
230 918 356 999 peccatis.
372 919 403 980 si
427 918 501 979 enirn
517 940 566 979 nos
589 919 720 1001 improbi,
736 935 763 980 et
784 921 832 980 ira
883 929 920 986 Εἰ
940 926 992 1006 γὰρ
1005 933 1084 1007 ἡμεῖς
1103 933 1127 989 οἱ
1145 930 1258 1012 πονηροί
1269 930 1319 991 καί
1333 933 1468 1014 θυμῷδσυ

117 1009 279 1088 servientes,
300 1008 404 1071 οἰ)Βοί
431 1009 589 1071 mandatum
618 1011 709 1072 omnia
731 1011 761 1071 in
783 1032 832 1072 nos
884 1018 915 1078 τὸ
929 1026 976 1080 τοῦ
989 1021 1060 1080 Θεοῦ
1073 1020 1233 1103 πρόσταγμα
1246 1022 1468 1099 πάντατὰείςί,

118 1100 260 1159 commissa
287 1116 395 1182 peccata
420 1101 585 1183 despicimus
606 1104 717 1163 :mirlto
744 1105 832 1185 magis
885 1136 932 1191 μιν
946 1112 1146 1192 ἁμαρτήματα,
1160 1115 1252 1196 πολλῷ
1269 1117 1374 1194 μᾶλλον
1391 1122 1408 1177 ὁ
1425 1120 1468 1198 φιλ

117 1190 250 1272 benignus
261 1216 293 1254 ac
304 1194 391 1254 bonus
405 1195 550 1273 Dominus,
560 1217 620 1256 cum
631 1196 668 1255 sb
681 1197 754 1256 omni
767 1219 830 1277 per·
884 1204 980 1281 ἀγαθὸς
996 1206 1042 1265 καί
1055 1206 1154 1273 παντὸς
1167 1208 1283 1291 καθαρὸς
1298 1208 1338 1268 ὢν
1349 1210 1452 1279 πάθαις
1465 1238 1468 1251 ·

117 1283 270 1345 turbatione
279 1287 314 1347 sit
321 1308 417 1369 purus,
426 1286 525 1347 delicta
539 1301 630 1348 nostra
639 1287 833 1365 dissimulabit,
883 1303 961 1377 ἡμῶν
974 1297 1009 1357 τὰ
1029 1296 1270 1378 πλημμελήματα,
1281 1307 1333 1375 τῆς
1344 1307 1383 1371 είς
1402 1304 1468 1364 τίνι

117 1388 143 1434 et
156 1390 310 1437 nostrorum
320 1378 476 1440 remissione
488 1393 669 1462 peccatorum,
680 1381 831 1444 exhibitam
884 1389 1028 1471 ρροσιίνης,
1048 1393 1120 1470 ἔνι-ᾔ
1141 1394 1194 1450 τῶν
1216 1392 1322 1454 οἰκείων
1338 1396 1468 1476 ἁμαρτςμ

116 1469 242 1548 proximo
256 1471 412 1532 comitatem
427 1486 453 1533 et
467 1472 665 1535 humanitatem
678 1495 831 1536 remunera-
885 1483 978 1564 ρήσει,
991 1482 1039 1555 τὴν
1053 1482 1167 1563 apsidis
1181 1488 1247 1563 ἡμῖν
1259 1486 1422 1556 ἀποδιδούς·
1441 1479 1468 1561 ἧς

116 1559 203 1620 bitur.
222 1561 312 1634 Quam
338 1562 443 1624 utinam
473 1564 551 1624 nobis
575 1564 702 1627 omnibus
724 1566 831 1646 assequi
883 1598 932 1641 τας
956 1579 1027 1654 ἡμᾶς
1050 1578 1193 1656 ἐπιτυχεῖν,
1219 1576 1313 1659 χαίρετε
1337 1579 1387 1639 καί
1415 1583 1468 1662 φιλο

118 1654 272 1735 contingat,
286 1657 374 1736 gratia
387 1671 413 1717 et
424 1658 591 1739 benignitate
613 1659 725 1719 Domini
746 1660 831 1720 nostri
885 1665 982 1745 Kopion
994 1671 1070 1745 ἡμῶν
1083 1665 1172 1739 Ἰησοῦ
1190 1669 1327 1750 Χριστοῦ,
1346 1662 1372 1753 ᾧ
1393 1671 1468 1744 ἡδοἜ

117 1748 183 1808 lesu
195 1747 314 1825 Christi,
330 1749 375 1809 cui
393 1750 481 1831 gloria
492 1763 519 1812 et
532 1749 678 1833 imperium
693 1750 722 1812 in
737 1751 833 1812 secula
886 1781 945 1832 τος,
959 1760 996 1826 είς
1008 1757 1067 1827 tob<
1081 1761 1179 1828 αἰῶνας
1188 1764 1241 1822 τῶν
1254 1761 1370 1825 αἰώνων.
1383 1762 1469 1844 Ἀμήν

116 1840 289 1900 saeculorum.
302 1843 398 1902 Amen.

148 2051 160 2075 ο
177 2033 259 2101 [Cod.
271 2038 321 2090 748
330 2039 431 2106 θερμαί

122 2209 1468 2252 =-——————-=———=========-..

115 2379 208 2439 NON
237 2379 455 2440 OPORTERE
489 2378 742 2458 QUEMQUAM
767 2378 864 2438 DEI)
885 2377 977 2466 ΠΕΡΙ
1009 2383 1088 2441 ΤΟΥ
1118 2383 1176 2442 ΜΗ
1216 2385 1468 2450 attonitum

153 2474 248 2552 seipso
259 2472 422 2552 desperare,
438 2484 492 2531 aut
500 2492 600 2552 preces
612 2485 718 2531 contra
729 2473 828 2530 inimi-
923 2473 1032 2547 ἑαυτῶν,
1044 2471 1112 2550 μηδὲ
1127 2474 1304 2557 κατεύχεσθαι
1315 2482 1372 2537 τῶν
1383 2482 1469 2562 epops

153 2584 204 2623 σοι
209 2564 354 2646 sundere,
368 2577 421 2624 aut
430 2568 531 2624 animo
546 2563 681 2646 dejicere,
694 2566 828 2644 quamvis
922 2563 1072 2645 γυρειίεινέν
1091 2569 1130 2648 τῷ
1147 2567 1184 2646 μὴ
1203 2569 1354 2646 λαμῦάνειν
1369 2575 1468 2633 αἰτῶν

151 2669 254 2737 petens
263 2678 323 2715 non
334 2660 463 2737 accipiat
469 2681 481 2728 ,-
492 2670 521 2717 et
530 2658 572 2717 ad
580 2657 747 2717 maritosde
755 2675 830 2736 pace
924 2654 1019 2738 ἄνδρας
1031 2658 1093 2738 περὶ
1108 2663 1156 2732 τῆς
1169 2659 1234 2742 πρὸς
1244 2660 1292 2730 τὰς
1302 2673 1434 2742 γυναῖκας
1445 2669 1468 2726 τί

155 2771 226 2830 erga
237 2769 342 2809 uxores
353 2750 566 2809 conservanda.

157 2931 399 3015 t.Magnasvobis
410 2953 462 3013 ago
473 2933 583 3012 gratias,
590 2930 664 3012 quod
674 2954 737 2994 cum
746 2933 831 2993 animi
925 2919 1032 2988 Πολλθς
1050 2924 1112 3001 ὑμῖν
1131 2921 1186 3004 ἔχον
1206 2924 1337 3005 χάριτος,
1359 2926 1405 2988 ὅτι
1428 2952 1468 3008 μιν

117 3021 255 3083 alacritate
263 3023 370 3084 habitos
380 3021 415 3083 de
427 3022 553 3104 precibus
567 3043 702 3083 sermones
713 3044 831 3105 excepe-
884 3009 944 3079 τοθς
957 3012 1018 3093 περί
1029 3016 1077 3085 rii<
1096 3015 1176 3094 τῦχῆς
1194 3014 1315 3084 ἒδίίοοθτ
1336 3017 1448 3100 λόγους,
1465 3051 1468 3075 ·

118 3115 189 3194 ritis,
212 3115 288 3196 quod
312 3117 423 3175 beatum
449 3136 493 3175 me
516 3113 697 3177 reddideritis.
721 3119 831 3176 Beatus
887 3127 940 3186 ροον
970 3105 1119 3179 ἕτοοθοοττ·
1150 3109 1288 3189 Μοοςοίρςος
1313 3109 1367 3191 adp
1392 3117 1408 3172 ὁ
1429 3112 1468 3192 λίς

118 3206 230 3288 quippe,
244 3208 296 3288 qui
317 3207 465 3265 narratin
486 3225 571 3265 aures
595 3206 785 3266 audientium,
799 3204 832 3264 Id
885 3196 1045 3258 decoloros.
1070 3202 1130 3259 Οὗκ
1153 3201 1206 3262 ἀπὸ
1227 3206 1281 3261 τῶν
1298 3203 1404 3284 κρότων
1418 3206 1465 3266 καί

117 3298 186 3357 mihi
205 3319 258 3359 non
272 3319 307 3357 ex
326 3296 466 3379 plausibus
477 3295 641 3356 laudibusve
654 3310 772 3374 tautum,
783 3297 829 3357 sed
839 3332 876 3371 ³„
885 3289 973 3368 μόνον,
998 3291 1067 3352 ἀλλὰ
1089 3291 1134 3352 καί
1148 3296 1193 3374 ἄρ’
1215 3283 1252 3351 ὧν
1264 3303 1407 3362 ποιοῦντας
1429 3289 1468 3358 ε’ίδ

116 3403 143 3450 et
155 3412 191 3451 ex
203 3390 238 3451 iis
250 3411 309 3471 qua
323 3388 384 3449 fieri
393 3387 497 3450 avobis
510 3388 661 3465 cernebam,
672 3411 831 3472 persuasum
848 3389 869 3435 Α
884 3379 950 3442 Ὅτε
961 3380 1012 3464 γὰρ
1025 3385 1087 3463 ὑμῖν
1098 3382 1232 3465 παρῄνουν
1241 3384 1278 3463 μὴ
1288 3386 1468 3469 κατεύχεσθαι

118 3498 168 3544 cst.
185 3485 256 3544 Cum
271 3481 359 3558 enim,
380 3494 412 3540 ut
434 3480 565 3542 adversus
590 3481 715 3543 inimicos
738 3504 831 3564 preces
883 3472 928 3532 κοί
938 3471 1026 3555 ὲ’λογον
1036 3473 1078 3535 ὅτι
1087 3474 1132 3535 τὸν
1146 3475 1215 3536 θεον
1226 3476 1407 3558 παροξύνομεν
1420 3487 1468 3542 τοῦ

116 3576 228 3636 minime
247 3573 409 3651 funderetis,
424 3595 474 3634 vos
487 3574 655 3654 cohortarer,
668 3596 701 3636 ac
713 3574 832 3637 dicerem
882 3563 929 3624 κοί
950 3569 1198 3646 ἆντῑνομοθττοῧμον
1221 3571 1292 3649 οὖτῷ
1308 3572 1404 3645 (οὗτος
1424 3573 1468 3654 sle

117 3689 175 3744 nos,
187 3666 254 3727 dnm
269 3667 300 3728 id
313 3666 429 3748 agimus,
444 3668 532 3727 Deum
549 3666 666 3743 irritare,
678 3688 710 3728 ac
724 3667 831 3749 legibus
883 3663 961 3736 χτοθο
975 3657 1041 3739 itti?
1053 3662 1105 3719 τῶν
1119 3661 1233 3740 exspes,
1246 3666 1324 3739 ἡμεῖς
1346 3663 1376 3722 δὲ
1400 3689 1468 3724 xero

116 3761 175 3840 ejus
198 3759 265 3819 alias
289 3758 437 3819 contrarias
459 3759 528 3818 ferre
541 3757 633 3833 (dixit
658 3759 731 3820 enim
756 3759 830 3842 ipse,
917 3754 994 3834 θρνῗνν,
1006 3751 1127 3830 ἀξιοῦμεν
1141 3752 1219 3813 οὗτίνν
1232 3751 1276 3812 τον
1291 3758 1387 3816 ἑαυτοῦ
1400 3759 1468 3817 λῦτο

120 3852 210 3912 Orate
220 3871 275 3931 pro
288 3854 427 3926 inimicis,
441 3863 469 3909 at
483 3872 532 3910 nos
551 3849 619 3910 dum
631 3851 763 3913 adversus
778 3851 831 3912 ini-
883 3865 928 3900 οον
947 3849 1033 3902 τοῦτο
1050 3843 1096 3903 ml
1118 3844 1152 3904 τὰ
1163 3849 1273 3904 τοιοῦτον
1296 3845 1400 3927 ἔλεγον,
1415 3853 1468 3910 πολ

117 3943 201 4002 micos
214 3961 332 4016 oramus,
345 3941 463 4023 petimus
482 3942 518 4000 ab
537 3963 569 4001 eo
589 3955 620 4001 ut
643 3964 721 4003 suam
743 3943 829 4025 legem
883 3925 950 3994 εἶδον
971 3935 1102 4018 πρόσωπα
1121 3935 1265 4005 τῦπτοντος
1290 3938 1337 3998 καί
1358 3941 1468 4016 στήθη,

116 4033 175 4115 ipse
186 4032 332 4108 dissolvat)
339 4031 512 4112 ,eumigitur
521 4031 579 4092 haec
589 4046 615 4092 et
624 4033 690 4094 talia
703 4033 829 4114 dicerem,
881 4032 996 4109 πικρῶς,
1023 4032 1059 4097 εἰς
1079 4028 1122 4089 tlt
1148 4030 1256 4112 οὗρονθν
1268 4030 1317 4098 τὰς
1340 4040 1436 4116 χεῖρας
1455 4040 1468 4095 α’

116 4125 215 4185 multos
230 4124 301 4184 iuter
319 4145 370 4185 vos
381 4123 523 4183 cernebam
535 4124 633 4185 faeiem
650 4126 829 4209 percutientes
881 4119 1039 4202 συγγνώμην
1053 4122 1260 4203 οἶτοῧντοςπερλ
1274 4126 1468 4187 τῶντοιούτων

115 4233 141 4279 et
167 4231 276 4300 pectus,
296 4216 415 4298 graviter
435 4215 658 4297 ingemiscentes,
678 4240 774 4280 manus
800 4219 829 4281 in
882 4213 910 4273 δὲ
936 4214 982 4274 καί
1005 4212 1057 4293 ἐγὼ
1081 4213 1140 4281 τοὺς
1162 4214 1310 4296 ὀφθαλμοὺς
1334 4219 1373 4283 εἷς
1392 4221 1438 4280 τὸν
1462 4247 1468 4280 ν

115 4312 213 4372 caelum
236 4309 381 4385 tendentes,
394 4307 502 4370 veniam
516 4329 533 4367 a
547 4310 605 4369 Deo
626 4323 738 4392 propter
754 4311 828 4393 ejus·
880 4304 981 4381 τείνας,
1003 4306 1189 4389 ηὗχαρίστησα
1211 4312 1249 4389 τῷ
1267 4311 1347 4391 Θεῷ,
1371 4311 1416 4371 ὅτι
1439 4312 1468 4373 οῦ

116 4404 190 4465 modi
205 4424 296 4485 preces
314 4402 388 4463 fusas
408 4398 588 4482 postulantes.
605 4401 679 4461 Tum
692 4420 758 4463 vero
779 4425 828 4484 ego
880 4398 957 4473 λόγος
986 4403 1034 4472 τῆς
1067 4399 1237 4468 διδασκαλίας
1262 4397 1307 4460 τὸν
1330 4405 1436 4483 καρπὸν
1462 4432 1468 4464 ·.

115 4497 229 4559 sublatis
242 4497 270 4556 in
284 4496 381 4555 calum
400 4493 486 4555 oculis
498 4495 555 4554 Deo
570 4493 670 4575 gratias
683 4494 737 4576 egi,
753 4496 828 4575 quod
846 4498 865 4545 Β
881 4495 1007 4552 Τοιοῦτον
1032 4491 1084 4576 γὰρ
1101 4497 1116 4553 ὁ
1130 4492 1227 4574 σπόρος
1249 4498 1264 4554 ὁ
1286 4499 1468 4575 πνευματικός

114 4604 169 4650 tam
184 4591 238 4650 cito
256 4588 335 4649 nobis
351 4586 480 4648 doctrinas
496 4608 584 4647 sermo
596 4588 715 4647 fructum
728 4603 828 4669 protu-
881 4587 1016 4657 ἐνιαυτῶν,
1034 4583 1094 4645 οὐδὲ
1108 4585 1220 4667 χρόνον,
1242 4586 1302 4648 οὐδὲ
1323 4592 1448 4672 ἡμερῶν,
1463 4619 1468 4653 ι

113 4683 195 4743 lisset.
206 4681 357 4762 anuippe
364 4678 517 4761 spiritualis
525 4678 636 4738 seminis
644 4693 685 4740 est
692 4679 826 4743 conditio:
878 4678 995 4752 λοίὸηται
1015 4681 1102 4760 ψυχῆς
1120 4679 1255 4757 γενναίας,
1278 4681 1374 4750 εὐθέως
1391 4684 1468 4747 πονο

115 4796 167 4835 non
181 4774 259 4834 annis
272 4773 389 4853 indiget,
406 4793 454 4832 neo
467 4771 645 4854 temporibus,
657 4794 706 4835 nec
718 4772 826 4856 diebus,
879 4775 957 4842 ζοντα
984 4770 1029 4832 καί
1055 4772 1251 4855 ἅπηρτισμίνον
1264 4773 1416 4835 δείκνυσιν·
1440 4777 1455 4838 θ

114 4865 162 4926 sed
174 4866 197 4925 si
211 4865 330 4924 animam
351 4885 508 4945 generosam
529 4864 672 4940 invaserit,
688 4866 827 4927 confestim
879 4866 982 4946 γέγονεν
995 4867 1038 4945 bp'
1053 4870 1136 4944 ὑμῶν.
1148 4866 1303 4928 ίίατίῦαλον
1316 4869 1397 4949 λόγον
1411 4896 1468 4934 καπ

113 4959 216 5039 spicam
237 4957 368 5018 virentem
388 4970 414 5016 et
433 4957 581 5038 perfectam
601 4956 716 5017 ostendit
731 4981 738 5015 ι
751 4957 825 5038 qnod
878 4959 1025 5031 ἰὸλοίστησε
1045 4958 1189 5039 οτιναγρλς
1207 4959 1437 5040 ίξομολογήσεως,
1450 4989 1468 5025 o

114 5065 141 5111 et
154 5072 170 5109 a
182 5049 261 5110 vobis
274 5049 399 5111 hesterno
411 5047 456 5108 die
470 5063 609 5130 peractum
625 5062 676 5109 est.
688 5049 826 5132 Compun·
877 5050 925 5111 λὺν
938 5049 1007 5132 ἔχων
1016 5049 1060 5109 τὸν
1071 5051 1181 5110 πλοῦτον
1195 5055 1248 5111 τῶν
1262 5054 1379 5131 ἀγαθῶν.
1394 5057 1433 5116 Εἰ
1448 5083 1467 5138 γ

115 5142 211 5202 ctionis
239 5162 387 5201 sermonem
416 5160 578 5222 sparseram,
601 5153 629 5200 et
654 5141 826 5203 confessionis
878 5148 990 5219 ἐκεῖνος,
1005 5143 1049 5203 ἵνα
1067 5141 1098 5204 τὸ
1120 5147 1213 5215 στῆθος
1232 5142 1340 5204 πίπτων
1352 5144 1468 5229 dirps!

113 5232 230 5315 gemitus
252 5231 432 5313 germinavit,
443 5232 559 5314 gemitus
572 5233 672 5295 multas
691 5233 824 5296 bonorum
878 5235 1092 5318 τῷθμαρτυλῷ,
1108 5238 1210 5323 ἀπῆλθε
1224 5236 1432 5319 δεδικαιωμένος
1450 5245 1468 5303 θ
