3764 5992
399 371 470 472 ,06
540 418 543 422 ,

400 521 483 580 homo
493 515 584 596 magni
598 513 726 594 supplicii
736 514 795 572 ioco
811 512 882 572 hanc
895 509 1001 571 audivit
1016 520 1122 568 senten-

253 628 312 671 cen.
323 637 392 684 2.17.
403 611 470 670 tiam
485 632 491 665 :
510 609 698 685 Quacumque
709 605 757 662 die
769 605 938 674 comederis,
953 611 1044 658 morte
1059 618 1120 655 mo·

253 808 307 852 lot.
319 807 343 853 3.
357 804 395 850 23.

255 899 323 943 Psal.
341 898 380 943 33.

255 972 295 1006 22·

259 1166 397 1229 Gendtdii.

259 1267 291 1310 Is.
305 1264 328 1311 5.
344 1265 385 1322 td?

258 1447 326 1494 Psat.
343 1447 381 1499 85.

263 1514 297 1559 ¹3.

263 3162 541 3235 1.Ttns.4.hensait:
557 3165 637 3221 Nolo
647 3183 701 3222 vos
710 3167 846 3242 ignorare
858 3165 894 3222 de
903 3165 1125 3238 dormientibus,
1161 3152 1170 3165 “

163 3339 170 3354 ο
258 3370 282 3402 t.
295 3358 350 3404 Cor.
362 3357 399 3407 15.

263 3417 299 3465 ιθ.

263 3557 298 3620 νή.

264 3722 377 3770 1h.t.13.

405 705 497 760 rieris.
514 699 586 770 Quin
601 711 627 756 et
642 697 795 757 beatusJoh
808 696 877 753 hanc
891 693 939 751 illo
956 691 1063 750 nomine
1073 710 1123 769 op-

405 791 516 873 pellavit
525 813 531 846 z
540 792 621 848 Mors
632 792 699 846 uiro
710 791 832 866 requies.
847 788 882 845 Et
890 784 1021 865 propheto
1033 779 1123 840 David

405 882 529 941 dicebat:
544 883 626 939 Mors
632 890 817 958 peccatorum
828 881 965 957 pessimo.
976 875 1036 933 Non
1042 871 1124 931 modo

406 975 502 1034 animae
520 972 666 1034 divulsioa
679 992 790 1050 corpore
805 990 878 1028 mors
895 967 1054 1040 vocabatur3
1070 963 1124 1023 imo

407 1066 489 1129 ctiam
498 1066 627 1125 infernus.
635 1063 706 1123 Audi
717 1061 789 1120 enim
795 1059 976 1142 patriarcham
989 1054 1073 1117 Jacob
1081 1054 1125 1113 di-

409 1171 528 1217 centem:
539 1158 698 1215 Dedueetis
708 1166 883 1213 senectutem
893 1172 987 1209 meum
996 1170 1062 1208 cum
1073 1149 1126 1205 do-

410 1249 471 1307 lore
482 1249 523 1305 od
532 1249 643 1328 inferos
650 1270 662 1316 ς
678 1259 703 1304 ct
714 1244 873 1325 prophetam
889 1262 1012 1321 quoque:
1027 1242 1127 1321 Inser-

409 1361 464 1398 nus
475 1341 614 1398 dilatavit
636 1358 667 1397 os
685 1357 791 1407 suum;
803 1336 874 1394 alius
887 1336 952 1393 item
974 1332 1125 1413 propheta:

409 1432 620 1512 Eripietmede
629 1431 696 1488 lacu
710 1431 845 1510 inferiori
852 1453 863 1496 ;
875 1427 902 1486 in
913 1425 1060 1503 multisque
1071 1425 1127 1484 Ve-

722 389 751 436 S.
779 386 920 437 totuuts
945 382 1126 434 cntt’tsost.
1153 381 1312 430 tuentur.
1340 373 1656 432 coNsTAtt'rtnton.

1175 506 1340 583 οἰκονομίας,
1353 504 1404 565 καλ
1419 503 1498 564 αὐτὸ
1518 506 1573 560 τοῦ
1596 497 1719 559 θανάτου
1735 497 1766 556 τό
1782 496 1878 574 ὄνομα·

1176 596 1312 676 ἐτύγχανε.
1324 596 1379 656 Καὶ
1393 594 1452 676 γάρ
1466 598 1483 653 ὁ
1499 596 1624 673 πρῶτος
1637 589 1776 667 ἄνθρωπος
1785 611 1882 647 νενοιεν1

1177 689 1292 766 μεγάλου
1304 687 1443 764 ἐπιτιμίου
1460 693 1552 745 τοῦτο
1567 681 1769 748 κατεδικάζετο
1782 680 1873 739 ἀκούω·

1177 780 1208 839 ἂν
1217 779 1305 860 ἡμέρᾳ
1316 785 1388 859 ραγῇ
1400 825 1408 852 ,
1422 779 1548 858 θανάτῳ
1566 777 1714 850 ἀποθανῇ.
1731 774 1781 832 Καὶ
1794 778 1806 830 ό
1819 776 1881 851 uuis

1177 872 1240 931 Ἰὼό
1255 871 1337 951 τούτῳ
1350 875 1389 951 τῷ
1402 871 1529 948 ὀνόματι
1547 866 1643 927 αὐτὸν
1663 866 1874 948 rrpoorffo‘pmn,¹

1177 964 1299 1031 Θάνατος
1308 963 1382 1043 ἀνδρί
1395 962 1577 1025 ἀνάπαυσις.
1595 959 1658 1018 Καὶ
1669 964 1684 1017 ό
1695 957 1878 1036 προρήτηςλσιὲ

1178 1079 1223 1136 γε·
1236 1057 1356 1121 Θάνατος
1376 1056 1566 1133 ἁμαρτωλῶν
1585 1049 1726 1130 πονηρός.
1748 1051 1787 1107 θλ
1802 1050 1880 1126 μόνον

1179 1171 1254 1215 νοτυς
1269 1150 1387 1207 ἐκαλεῖτο
1400 1150 1417 1216 ἠ
1433 1144 1574 1210 διάλυσις
1590 1146 1648 1212 τῆς
1662 1144 1756 1220 ψυχῆς
1777 1141 1823 1198 άπὸ
1833 1150 1864 1198 τοῦ

1179 1261 1239 1308 τος,
1260 1239 1328 1299 ἀλλὰ
1341 1236 1386 1296 καλ
1399 1236 1478 1316 ᾅδης.
1494 1234 1604 1294 Ἄκουε
1624 1233 1684 1312 γὰρ
1699 1239 1747 1290 τοῦ
1764 1231 1809 1308 μὲν
1821 1255 1877 1289 τετε·

1179 1328 1278 1391 Ἰακὼό
1289 1331 1424 1409 λέγοντος·
1439 1327 1599 1395 Κατάξετε
1618 1326 1653 1384 τὸ
1670 1325 1760 1403 γῆράς
1772 1346 1817 1400 μου
1826 1324 1874 1401 ,et-‚i

1181 1425 1217 1490 εἰς
1227 1424 1305 1504 ᾅδου·
1319 1427 1365 1480 τοῦ
1381 1423 1409 1481 δὲ
1427 1421 1585 1503 προρήτου
1609 1417 1712 1477 πάλιν·
1727 1414 1875 1495 Ἔχανενόζ

408 1524 472 1583 teris
481 1522 646 1583 Testamenti
655 1519 721 1581 locis
728 1521 909 1580 transitumex
916 1517 1041 1590 hacvitn,
1055 1538 1126 1575 mor·
1143 1526 1164 1576 θ
1182 1516 1267 1594 στόμα
1281 1519 1375 1576 αὐτοῦ·
1394 1514 1440 1574 καὶ
1458 1514 1550 1573 πάλιν
1575 1511 1682 1593 ἑτέρου
1698 1511 1832 1590 προρήτου
1846 1510 1873 1584 λ’,

409 1628 500 1674 temet
518 1615 651 1673 infernum
666 1612 758 1672 vocari
772 1610 964 1692 deprehendes.
992 1607 1128 1679 Quoniam

408 1726 473 1766 vero
487 1705 610 1763 Christus
621 1706 694 1762 Deus
704 1716 793 1762 noster
806 1702 833 1759 in
844 1700 1008 1759 sacrificinm
1022 1699 1128 1757 ohlatus

409 1808 457 1870 est,
471 1800 497 1855 'et
510 1794 668 1854 resurrectio
676 1805 836 1871 consequuta
844 1806 893 1864 est,
904 1792 952 1849 illo
964 1790 1072 1849 nomina
1081 1790 1128 1848 he·

410 1887 507 1966 nignns
531 1887 665 1946 Dominus
679 1885 800 1961 sustulit,
815 1905 971 1962 novumque
985 1895 1010 1942 et
1035 1895 1127 1942 extra-

410 1998 491 2038 neum
501 1977 613 2040 vivendi
633 1977 789 2037 institutum
811 1978 839 2036 in
854 1976 987 2036 mundum
1002 1966 1112 2035 induxit
1118 1998 1126 2051 ς

409 2072 500 2132 exitus
511 2093 546 2130 ex
557 2069 733 2151 haccitajam
743 2091 796 2129 non
806 2091 888 2148 mors,
904 2069 952 2128 sed
965 2068 1092 2128 dormitio
1102 2081 1128 2127 et

411 2183 519 2222 somnus
540 2177 660 2223 vocatur.
680 2161 824 2222 Undenam
849 2162 901 2220 hoc
927 2161 1032 2239 hqnet'r‘
1054 2158 1128 2218 Audi

412 2255 551 2315 Christum
571 2253 706 2314 dicentem
722 2257 877 2314 :Lazarus
898 2257 1010 2312 amicus
1032 2264 1129 2312 noster

411 2346 529 2421 dormit,
544 2348 597 2405 sed
617 2346 699 2406 uado
709 2358 741 2404 ut
758 2367 778 2404 o
791 2365 893 2404 somno
903 2347 1039 2404 suscitem
1053 2365 1127 2418 eunt.

411 2435 647 2508 Quemadmodum
662 2435 733 2494 enim
746 2435 825 2494 facile
845 2435 922 2494 nohis
943 2448 982 2494 est
992 2433 1128 2494 dormien-

1181 1606 1306 1668 Ῥύσεταί
1320 1633 1353 1686 με
1365 1606 1393 1676 ἐξ
1406 1606 1471 1686 ᾅδου
1485 1604 1686 1664 κατωτάτου·
1706 1603 1757 1662 καί
1767 1603 1877 1680 trotino]

1181 1725 1236 1769 σεις
1250 1701 1294 1760 ἐπὶ
1307 1705 1354 1772 τῆς
1368 1702 1496 1766 Παλαιᾶς
1513 1699 1644 1759 θάνατον
1663 1695 1717 1755 καὶ
1741 1696 1806 1775 ᾅδην
1824 1697 1860 1752 κτλ

1181 1791 1230 1865 τὴν
1240 1796 1356 1852 ἐντεῦθεν
1371 1790 1552 1870 μετάστασιν.
1568 1788 1701 1860 Ἐπειδὴ
1725 1787 1755 1846 δὲ
1772 1788 1881 1867 Χριστός

1181 1888 1258 1963 ἡμῶν
1278 1883 1354 1942 θυσία
1375 1881 1571 1965 προσηνέχθη,
1599 1880 1654 1938 καί
1682 1878 1722 1938 τὰ
1749 1884 1798 1950 τῆς
1823 1882 1872 1936 ἀνι,

1181 1978 1369 2058 προεχώρησε,
1387 1979 1499 2058 περιῆρε
1524 1976 1557 2034 δὲ
1587 1975 1643 2041 τὰς
1669 1971 1850 2053 προσηγορίας

1181 2070 1364 2150 φιλάνθρωπος
1378 2067 1536 2142 Δεσπότης,
1561 2066 1616 2126 καί
1635 2064 1746 2137 καινήν
1768 2066 1813 2123 καὶ
1827 2063 1881 2133 ξένην

1180 2160 1253 2220 τείαν
1266 2165 1302 2228 εἰς
1324 2161 1368 2221 τὸν
1384 2160 1439 2239 βίον
1452 2159 1590 2238 εἰσήγαγε
1606 2159 1658 2217 τὸν
1680 2158 1833 2238 ἡμέτερον·
1857 2159 1863 2178 ’

1181 2253 1293 2313 θανάτου
1303 2254 1394 2313 λοιπὸν
1405 2251 1529 2329 κοίμησις
1549 2249 1604 2310 καὶ
1620 2249 1714 2318 ὕπνος
1725 2250 1833 2330 λέγεται
1843 2253 1855 2319 ί,
1866 2250 1871 2262 “

1181 2347 1350 2424 μετάστασις.
1374 2345 1427 2404 Καὶ
1447 2341 1528 2402 πόθεν
1549 2350 1640 2403 τοῦτο
1660 2345 1753 2414 δῆλον
1760 2366 1771 2419 5
1796 2340 1873 2401 ’.λαως

1180 2445 1226 2497 τοῦ
1240 2439 1356 2520 Χριστοῦ
1366 2436 1498 2514 λέγοντος·
1514 2435 1653 2513 Λάζαρος
1670 2437 1689 2492 ό
1706 2434 1787 2514 φίλος
1803 2438 1868 2512 ἡμῶν

409 2542 465 2588 tem
478 2529 679 2610 expergefacere
688 2542 715 2587 ct
735 2528 852 2586 excitare
865 2552 871 2584 ε
882 2527 921 2587 sic
942 2540 967 2586 et
992 2527 1128 2586 communi
1145 2531 1165 2580 1)
1182 2553 1278 2607 μηται,
1296 2530 1364 2590 ἀλλὰ
1377 2527 1523 2608 πορεύομαι
1533 2524 1693 2593 ἐξυπνίσω
1712 2527 1807 2587 αὗτόν.
1818 2528 1849 2586 Ὦ
1880 2558 1882 2561 ·

410 2619 533 2680 omnium
543 2620 659 2679 Domino
674 2642 689 2677 a
705 2617 818 2678 mortuis
829 2618 967 2677 suscitare.
985 2617 1128 2691 Quiavero

411 2730 512 2771 novum
527 2726 737 2788 extraneumque
747 2724 804 2769 erat
823 2710 862 2783 id,
876 2709 951 2788 quod
963 2710 998 2767 ab
1014 2709 1072 2789 ipso
1085 2709 1127 2768 di-

411 2816 485 2860 ctum
509 2802 605 2879 fuerat,
617 2823 703 2880 neque
716 2801 768 2882 ipsi
781 2800 909 2882 discipuli
925 2801 1029 2860 dictum
1048 2799 1125 2860 intel·

411 2892 545 2970 texerunt,
562 2890 647 2951 donec
660 2892 696 2951 ad
711 2892 821 2951 illorum
832 2891 1018 2951 infirmitatem
1032 2913 1060 2950 se
1076 2891 1126 2951 de-

411 2983 529 3056 mittens,
538 2981 567 3040 id
577 2983 675 3041 clarius
686 2981 795 3043 diceret.
811 2983 968 3041 Communis
978 3004 1040 3041 vero
1054 2983 1127 3043 orbis

411 3070 505 3131 doctor
519 3073 614 3131 heatus
627 3072 728 3130 Paulus
747 3073 782 3130 ad
797 3072 1048 3132 Thessalonicenses
1060 3075 1127 3132 scri·

412 3269 443 3315 ut
455 3276 514 3314 non
523 3259 748 3332 contristemini,
760 3259 835 3314 sient
844 3269 872 3314 et
883 3261 980 3315 centeri
989 3261 1041 3337 qni
1049 3274 1128 3337 spem

412 3367 471 3406 non
486 3349 604 3407 hubent.
630 3347 666 3407 Et
686 3368 779 3407 rursus
792 3347 878 3406 alibi:
894 3350 973 3428 Ergo
994 3353 1044 3429 qui
1058 3350 1126 3408 dor·

1180 2627 1245 2701 ἡμῐν
1260 2622 1366 2682 εὔκολον
1377 2619 1421 2678 τόν
1434 2617 1602 2678 καθεύδοντα
1617 2618 1776 2677 διυπνίσαι
1789 2621 1832 2677 καί
1842 2621 1880 2695 όν.Ι

1180 2713 1249 2773 οὕτω
1261 2714 1306 2773 καί
1319 2716 1357 2793 τῷ
1368 2715 1447 2791 κοινῷ
1458 2709 1569 2769 πάντων
1580 2714 1601 2781 ἡ
1605 2713 1670 2788 μῶν
1684 2712 1820 2790 Δεσπότη
1831 2711 1857 2768 τό
1867 2746 1871 2756 1

1180 2829 1234 2864 σαι.
1250 2805 1303 2864 Καὶ
1317 2805 1407 2875 ἐπειδὴ
1430 2802 1518 2861 καινὸν
1533 2792 1568 2872 ἦν
1587 2801 1640 2860 καὶ
1657 2801 1742 2870 ξένον
1770 2805 1802 2863 τό
1823 2807 1874 2882 παρ’

1180 2895 1327 2975 εἰρημένον,
1337 2895 1396 2954 οὐδὲ
1409 2898 1433 2954 οἱ
1448 2891 1565 2971 μαθηταί
1579 2897 1715 2964 συνῆκαν
1732 2895 1766 2953 τὸ
1776 2897 1871 2975 λεχθὲν,

1179 2986 1238 3046 droti
1251 2986 1468 3066 συγκαταόαίνων
1479 2989 1566 3043 αὐτῶν
1580 2989 1619 3063 τῇ
1633 2987 1792 3066 ἀσθενείᾳ,
1808 3012 1841 3068 oa
1867 3012 1882 3033 ³

1181 3077 1244 3138 αὐτὸ
1260 3077 1359 3157 εἴρηκε.
1382 3076 1436 3136 {tet
1449 3081 1463 3135 ὁ
1476 3080 1524 3146 τῆς
1539 3076 1718 3152 οἰκουμένης
1740 3079 1771 3136 δὲ
1794 3078 1878 3136 διδάσκ

1181 3165 1308 3249 μακάριος
1328 3171 1449 3240 Παῦλος,
1474 3168 1584 3246 γράρων
1613 3170 1862 3230 Θεσσαλονικεῦσί

1180 3266 1222 3322 (λθ
1236 3263 1303 3323 θέλω
1317 3266 1386 3339 ὑμᾶς
1401 3265 1502 3340 ἀγνοεῖν
1522 3259 1587 3339 περὶ
1609 3265 1669 3319 τῶν
1695 3262 1854 3341 κεκοιμημ’

1182 3355 1219 3431 μή
1230 3358 1363 3427 λυπῆσθε,
1378 3357 1413 3419 ὡς
1426 3351 1471 3411 καὶ
1490 3355 1514 3411 οἰ
1532 3351 1629 3409 λοιποὶ
1646 3355 1673 3410 οἱ
1696 3354 1740 3431 μή
1759 3355 1881 3435 ἔχοντες

262 3507 284 3542 ¹·
294 3498 401 3560 ΠΜ.
412 3444 578 3547 mieruntin
587 3441 714 3514 Christo,
723 3444 883 3520 perierunt.
895 3440 931 3499 Et
940 3441 1038 3500 iterum
1048 3465 1055 3498 :
1066 3444 1128 3500 Nos
1145 3456 1164 3504 tt
1183 3447 1236 3507 Καὶ
1249 3448 1329 3507 πάλιν
1344 3450 1468 3525 ἀλλαχοῦ·
1483 3442 1549 3522 Ἄρα
1561 3446 1587 3501 οἱ
1605 3447 1802 3522 κοιμηθέντες
1816 3451 1842 3506 ἐν
1858 3448 1879 3504 X

413 3552 463 3610 qur
472 3537 610 3607 uenimus,
631 3536 682 3612 qui
695 3534 805 3592 residui
817 3552 928 3607 sumus,
950 3553 1008 3590 non
1018 3555 1128 3613 proeve-

414 3627 525 3684 niemus
546 3645 593 3685 eos
607 3629 657 3705 qui
667 3627 859 3684 dormierunt.
872 3624 909 3683 Et
922 3624 989 3683 alibi
999 3647 1127 3685 rursum:

412 3716 444 3776 Si
453 3721 531 3775 enim
556 3718 710 3789 eredimus,
733 3718 812 3798 quod
832 3719 920 3777 Iesus
940 3730 1073 3777 mortuus
1086 3732 1129 3778 est

413 3820 442 3866 et
453 3811 621 3881 resurrexit,
629 3811 673 3865 ito
682 3821 708 3865 et
721 3809 802 3868 Deus
815 3829 863 3868 eos
874 3812 926 3887 qui
936 3810 1126 3886 dormierunt,

414 3899 539 3956 adducet
552 3918 618 3956 eum
635 3918 680 3956 eo.

453 3999 482 4056 2.
501 3995 609 4056 Videtis
622 4009 737 4055 mortem
750 3998 851 4077 passim
871 4000 961 4058 vocari
987 3998 1128 4060 dormitio·

378 4118 382 4124 ·
415 4109 476 4149 nem
488 4102 514 4148 et
525 4108 660 4166 somnum,
672 4102 761 4147 etean
769 4103 911 4167 qnaeantee
922 4091 1052 4150 terribilis
1064 4106 1129 4167 erat,

415 4202 487 4240 nunc
497 4196 558 4262 post
571 4181 791 4240 resurrectionem
797 4180 876 4239 facile
882 4183 1014 4240 contemni
1023 4184 1036 4241 θ
1046 4182 1131 4243 Vides

415 4273 588 4353 splendidum
603 4273 804 4333 resurrectionis
821 4275 972 4354 tropeum?
996 4275 1048 4333 Per
1061 4276 1131 4336 hanc

414 4364 486 4423 enim
497 4365 636 4423 innumera
650 4364 728 4424 nobis
740 4366 810 4425 bona
824 4365 977 4445 obtigerunt
982 4390 990 4442 ς
1000 4388 1049 4448 per
1062 4367 1131 4428 hanc

1139 4389 1215 4456 τιιτρ

1182 3537 1327 3598 άπάιλοντο.
1340 3538 1393 3597 Koch
1410 3536 1505 3596 πάλιν·
1519 3534 1620 3612 Ἱίμεῖς
1633 3541 1659 3594 οἱ
1677 3540 1805 3612 ζῶντες,
1821 3543 1844 3597 οί
1868 3569 1882 3584 «

1181 3631 1304 3709 πόμενοι,
1330 3634 1359 3690 οὐ
1383 3628 1420 3707 μὴ
1443 3626 1585 3707 φθάσωμεν
1615 3627 1682 3694 τοὺς
1712 3631 1878 3708 κοιμηθέντε

1182 3722 1289 3803 ἑτέρωθι
1303 3721 1397 3780 πάλιν·
1409 3721 1443 3778 Εἰ
1455 3718 1507 3798 γάρ
1522 3717 1708 3794 πιστεύομεν,
1725 3720 1773 3780 ὅτι
1789 3722 1873 3791 Ἰησοῦ

1182 3821 1259 3886 θανε,
1274 3813 1319 3873 καί
1331 3812 1427 3882 ἀνέστη
1434 3856 1443 3883 ,
1458 3809 1525 3869 οὕτω
1542 3808 1589 3868 καλ
1602 3812 1618 3867 ὁ
1630 3811 1710 3879 Θεὸς
1725 3813 1794 3880 τοῦς
1808 3837 1870 3889 κοιμ

1182 3905 1239 3974 άξει
1252 3904 1299 3964 σὺν
1315 3907 1396 3984 αὐτῷ.

1221 3988 1298 4066 Εἰδες
1311 4000 1447 4077 πανταχοῦ
1461 3994 1554 4054 λοιπὸν
1565 3993 1703 4071 κοίμησιν
1718 3997 1772 4056 καὶ
1784 3996 1864 4055 ὕπνον

1182 4114 1258 4151 νατον
1271 4091 1443 4168 καλούμενον;
1453 4085 1498 4146 καλ
1509 4087 1554 4144 τὸν
1566 4085 1621 4165 πρὸ
1636 4086 1744 4147 τούτου
1758 4090 1872 4170 ροόερον

1182 4182 1212 4241 τό
1225 4182 1376 4260 πρόσωπον,
1388 4188 1431 4239 νῦν
1445 4177 1680 4257 εὐκαταφρόνητον
1707 4181 1787 4256 μετὰ
1803 4181 1878 4250 chri

1183 4297 1224 4332 σιν
1242 4272 1393 4353 γινόμενον;
1415 4261 1492 4338 Εἶδες
1511 4267 1638 4346 λαμπρὸν
1665 4272 1721 4340 τῆς
1753 4272 1871 4332 άναστά

1216 4364 1326 4437 όπαιον;
1340 4364 1392 4422 Διὰ
1405 4361 1502 4433 ταύτην
1512 4367 1577 4437 ἡμῖν
1587 4359 1622 4418 τά
1640 4362 1734 4438 μυρία
1749 4363 1844 4441 ἀγαθά
1855 4366 1877 4420 εἰ

413 4454 568 4514 doemonum
576 4457 683 4515 fallacia
696 4456 782 4517 soluta
793 4472 848 4534 est;
863 4479 910 4539 per
929 4457 999 4517 hanc
1017 4473 1131 4520 mortem
1148 4475 1168 4519 Α
1184 4478 1259 4516 κται·
1275 4453 1428 4526 διὰταύτην
1443 4460 1460 4524 ἡ
1476 4456 1527 4510 τῶν
1544 4450 1683 4528 δαιμόνων
1708 4455 1813 4528 ἀπάτη
1836 4479 1870 4513 κα

415 4545 560 4606 irridemus
565 4569 573 4620 ;
588 4568 635 4626 per
644 4546 970 4626 hancpraesentemvitam
984 4552 1131 4610 contemni·

416 4659 488 4714 mres,
498 4652 545 4719 pet
556 4638 635 4714 hano,
655 4637 690 4696 ad
704 4639 857 4699 futurorum
878 4639 1044 4701 desiderium
1055 4643 1132 4702 exci-

416 4745 522 4809 tamur;
538 4751 586 4811 per
599 4730 668 4788 hanc
677 4730 738 4789 licet
750 4752 861 4813 corpore
874 4733 1030 4810 induamur,
1044 4734 1132 4794 nihilo

417 4823 541 4882 inferiore
551 4821 703 4881 conditione
714 4843 816 4898 sumus,
828 4846 910 4902 qnam
927 4825 1094 4906 incorporea,
1109 4827 1131 4884 si

416 4928 504 4973 tamen
512 4914 634 4973 velimus.
648 4912 736 4972 Hodie
744 4914 1028 4993 praeclarumvictoriae
1038 4916 1132 4975 trium-

415 5004 502 5086 phum
515 5005 639 5084 agimus:
654 5004 734 5064 hodie
751 5007 885 5065 Dominus
908 5021 1009 5085 noster,
1031 5021 1131 5088 tropaeo

416 5110 507 5159 contra
523 5110 635 5157 mortem
648 5111 742 5174 erecto,
758 5098 951 5179 tyrannideque
961 5097 1064 5159 diaboli
1077 5101 1131 5158 cel-

416 5200 483 5265 cata,
499 5208 547 5268 per
561 5187 779 5249 resurrectionem
792 5188 866 5252 viam
883 5187 962 5250 nobis
975 5187 1146 5271 adsalutem,

1184 4549 1339 4621 διὰταύτην
1354 4548 1540 4626 καταγελῶμεν
1552 4544 1689 4603 θανάτου·
1708 4547 1760 4604 διὰ
1776 4547 1878 4619 ταύτην

1186 4647 1272 4722 ρῶμεν
1283 4647 1331 4713 τῆς
1344 4639 1477 4718 παρούσης
1496 4640 1578 4707 ζωῆς·
1594 4637 1640 4693 διὰ
1654 4636 1768 4711 ταύτην
1786 4641 1854 4718 πρὸς
1872 4680 1879 4697 .

1186 4734 1334 4811 μελλόντων
1349 4731 1489 4808 ἐπιθυμίαν
1508 4726 1688 4806 ἐπειγόμεθα·
1704 4730 1757 4789 διὰ
1774 4733 1878 4803 ταύτην

1185 4826 1378 4906 περικείμενοι,
1397 4824 1468 4883 οὐδὲν
1485 4822 1595 4882 ἔλαττον
1615 4825 1673 4879 τῶν
1693 4825 1861 4903 ἀσωμάτων
1880 4858 1882 4873 2

1185 4917 1229 4977 th
1245 4919 1409 4997 βουλώμεθα.
1422 4915 1544 4994 Σήμερον
1554 4915 1631 4988 ἡμῶν
1648 4915 1686 4971 τὰ
1700 4917 1830 4998 λαμπρά
1841 4942 1866 4974 νι

1183 5009 1286 5088 γέγονε·
1305 5010 1419 5089 σήμερον
1431 5011 1507 5085 ἡμῶν
1530 5009 1544 5062 ὁ
1562 5004 1709 5078 Δεσπότης
1725 5007 1761 5066 τὸ
1778 5010 1853 5069 κατά

1183 5100 1261 5160 νάτου
1271 5101 1396 5183 τρόπαιον
1412 5099 1525 5171 στήσας,
1540 5096 1585 5156 καί
1599 5103 1647 5156 τοῦ
1664 5100 1807 5162 διαόολου
1822 5103 1872 5174 τήν

1181 5191 1240 5252 νίδα
1254 5190 1417 5266 καταλύσας,
1438 5191 1486 5262 rhu
1511 5189 1554 5249 διὰ
1572 5193 1621 5261 τῆς
1645 5191 1837 5264 ἀναστάσεως
1861 5202 1876 5254 ό
