3810 6000
363 397 436 473 866
710 416 740 464 S.
768 416 908 466 JOANNIS
935 415 1117 465 CHRYSOST·
1146 414 1304 465 sucurre.
1332 405 1613 466 cousnrtnrtttori

360 545 462 626 gratias
480 543 587 626 agimus
603 539 639 602 ob
657 541 777 602 studium
797 541 871 620 quod
890 540 1036 618 exhibetis,
1052 554 1080 600 et
1130 544 1183 601 τῶν
1198 541 1323 603 κινδύνων
1336 541 1379 611 obe
1392 541 1558 623 ίσιομίνετεζ,
1570 541 1617 602 καὶ
1631 541 1884 625 μακαρίζοντεςύρες

360 637 481 720 pericula
502 658 563 716 quae
580 634 690 709 subitis,
708 654 809 713 vosque
833 633 927 694 beatos
949 632 1078 715 predica·
1130 635 1172 694 Οὐ
1185 631 1237 714 γὰρ
1251 632 1361 717 μικροδς
1379 636 1497 694 ἐντεῦθεν
1509 638 1576 713 ύμῖν
1592 635 1885 719 προακοτίθισθτστιρύ

360 744 430 790 tnus.
441 732 533 808 Neque
552 727 624 788 enim
641 726 754 806 exiguas
768 725 846 786 robis
858 747 969 786 coronas
986 746 1078 785 recon-
1129 747 1205 800 νους,
1216 724 1282 808 πρὸς
1294 725 1382 807 ὀλίγον
1395 723 1443 804 μίν
1456 714 1634 805 ’θλιύύμανοῃ
1649 728 1777 801 διηνεκεῖς
1788 729 1814 788 il
1824 734 1885 808 ἆρον

359 821 435 898 ditis,
448 821 516 880 dum
533 819 569 879 ad
586 817 723 879 modicum
743 832 849 900 tempus
866 818 972 895 afflicti,
986 837 1080 899 pereu-
1131 814 1180 885 st<
1194 819 1220 876 ἐν
1235 825 1289 885 τοῖς
1308 819 1426 897 οὐρανοῖς
1447 819 1755 902 προπαρασκευάζοντες
1771 825 1842 898 ύμῖν,
1852 823 1884 882 ωδ

360 932 422 970 nem
433 911 512 973 vobis
526 910 554 969 iu
568 911 632 970 caelo
648 907 797 969 mercedem
809 931 840 988 ae
853 909 940 968 multo
950 910 1080 990 majorem
1130 909 1221 988 πολλῷ
1235 907 1338 986 μείζους
1350 913 1403 969 τῶν
1420 908 1540 992 ίδρύντων
1555 909 1673 971 τούτων.
1687 913 1728 971 Ol
1742 909 1792 991 γδρ
1801 911 1885 980 θ’ςιαιί

209 1004 349 1055 Remum.
360 1003 403 1062 bis
413 1003 559 1063 sudoribus
568 1001 734 1084 preparatis.
744 1004 814 1061 Non
823 1002 894 1061 enim
904 1016 973 1062 sunt
983 1004 1080 1084 digne
1130 999 1278 1080 παθήματα
1291 1004 1337 1058 τοῦ
1359 1006 1402 1061 νῶν
1418 1007 1511 1085 καιροῦ
1525 999 1593 1084 πρὸς
1606 1000 1660 1074 τὴν
1676 1002 1818 1081 μέλλουσαν
1829 1003 1886 1074 δοξαν

358 1099 509 1176 passiones
532 1097 619 1175 liujus
641 1098 779 1174 temporis
801 1095 994 1175 adfuturam
1016 1095 1080 1176 glo·
1130 1094 1347 1174 ἀποκαλυφθῆναι
1358 1095 1395 1164 εἰς
1405 1098 1486 1173 ἡμᾶς.

360 1191 447 1260 riam,
464 1209 531 1268 quoe
544 1187 724 1246 revelabitur
737 1190 769 1246 in
787 1190 878 1246 nobis.

472 1446 595 1504 CCXII.
613 1444 774 1524 Theophilo
785 1448 966 1524 presbytero.
1093 1445 1113 1492 Ε
1317 1433 1380 1496 eid.
1396 1436 1521 1518 Θεορίλιμ
1535 1436 1723 1519 πρεούυτέριμ.
1808 1458 1812 1467 ·

230 1632 297 1663 “⁰⁰⁵⁰
339 1646 351 1657 ·
400 1624 582 1686 Vehementer
604 1622 691 1698 dolui,
705 1643 767 1682 cum
787 1623 882 1684 audivi
903 1637 929 1684 tc
951 1646 982 1685 ac
999 1626 1078 1687 Salu-
1171 1618 1280 1700 Σφόδρα
1291 1617 1396 1698 ἤλγησα
1411 1617 1639 1686 sustentent
1652 1618 1685 1678 eb
1698 1618 1745 1677 καὶ
1755 1617 1886 1682 Σαλούστιος

210 1698 239 1727 ⁰⁰
297 1714 303 1727 '
360 1716 443 1775 stium
463 1717 651 1797 presbyterum
671 1713 746 1774 baud
770 1715 921 1800 frequenter
943 1715 979 1775 nd
999 1718 1078 1778 colle·
1131 1710 1373 1793 θπρεσὸὖτεροςοῦ
1386 1709 1887 1792 ουνεχῶςπρδςτῆνσῦναξθπῑραθθ·

360 1821 431 1867 ctam
442 1807 576 1881 accedere,
589 1826 675 1884 neque
686 1805 847 1867 mediocrem
862 1806 891 1866 id
902 1807 971 1867 mibi
982 1830 1079 1869 moero-
1130 1805 1200 1879 λετι,
1213 1801 1258 1863 καί
1272 1805 1322 1884 οὐχ
1334 1805 1370 1870 ὡς
1382 1800 1460 1883 ἔτυχέ
1474 1825 1508 1881 με
1521 1807 1603 1862 τοῦτο
1619 1801 1749 1874 ἐλύπησε.
1760 1803 1888 1882 Παρακελῦ

358 1921 416 1960 rem
430 1898 534 1959 inussit.
548 1901 613 1959 Peto
621 1897 714 1978 igitur,
727 1913 767 1976 ut,
781 1898 803 1959 si
817 1898 926 1979 quidem
938 1900 968 1960 id
981 1899 1079 1962 salsum
1129 1895 1231 1966 τοίνυν,
1253 1897 1276 1955 εἰ
1292 1893 1340 1974 μὲν
1353 1895 1446 1976 ψεῦδος
1468 1900 1560 1965 τοῦτο,
1585 1894 1712 1968 δηλῶσαί
1732 1917 1777 1973 μοι
1799 1895 1888 1954 wli*

359 1994 405 2069 sit,
425 1992 545 2053 iudicare
571 1991 639 2051 mibi
664 1991 806 2069 studeatis,
830 1991 904 2071 quod
922 1992 980 2053 sine
1000 2013 1079 2054 causa
1130 2012 1206 2062 σατε,
1217 1987 1259 2048 ὅτι
1268 1988 1354 2067 puis-ss
1367 1985 1617 2068 ἐσυκοφαντιίθςτε·
1632 1989 1658 2046 sl
1672 1985 1701 2048 δέ
1716 1986 1889 2064 mettense

358 2085 523 2146 calumniam
556 2085 629 2166 passi
653 2083 728 2161 sitis,
747 2084 790 2143 siu
813 2102 926 2163 verum,
947 2082 1080 2166 ejusmodi
1131 2079 1251 2143 θύσασθε
1260 2079 1309 2154 τλν
1319 2078 1443 2152 τοιαύτην
1455 2076 1598 2161 ῥαθυμίαν.
1607 2075 1722 2159 Ὥσπερ
1732 2079 1784 2160 γδρ
1794 2077 1890 2158 μέγιστα

358 2177 550 2258 negligentiam
563 2175 721 2236 emendetis.
731 2178 770 2237 Ut
783 2175 856 2236 enim
870 2177 988 2238 maxima
1000 2177 1080 2238 vobis
1131 2176 1194 2252 ύμῖν
1213 2176 1284 2233 ἐστιν
1303 2177 1317 2233 δ
1338 2173 1437 2250 μισθὸς,
1455 2171 1576 2250 μαλιστα
1596 2174 1626 2231 ἐν
1647 2175 1688 2253 τῷ
1706 2172 1891 2254 nuperrimis}

358 2290 459 2330 merces
472 2269 655 2344 constituitur,
671 2269 820 2350 praesertim
831 2268 853 2328 si
868 2269 897 2330 in
912 2268 965 2330 boc
982 2265 1180 2356 saeculomrlv
1194 2267 1377 2346 προσήκουσαν
1391 2263 1511 2345 ἀνδρείαν
1527 2265 1779 2343 ἐπιδεικνυμένοις·
1792 2262 1890 2330 obmisi

359 2361 561 2422 convenientem
573 2359 761 2420 fortitudinem
783 2359 935 2420 exhibeatis
952 2385 959 2418 ε
976 2359 1013 2422 ita
1027 2383 1079 2423 non
1095 2371 1116 2420 Α
1129 2358 1159 2419 τὸ
1173 2359 1251 2440 τυχδν
1262 2357 1337 2418 ἔσται
1350 2355 1434 2440 κρίμα
1448 2359 1570 2428 θκνοῶσι,
1589 2355 1640 2415 καί
1651 2355 1849 2434 ἀναδουμένους,
1859 2352 1892 2413 ul

359 2455 493 2515 mediocre
504 2453 582 2514 vobis
589 2450 725 2534 judicium
740 2450 871 2525 imminet,
883 2452 904 2512 si
917 2452 1081 2534 negligentes
1129 2450 1164 2511 τὰ
1178 2455 1242 2533 παρ’
1254 2453 1353 2510 ἑαυτῶν
1367 2453 1414 2509 οὐκ
1429 2447 1608 2529 εἰσρίρουσιν.
1620 2448 1698 2509 'lose
1712 2448 1767 2531 γὰρ
1775 2447 1802 2508 τί
1815 2446 1892 2508 τοίην·

347 2547 459 2607 sitisse
473 2545 589 2623 remissI,
601 2565 687 2623 neque
697 2536 806 2603 munere
816 2559 904 2605 vestro
918 2545 1080 2626 fungamini.
1130 2547 1173 2604 θεν
1186 2547 1201 2603 δ
1214 2543 1245 2604 τδ
1259 2542 1388 2603 τάλαντον
1407 2539 1570 2621 καταχύνσας
1583 2539 1618 2600 τδ
1632 2539 1677 2616 ἐν,
1692 2541 1723 2609 δς
1740 2538 1812 2601 etsie
1825 2539 1892 2620 ίττρα

358 2638 440 2698 Scitis
459 2659 575 2717 namque
594 2634 661 2716 quid
673 2657 768 2717 passus
781 2634 829 2695 ssle
841 2637 923 2696 fuerit
936 2637 983 2717 qui
997 2638 1082 2699 talen-
1129 2633 1335 2718 ἐγκαλούμενος,
1352 2631 1395 2693 διὰ
1410 2637 1487 2691 τοῦτο
1501 2629 1582 2709 μόνον
1607 2632 1771 2702 ἐκολάζετο,
1784 2630 1827 2691 καί
1838 2635 1892 2690 ἐπα·

358 2745 418 2790 tum
433 2751 519 2790 unuin
532 2727 682 2805 defoderat,
698 2727 746 2808 qui
759 2727 794 2788 de
808 2727 883 2788 nullo
896 2728 950 2789 alio
968 2729 1081 2792 crimine
1131 2727 1254 2811 ραίτητον
1274 2727 1359 2788 ἐδίδου
1380 2725 1465 2799 δίκην.
1484 2723 1668 2784 Σπουδᾶσατε
1689 2715 1737 2785 ὦν
1758 2722 1800 2784 διδ
1817 2722 1892 2805 τύχα

358 2837 507 2898 accusatus,
520 2820 556 2881 ob
568 2802 621 2881 lroc
641 2820 730 2880 solum
744 2819 855 2901 punitus
862 2834 913 2898 cst,
927 2835 953 2880 et
967 2820 1081 2891 inerim-
1129 2816 1304 2900 ἐλευθερῶσαί
1324 2840 1357 2898 μα
1379 2819 1426 2890 τῆς
1444 2814 1591 2898 φροντίδος.
1606 2814 1723 2900 Ὥσπερ
1745 2816 1796 2897 γδρ
1812 2813 1892 2887 πολλήν

358 2910 428 2975 biles
449 2936 541 2996 poeuas
555 2912 641 2973 dedit.
656 2913 725 2972 Date
743 2911 827 2993 igitur
848 2903 1015 2994 operam,'ut
1037 2936 1081 2975 sne
1130 2937 1175 2992 μοι
1204 2911 1277 2994 ρέριι
1307 2909 1476 2993 παράκλησιν
1503 2908 1550 2968 καί
1579 2909 1781 2990 παραμυθίαν,
1807 2904 1890 2968 {eutr

358 3025 441 3085 quam
462 3005 600 3065 celerrime
616 3024 680 3064 cura
698 3002 828 3063 liberetis.
849 3007 889 3065 Ut
910 3005 981 3064 enim
1006 3027 1080 3066 sum·
1129 3002 1300 3079 desolamini
1315 3001 1383 3083 μετδι
1397 2999 1546 3082 προθυμίας
1556 2999 1671 3074 ἁπάσης
1684 3000 1889 3078 ἄπαντατδνχα·

359 3118 432 3156 mam
451 3095 660 3155 consolationem
682 3093 750 3152 mibi
767 3096 871 3177 praebet
890 3117 922 3156 ac
942 3096 1079 3176 solatium,
1129 3095 1276 3177 μαζύμανον
1293 3096 1356 3157 λαδν
1380 3103 1569 3177 συγκροτεῑτεγ·
1586 3093 1674 3163 οὕτως
1697 3093 1802 3155 ἐπειδᾶν
1820 3092 1887 3170 pilu,

359 3209 423 3248 cum
442 3185 523 3245 audio
540 3207 589 3245 vos
615 3185 768 3245 cumomni
787 3186 925 3247 alacritate
947 3188 1079 3270 populum
1128 3188 1169 3250 ύτι
1179 3189 1247 3259 τινὲς
1261 3195 1432 3274 ῥᾳθυμοῦσα,
1447 3191 1497 3268 ούχ
1513 3192 1550 3257 ὡς
1565 3187 1665 3270 ἔτυχεν
1688 3191 1766 3267 ἀλγῶ
1782 3186 1839 3266 ὑπὲρ
1850 3186 1885 3242 ού-

361 3280 516 3340 nniversum
540 3290 693 3358 tempestate
716 3276 848 3357 jactatum
873 3277 1004 3338 instruere
1019 3303 1026 3336 ε
1041 3278 1080 3339 sic
1128 3286 1181 3342 τῶν
1195 3285 1248 3341 τῶν
1260 3280 1454 3365 ῥᾳθυμούντων.
1468 3280 1528 3354 Τὴν
1544 3279 1595 3358 μὲν
1617 3280 1672 3362 γὰρ
1685 3281 1824 3351 καλλίστην
1839 3276 1884 3354 α’νὲ-

360 3393 422 3430 cum
441 3372 563 3431 adfertur
574 3369 609 3429 ad
631 3391 675 3428 me
687 3369 818 3448 quosdam
836 3391 930 3451 segnes
943 3393 1010 3450 esse,
1026 3393 1079 3432 non
1128 3377 1178 3446 λην
1193 3373 1322 3447 ἐκείνηνὴ
1337 3379 1382 3433 τοῦ
1399 3375 1470 3433 Θεοῦ
1484 3373 1565 3453 χάρις
1586 3376 1649 3432 καθ’
1672 3371 1788 3445 ἑκάστην
1801 3393 1882 3449 mpp-

360 3465 523 3524 mcdioerem
542 3461 610 3521 mibi
627 3461 752 3542 segnities
772 3461 883 3521 illorum
902 3461 1024 3524 dolorem
1038 3463 1080 3524 in·
1095 3475 1113 3522 B
1128 3474 1168 3527 τεὶ
1184 3465 1296 3546 ἡμέραν,
1311 3464 1432 3548 καθάπερ
1446 3464 1491 3523 καί
1507 3469 1585 3542 ὑμεῖς
1601 3464 1647 3524 διδ
1663 3469 1719 3524 τῶν
1734 3464 1811 3545 ἔργον
1821 3465 1881 3520 αὐτων

359 3557 502 3618 uritSsne
521 3555 631 3634 quidem
648 3553 863 3634 pulcherrimum
881 3555 959 3615 illum
974 3576 1081 3637 gregem
1130 3559 1241 3640 ἔγνωτε·
1254 3563 1278 3619 οί
1292 3557 1319 3617 δὲ
1336 3556 1451 3640 ῥᾳθυμία
1469 3555 1503 3616 τδι
1518 3561 1586 3638 παρ’
1612 3562 1718 3618 ἑαυτῶν
1737 3556 1877 3635 ε’λλιμτύνιι·

360 3650 410 3707 Dei
425 3650 512 3729 gratia
524 3647 647 3726 quotidie
658 3647 811 3723 confirmat,
822 3661 852 3705 ut
863 3668 912 3710 vos
921 3670 1029 3728 quoque
1040 3671 1081 3711 re·
1129 3675 1186 3726 τες,
1199 3655 1228 3711 ού
1244 3650 1337 3731 μικρὸν
1352 3655 1453 3718 ἑαυτοῖς
1473 3649 1518 3710 διδι
1528 3653 1579 3722 τῆς
1596 3652 1731 3733 ῥᾳθυμίας
1743 3650 1828 3722 ταύτης
1837 3670 1877 3706 w

360 3742 418 3823 ipsa
431 3742 598 3823 comperistis
614 3766 620 3798 :
638 3742 685 3820 qui
697 3763 762 3800 vcro
780 3765 836 3822 prae
850 3743 933 3803 nimia
944 3745 1082 3827 negligen-
1131 3743 1222 3823 ἄγουσι
1237 3743 1329 3825 κρίμα.

361 3836 407 3908 tia,
427 3857 488 3913 qum
508 3855 619 3893 suarum
639 3847 702 3892 sunt
717 3833 847 3914 partium,
863 3850 991 3916 praestare
1010 3838 1082 3899 desi·

360 3938 438 3999 nunt,
455 3946 507 3983 non
522 3924 658 3982 mediocre
676 3946 725 4005 per
738 3923 863 3985 inertiam
883 3928 1017 4008 ejusmodi
1029 3929 1081 3990 sibi

358 4016 495 4098 judicium
509 4031 657 4076 accersunt.

474 4202 613 4260 CCXIII.
630 4200 770 4280 Philippo
785 4204 966 4280 presbytero.
1313 4207 1373 4288 σιγ’.
1388 4206 1521 4288 Φιλίππῳ
1535 4208 1726 4292 πρεσύυτέριρ.

230 4415 297 4445 usuro
312 4417 350 4444 an.
401 4384 517 4443 Miratus
531 4403 601 4457 sum,
612 4379 660 4460 qui
674 4381 775 4441 sactum
786 4381 830 4457 sit,
840 4396 870 4442 ut
880 4396 934 4442 tem
948 4382 1078 4447 diuturno
1170 4386 1336 4462 Ἐθαύμασα,
1358 4391 1415 4455 πῶς
1434 4391 1460 4449 ἐν
1481 4387 1552 4447 οὕτω
1566 4392 1661 4472 χρόνῳ
1675 4393 1773 4472 μακρῷ
1783 4395 1835 4468 ἡμῖν
1844 4385 1873 4442 sis

210 4477 240 4507 ¹²⁰
264 4478 302 4506 ⁰·
362 4491 479 4556 tempore
499 4472 568 4532 nihil
591 4471 628 4531 ad
652 4493 699 4532 nos
723 4471 878 4554 scripseris3
900 4488 980 4555 atque
1001 4477 1079 4538 nobis
1130 4479 1301 4551 iselsteine,
1317 4479 1376 4538 ἀλλ’
1389 4478 1497 4558 σἰγοίτην
1509 4479 1559 4558 μίν
1573 4479 1875 4562 περὶὴμᾶςζπςδςὰωστι

359 4566 470 4645 quidem
482 4565 527 4626 vel
536 4564 695 4624 absentibus
706 4585 760 4624 non
780 4563 942 4626 mediocrem
959 4588 1079 4630 amorem
1129 4570 1175 4632 καί
1189 4570 1303 4638 ἀπόντας
1314 4570 1424 4646 πολλὴν,
1441 4571 1613 4655 γραμμάτων
1629 4575 1657 4636 δὲ
1672 4582 1740 4654 ἡμῖν
1753 4578 1782 4635 ού
1796 4568 1876 4650 utsii*

360 4655 580 4732 exhibueris,sed
594 4676 641 4715 nos
651 4656 790 4716 literarum
806 4670 914 4719 tuarum
931 4659 1077 4743 participes
1131 4688 1181 4732 κας
1189 4669 1241 4724 τῶν
1253 4667 1317 4724 σῶν.’
1324 4666 1380 4725 Νῦν
1391 4669 1452 4745 γοῦν
1462 4671 1547 4744 ’ἡμῖν
1559 4668 1675 4750 γράφῃ,
1688 4668 1728 4749 μὴ
1739 4663 1877 4741 meg,

392 4835 403 4859 ¹
420 4819 513 4868 Omnes
524 4816 581 4866 MS&
589 4822 643 4882 ἡμῖν
653 4824 740 4886 γράψαι
757 4816 826 4866 Infra
837 4824 872 4871 δτι
883 4824 921 4871 καί
932 4831 972 4879 τῆς
983 4824 1064 4888 σχολῆς
1073 4828 1120 4884 αξτ-
1144 4824 1204 4874 item
1216 4821 1314 4875 Selsolae
1324 4822 1379 4875 slis·
1395 4822 1517 4875 militares
1528 4842 1586 4893 σοι
1597 4842 1712 4894 ρατιιρε
1722 4820 1876 4880 ocmrnntlt

359 4899 549 4959 ελνςσητιῑταοῑ
556 4893 776 4961 Constantinopoli
783 4894 939 4959 scholenses
947 4895 1065 4950 cobortes
1073 4901 1120 4952 mi·
1144 4900 1254 4952 Ecclesia
1262 4902 1353 4952 Latius
1361 4899 1460 4953 Sebolae
1467 4913 1606 4955 centorum
1616 4917 1797 4970 memorantur,
1803 4901 1876 4965 atesi

358 4975 430 5026 litum
443 4974 610 5042 palatinorum
622 4971 655 5023 sd
665 4971 808 5024 custodium
818 4975 983 5041 Imperatoris
989 4988 1066 5044 atque
1075 4995 1120 5044 pa·
1143 4980 1204 5030 item
1215 4979 1324 5035 Schola.
1333 4982 1430 5033 Fronto
1446 4983 1553 5034 niueam
1565 4985 1593 5034 in
1608 4987 1678 5036 notis
1686 4997 1761 5052 pertus
1770 4984 1826 5035 nm
1834 4976 1875 5030 ffl-

358 5052 540 5120 latii,quorum
552 5052 669 5120 frequens
679 5053 773 5102 mentio
783 5051 850 5118 apud
863 5055 999 5121 scriptores
1010 5056 1118 5109 maxime
1142 5056 1237 5124 lippum
1250 5060 1465 5128 presbyterumet
1474 5060 1646 5130 Euthymium
1656 5062 1718 5115 item
1726 5059 1874 5131 presbyten

319 5147 322 5156 ¹
358 5130 502 5198 Rymrrtios.
522 5133 590 5182 Loca
602 5131 678 5180 etiam
695 5129 721 5179 in
742 5129 831 5195 quibus
843 5131 1008 5185 versabantur
1019 5133 1117 5188 Scholss
1142 5138 1184 5203 qui
1195 5151 1225 5186 ex
1246 5136 1336 5188 Schola
1349 5135 1434 5202 pulsus
1451 5137 1528 5190 luisse
1546 5137 1644 5190 dicitur
1656 5141 1736 5203 iufra,
1749 5138 1783 5191 uel
1792 5131 1872 5201 αμᾶίῦ·

358 5209 661 5275 lmjusmodi,Sclrolernm
673 5222 694 5262 ct
707 5212 759 5277 ipss
769 5212 870 5263 nomine
882 5212 1118 5281 gaudebuntAErent
1141 5233 1202 5269 num
1219 5215 1293 5271 fuisse
1304 5216 1402 5271 Sclrolsc
1414 5217 1554 5285 cuittspium
1567 5217 1714 5288 hujusmodi
1727 5217 1834 5278 muium,
1844 5205 1870 5259 ’ί
