3764 5992
433 472 462 519 S.
490 472 628 520 ‚tutunus
654 470 835 520 cuutsosr.
867 469 1023 518 Ancurae.
1050 468 1321 517 musrlurtuor.

117 452 188 543 428

117 619 179 658 eum
199 597 258 658 riro
278 596 459 657 concordare:
477 598 529 656 hoc
553 596 686 657 mundum
710 597 827 656 continet
883 594 961 667 ζωὴν,
975 593 1005 654 τὸ
1017 601 1135 672 ὁμονοεῖν
1154 602 1271 673 γυναῖκα
1288 592 1357 674 πρὸς
1370 593 1454 671 ἄνδρα

116 691 281 750 universum.
300 691 370 749 Nam
383 689 612 769 quemadmodum
624 710 751 749 concusso
765 689 827 746 fun-
881 711 926 766 χει
947 687 991 746 τὸν
1015 687 1113 767 κόσμον
1128 687 1242 747 ἅπαντα.
1256 686 1391 768 Καθάπερ
1410 686 1458 766 γὰρ

115 779 335 839 damentototum
345 779 827 840 corruitandificiumzsicetianrcum
882 778 1063 852 σαλενθέντσς,
1087 789 1162 839 πᾶσα
1186 785 1203 852 ἡ
1222 777 1353 856 οἰκοδομὴ
1373 802 1458 859 καταρ

115 870 227 931 dissidia
240 871 310 931 iuter
323 873 450 952 conjuges
460 871 594 945 oriuntur,
608 885 663 931 tota
673 871 729 931 vita
738 885 828 931 nostra
881 869 926 930 καὶ
941 872 1035 949 γάμων
1045 872 1250 942 στασιαζόντων,
1266 873 1339 938 ἅπας
1353 877 1369 930 ὁ
1381 872 1439 950 βίος
1451 880 1458 930 ι’

115 964 291 1025 subvertitur.
303 963 374 1027 Vide
385 985 519 1043 namque:
532 964 650 1024 mundus
664 986 699 1023 ex
713 963 828 1023 urbibus
844 980 862 1026 c
881 988 970 1024 πεται.
988 962 1061 1045 Ὅρα
1071 965 1135 1044 γάρ·
1152 969 1166 1023 ὁ
1179 965 1278 1042 κόσμος
1292 968 1324 1024 ἐκ
1344 968 1398 1023 τῶν
1412 964 1458 1024 πολ

116 1072 228 1134 constat,
240 1060 322 1118 urbes
330 1081 367 1118 ex
376 1057 515 1132 domibus,
527 1079 563 1117 ex
576 1058 643 1117 viris
652 1079 685 1117 ac
696 1056 827 1116 uxoribus

115 1148 221 1210 domus.
236 1149 267 1211 Si
289 1149 372 1231 igitur
390 1151 460 1210 inter
483 1149 557 1210 viros
576 1163 604 1209 et
617 1171 715 1211 uxores
736 1171 827 1232 pugna

115 1255 267 1322 consurgat,
274 1242 341 1302 dum
348 1243 398 1302 ista
409 1242 564 1318 turbantur,
572 1242 654 1303 etiam
665 1243 744 1303 urbes
751 1265 827 1303 ever-

116 1347 232 1396 tuntur:
252 1335 327 1415 quod
347 1335 370 1395 si
391 1334 470 1394 urbes
490 1335 643 1407 turbentur,
667 1337 826 1396 universum

115 1429 198 1488 etiam
206 1428 300 1488 orbem
309 1427 417 1487 omuino
427 1439 578 1486 neeesseest
588 1428 760 1502 tumultibus,
769 1429 827 1489 bel·

114 1519 159 1596 lis,
173 1519 327 1601 pugnisque
339 1518 479 1600 compleri.
498 1520 643 1601 Propterea
660 1522 734 1581 Dens
747 1520 826 1581 istius

113 1612 152 1671 rei
163 1612 283 1670 maxime
294 1632 387 1672 euram
399 1611 483 1690 gerit3
493 1625 631 1692 propterea
643 1633 753 1672 uxorem
764 1613 825 1694 ejici

113 1726 166 1764 non
179 1705 254 1780 sinit,
269 1719 449 1786 praeterquam
465 1704 598 1765 ubsolam
612 1707 824 1767 fornicationem.

113 1797 188 1868 Quid
199 1798 284 1879 igitur
296 1799 319 1858 si
333 1797 527 1858 contumeliosa
538 1798 582 1875 sit,
596 1798 667 1860 dicet
679 1799 788 1879 aliquis,
800 1801 824 1861 si

112 1892 220 1973 profusa
233 1891 269 1951 sit
277 1906 303 1950 et
316 1905 466 1967 sumtuosa,
477 1906 503 1951 et
517 1891 665 1953 innumeris
678 1892 740 1952 aliis
751 1892 825 1952 vitiis

110 1985 231 2044 scateat?
247 1984 382 2045 Patieuter
391 1987 432 2046 ier
444 1986 545 2063 omnia,
558 2007 645 2065 neque
656 2000 766 2068 propter
781 1987 825 2047 vi-

881 1077 936 1127 κεν,
951 1059 978 1113 αἱ
992 1056 1081 1124 πόλεις
1102 1061 1131 1116 ἐκ
1151 1059 1204 1115 τῶν
1228 1059 1336 1130 οἰκιῶν,
1352 1060 1380 1115 αἱ
1404 1055 1457 1116 οἰκί

880 1149 926 1207 καὶ
946 1155 1084 1228 γυναικῶν.
1102 1147 1148 1210 Ἂν
1159 1151 1245 1210 τοίνυν
1261 1149 1404 1228 ἐπεισέλθῃ
1419 1150 1458 1210 ard

879 1245 932 1301 τῶν
951 1245 1052 1321 ἀνδρῶν
1066 1243 1113 1301 καί
1121 1247 1174 1302 τῶν
1186 1245 1332 1322 γυναικῶν,
1346 1246 1384 1311 είς
1400 1244 1448 1310 τὰς

880 1338 945 1392 θενὸ
958 1333 1072 1411 πολεμος
1081 1357 1088 1371 ·
1098 1335 1198 1394 τούτων
1211 1333 1239 1395 δὲ
1251 1334 1458 1416 ταραττομένων

877 1428 931 1492 λεις
956 1425 1098 1486 ἀνάστατοι
1124 1427 1259 1506 γίνονται·
1272 1426 1378 1486 πολεων
1392 1426 1421 1485 δὲ
1444 1451 1458 1487 o

879 1517 924 1576 καὶ
935 1517 983 1590 τὴν
993 1519 1148 1596 οἰκουμένην
1162 1529 1251 1579 πᾶσαν
1264 1519 1369 1597 ἀνάγκη
1380 1542 1458 1599 παρα,

881 1617 956 1684 σθαι,
980 1610 1174 1688 καὶπολέμου,
1190 1611 1236 1671 καί
1258 1613 1362 1693 μάχης.
1388 1612 1442 1673 Διά

879 1701 979 1774 πολλὴν
989 1703 1097 1774 ἐποίησε
1108 1709 1154 1762 τοῦ
1172 1704 1331 1784 πράγματος
1343 1704 1437 1764 τούτου
1447 1729 1458 1763 τ

879 1797 923 1855 διὰ
933 1801 1010 1855 τοῦτο
1026 1799 1074 1855 οὐκ
1095 1795 1202 1876 ἀρίησιν
1217 1796 1340 1856 snecko
1354 1807 1458 1875 γυναῑκι

878 1883 988 1967 πορνεία
1001 1883 1091 1962 μόνον.
1105 1885 1142 1944 Τί
1155 1875 1200 1944 odo
1213 1885 1244 1943 ἀν
1262 1886 1382 1967 λοίδορος
1403 1879 1458 1966 {st

877 1978 984 2056 πανηρά
998 1977 1043 2036 καὶ
1053 1978 1213 2051 πολυτελὴς,
1222 1978 1269 2036 καί
1282 1978 1366 2059 μυρίοι
1377 1979 1455 2061 ἕτερα

111 2077 149 2136 tia
166 2076 243 2158 ejice,
259 2091 443 2137 verumtamen
458 2078 526 2138 vitia
541 2079 655 2159 corrige.
680 2080 822 2161 Propterea
840 2089 860 2136 D
879 2070 944 2150 ἕχῃό
958 2069 1032 2150 Φέρε
1043 2071 1131 2130 πάντα
1145 2071 1284 2151 γενναίως,
1306 2070 1352 2129 καὶ
1365 2071 1405 2150 μὴ
1420 2073 1458 2131 ἕῑί

111 2183 140 2229 tu
156 2170 252 2251 capitis
270 2170 360 2229 locum
374 2183 454 2246 tenes,
467 2185 497 2230 ut
510 2171 615 2252 corpori
626 2171 694 2232 scias
710 2172 820 2234 mederi.

110 2263 181 2322 Nam
191 2284 277 2342 neque
285 2262 308 2321 si
318 2284 416 2343 corpus
426 2277 548 2323 nostrum
558 2263 705 2324 innumeris
715 2266 751 2324 sit
760 2286 824 2325 con·

109 2356 211 2414 fossum
222 2354 392 2426 vulneribus,
404 2354 473 2415 illud
484 2355 597 2436 acapito
607 2378 769 2437 separamus.
784 2360 825 2418 Ne

110 2447 193 2527 igitur
215 2468 327 2507 uxorem
346 2467 453 2526 quoque
467 2469 572 2527 separes
585 2469 600 2506 a
615 2449 700 2529 teipso
717 2473 724 2506 ε
746 2449 824 2508 nobis

111 2539 182 2599 enirn
196 2539 315 2620 corporis
335 2538 402 2598 lom.
412 2552 450 2598 est
465 2560 543 2598 uxor.
557 2539 647 2610 Quam
665 2540 701 2599 ob
715 2561 823 2602 eausam

0 2645 1 2653 ’
37 2677 41 2687 .
74 2675 79 2687 .
111 2632 205 2691 beatus
217 2633 298 2690 etiam
309 2632 410 2692 Paulus
421 2631 528 2692 aiebat:
544 2635 607 2691 Vtri
616 2634 740 2715 diligere
748 2656 824 2694 uxo-

112 2747 157 2784 res
168 2729 210 2785 sic
224 2727 340 2794 debent,
356 2737 388 2783 ut
401 2745 523 2805 corporo
535 2747 600 2785 sua.
616 2725 652 2785 Et
665 2749 716 2807 pro
727 2728 823 2790 uxori-

109 2817 161 2876 bus
175 2815 269 2875 eadem
286 2815 333 2874 lex
344 2815 441 2875 datur:
455 2816 524 2875 sicut
539 2831 616 2876 tuum
636 2834 717 2900 caput
736 2845 821 2895 amas,

110 2921 136 2967 et
159 2907 225 2967 eolis
250 2929 332 2984 uxor,
358 2908 395 2966 ita
421 2907 512 2967 virum
537 2923 615 2969 tuum
637 2912 716 2971 cole:
737 2936 823 2994 neque

110 2999 182 3058 enim
193 2999 251 3058 sino
263 3020 342 3060 causa
352 3013 452 3058 tantam
460 2999 538 3060 istius
549 3002 587 3060 rei
599 3002 729 3064 rationem
738 3007 823 3067 lrabe-

112 3112 181 3149 mus.
201 3090 263 3150 Scio
276 3104 342 3171 quot
352 3091 424 3150 bona
436 3091 561 3151 conciliet
581 3092 664 3170 istud,
678 3096 702 3156 si
716 3099 823 3160 nullum

879 2161 1076 2240 ἐλαττώματα,
1091 2163 1160 2222 ἀλλά
1186 2163 1330 2245 ἀνόρθωσον
1341 2164 1376 2222 τά
1391 2166 1458 2223 ἔλατ

879 2258 956 2312 τοῦτο
979 2255 1097 2332 κεφαλῆς
1111 2253 1215 2334 ἐπέχεις
1231 2254 1334 2335 χώραν,
1349 2254 1395 2313 ἵνα
1414 2256 1458 2334 εἴδη

876 2345 908 2404 τὸ
922 2347 1009 2424 σῶμα.
1025 2346 1079 2404 Καὶ
1090 2345 1142 2426 γὰρ
1165 2348 1195 2406 τὸ
1211 2352 1290 2425 σῶμα
1305 2348 1337 2407 τὸ
1354 2347 1458 2427 ἡμέτερ

879 2439 928 2517 ἔχῃ
942 2436 1097 2517 τραύματα,
1121 2443 1169 2498 οὐκ
1187 2439 1373 2519 ἀποτίμνομεν
1389 2441 1458 2513 ebor

878 2531 964 2590 τοίνυν
978 2532 1047 2608 μηδὲ
1058 2529 1106 2602 τὴν
1120 2541 1232 2610 γυναῖκα
1245 2532 1401 2612 ἀποτέμνης
1418 2534 1458 2592 ἔτι

878 2626 929 2705 γὰρ
945 2630 1009 2703 ἡμῖν
1024 2628 1081 2684 ε’στι
1106 2633 1152 2685 τοῦ
1173 2623 1297 2702 σώματος
1310 2632 1327 2697 ἡ
1341 2627 1419 2705 γυνή.
1442 2631 1458 2686 d

879 2723 893 2777 δ
917 2717 1045 2797 μακάριος
1068 2720 1175 2786 Παῦλος
1201 2719 1306 2798 ἔλεγεν·
1322 2722 1358 2780 Οἱ
1375 2721 1458 2801 ἄνδρα

878 2812 967 2870 λουσιν
983 2813 1089 2891 ἀγαπᾷν
1101 2809 1149 2878 τάς
1164 2821 1303 2890 γυναῖκας,
1318 2817 1355 2878 ὡς
1368 2812 1405 2872 τά
1414 2817 1458 2872 iou

880 2903 932 2962 Καὶ
945 2902 1010 2983 πρὸς
1030 2900 1077 2970 τὰς
1096 2914 1222 2983 γυναῖκας
1236 2906 1264 2965 δὲ
1280 2911 1294 2965 ὁ
1311 2907 1392 2973 αὐτὸς
1412 2907 1458 2982 νόμ

877 2994 926 3068 τὴν
950 3000 1046 3068 ἑαυτῆς
1060 2997 1130 3076 pelet
1155 2988 1320 3078 reported
1341 2999 1436 3078 γιίνοιι·
1457 3026 1458 3058 ;

878 3088 946 3149 οὕτω
958 3088 1025 3168 τίμα
1040 3088 1085 3147 τὸν
1097 3090 1194 3172 ἄνδρα·
1209 3094 1238 3151 οὗ
1253 3092 1307 3171 γὰρ
1323 3096 1384 3173 εἰκῇ
1393 3099 1458 3155 τοσά

111 3184 181 3242 inter
195 3182 283 3242 virum
298 3196 324 3241 et
336 3203 449 3242 uxorem
462 3182 608 3244 dissidium
625 3187 745 3248 oriatur:
768 3193 823 3253 scio
841 3199 859 3246 F.
878 3181 1033 3264 πράγματος
1042 3181 1188 3261 ποιούμεθα
1210 3184 1298 3264 λόγον.
1314 3176 1387 3246 Οἶδα
1405 3187 1458 3248 ὅσω

111 3288 178 3354 quot
192 3275 324 3334 malorum
335 3275 485 3336 occasiones
494 3278 593 3357 pariat,
604 3280 628 3338 si
640 3280 711 3340 inter
719 3305 748 3343 se
760 3307 823 3346 con-

111 3367 231 3428 tendant.
248 3369 327 3427 Tuno
340 3368 412 3428 enim
433 3390 487 3428 non
505 3368 619 3442 divitiae,
638 3393 690 3433 non
709 3376 823 3439 felicitas

110 3482 193 3540 quam
203 3459 268 3520 boni
277 3460 393 3521 afferunt
404 3460 494 3533 liberi,
506 3483 559 3521 non
571 3463 716 3526 multitudo
724 3467 823 3529 libero-

112 3574 185 3630 rum,
200 3573 254 3613 non
268 3552 483 3634 magistratusue
496 3554 676 3636 principatus,
693 3579 747 3620 non
759 3561 821 3640 glo-

112 3645 161 3721 ria,
179 3666 233 3704 non
254 3645 348 3720 honor,
362 3666 416 3705 non
435 3645 549 3721 deliciae,
569 3669 622 3707 non
637 3663 752 3733 sumtus,
770 3676 823 3714 non

112 3737 165 3796 alia
178 3739 281 3815 quaevis
297 3737 411 3796 felicitas
420 3759 533 3798 uxorem
544 3740 706 3821 exhilarare,
723 3745 765 3804 vel
778 3747 824 3805 vi-

113 3851 174 3888 rum
187 3830 295 3909 poterit,
304 3829 327 3888 si
340 3829 409 3890 inter
419 3851 447 3889 se
458 3831 589 3893 rixentur.

153 3937 183 3994 7.
198 3935 269 3995 Huic
281 3934 451 4017 potissimum
464 3936 503 3996 rei
518 3960 573 4018 prae
586 3942 689 4002 caeteris
699 3945 825 4005 omnibus

877 3276 932 3336 τιόν
949 3279 1020 3347 ε’στι,
1034 3275 1066 3334 τὸ
1085 3285 1197 3355 γυναῖκα
1221 3277 1286 3357 πρὸς
1302 3279 1387 3360 ἀνδρα
1414 3279 1450 3359 μὴ

877 3358 935 3427 οἶδα
948 3367 1017 3426 ὅσων
1042 3373 1131 3427 κακῶν
1146 3373 1217 3428 ἐστιν
1241 3369 1382 3445 ὑπόθεσις,
1413 3372 1458 3432 ὅσα

876 3459 982 3527 ἑαυτοὺς
1002 3461 1219 3531 διαστασιάζωσι.
1240 3463 1310 3522 Τότε
1324 3464 1377 3545 γὰρ
1405 3469 1435 3525 οὗ
1455 3493 1458 3504 ⁴

877 3553 1015 3624 εὖπαιδία,
1032 3557 1061 3613 οὐ
1082 3555 1257 3629 πολυπαιδία,
1275 3557 1322 3615 οὐκ
1338 3559 1410 3638 ἀρχὴ
1431 3583 1458 3618 κο

877 3647 906 3706 οὗ
921 3645 983 3714 δόξα
1007 3646 1053 3706 καί
1075 3648 1156 3724 τιμὴ,
1170 3650 1199 3706 οὐ
1223 3649 1308 3730 τρυφίΙ
1331 3650 1378 3709 καί
1404 3653 1458 3712 πολι

878 3741 946 3812 ἀλλη
960 3764 1000 3806 τις
1015 3740 1146 3820 εὐπραγία
1160 3740 1258 3800 δύναιτ’
1274 3742 1304 3800 ἂν
1320 3743 1458 3824 εὐφρᾶναί·

878 3831 1003 3912 ἢάνδρα,
1016 3833 1080 3892 ὅταν
1094 3833 1160 3913 πρὸς
1174 3834 1304 3906 ἀλλήλους
1324 3837 1458 3916 ζυγομαχά

918 3926 1006 3985 Τοῦτο
1016 3925 1047 3998 δὴ
1060 3927 1113 4006 πρὸ
1125 3929 1177 3985 τῶν
1191 3927 1279 3986 ἀλλων
1301 3927 1429 3988 ἁπάντων
1446 3952 1458 3988 o

112 4026 274 4087 studeamus.
289 4026 394 4091 Vitiosa
406 4041 445 4086 est
459 4049 538 4101 uxor,
556 4031 598 4090 sac
610 4033 684 4111 quod
697 4039 771 4096 Isaac
784 4039 869 4098 se-aco
878 4018 1075 4095 Ἔλαττώματα
1090 4017 1146 4098 ‘'tt‘'
1162 4023 1179 4089 b
1194 4018 1278 4097 τννήῐ
1301 4020 1423 4093 Ποίησον
1441 4023 1458 4081 ἅ

112 4120 158 4194 cit,
173 4121 260 4178 Deum
274 4139 391 4199 precare.
412 4118 530 4180 sienim
550 4121 596 4181 ille
618 4146 730 4205 precum
755 4129 824 4188 assi-
842 4117 858 4158 ‘l
876 4113 890 4167 ὁ
905 4108 1012 4169 'Mn'
1024 4109 1133 4184 δεήθητι
1152 4116 1198 4169 τοῦ
1212 4114 1292 4170 θεοῦ·
1312 4113 1348 4170 El
1361 4105 1458 4194 Υὰροῦ

113 4210 216 4270 duitate
228 4208 396 4270 debilitatem
413 4211 495 4269 solvit
508 4226 621 4291 naturae,
636 4218 722 4278 multo
739 4221 825 4299 magis
875 4200 950 4284 reple
964 4206 1012 4272 τῆς
1029 4205 1108 4283 ‘llll‘
1121 4202 1309 4283 Ψύσῑωςέλυσε
1325 4205 1458 4284 '‘lm'’

113 4324 172 4373 nos,
194 4301 217 4362 si
240 4300 346 4361 assidue
361 4303 449 4361 Deum
463 4323 580 4376 oremus,
597 4308 745 4387 poterimus
756 4312 824 4372 vitia

115 4394 260 4455 voluntatis
272 4393 412 4475 corrigere.
431 4393 461 4455 Si
480 4407 507 4453 te
528 4398 601 4456 Deus
614 4396 714 4459 viderit
734 4403 824 4463 studio

113 4506 169 4547 snae
180 4487 246 4568 legis
257 4487 429 4546 observandae
440 4486 553 4548 tolerare
563 4489 745 4572 patienterque
756 4495 825 4554 serre

112 4580 209 4641 delicta
225 4580 330 4656 uxoris,
352 4578 390 4639 ad
402 4579 477 4638 illam
501 4579 648 4642 docendam
663 4595 690 4643 te
699 4586 821 4664 juvabit,

49 4723 54 4734 .
79 4723 85 4734 .
113 4693 144 4733 ac
168 4672 302 4754 patientiae
324 4672 375 4730 tibi
399 4671 548 4732 mercedem
573 4676 709 4756 rependet.
742 4681 825 4739 Unde

113 4771 192 4825 enim
203 4770 269 4839 seis,
283 4769 343 4831 uir,
357 4764 454 4843 inquit,
466 4769 492 4824 si
511 4787 631 4826 uxorem
643 4770 758 4830 salvam
769 4774 823 4852 sa-

111 4864 194 4919 cies?
207 4859 348 4918 autunde
365 4861 432 4928 scis,
455 4880 540 4929 uxor,
552 4863 578 4919 si
591 4865 689 4923 uirum
709 4865 823 4924 salvum

108 4953 204 5030 facies
212 4957 225 5008 Ρ
232 4950 293 5010 Noli
303 4962 393 5008 auteur
402 4970 435 5008 au
440 4949 523 5010 imum
532 4951 706 5033 despondere,
717 4959 771 5018 noli
778 4958 822 5018 de

111 5063 225 5122 sperare.
248 5042 320 5102 Fieri
334 5042 406 5101 enim
419 5057 506 5124 potest
518 5058 548 5104 ut
558 5045 616 5126 ipsa
629 5070 737 5129 quoque
747 5037 821 5111 salva

111 5135 175 5194 fiat:
198 5135 307 5214 quodsi
321 5157 349 5195 se
360 5157 413 5195 non
427 5136 553 5216 corrigat,
569 5153 599 5198 tu
615 5155 703 5202 tamen
718 5146 820 5226 patien-

111 5226 153 5285 tiae
167 5225 316 5286 mercedem
330 5248 382 5285 non
396 5226 501 5287 amittes
516 5253 522 5286 :
536 5229 576 5290 sin
597 5247 686 5294 autern
696 5237 815 5317 ejeceris,

875 4297 919 4354 λον
930 4301 1007 4372 ἡμεῖς
1027 4295 1206 4375 προαιρέσεως
1219 4295 1400 4373 ἐλαττώματα
1412 4300 1458 4380 διορ

875 4385 990 4464 σόμεθα,
1002 4387 1047 4446 τὸν
1061 4389 1129 4448 Θεὸν
1143 4392 1258 4468 συνεχῶς
1274 4390 1458 4468 παρακαλοῦνι

876 4502 906 4538 σε
919 4484 933 4538 ὁ
944 4479 1012 4547 Θεὸς
1023 4479 1068 4539 διὰ
1082 4479 1128 4538 τὸν
1140 4483 1220 4540 αὐτοῦ
1234 4480 1315 4558 νόμον
1332 4488 1458 4563 καρτεροῐ

877 4595 955 4651 ροντα
965 4573 1091 4651 γενναίως
1104 4579 1153 4645 τῆς
1166 4574 1289 4651 γυναικὸς
1311 4573 1345 4633 τὰ
1360 4576 1458 4656 ἁμαρτ

877 4665 1005 4746 εφάψετοιί
1019 4691 1059 4725 σοι
1072 4671 1120 4737 τῆς
1134 4667 1322 4738 διδασκαλίας,
1334 4668 1380 4726 καὶ
1399 4673 1458 4744 μιαί

876 4763 924 4829 τῆς
933 4762 1076 4836 ὑπομονῆς.
1090 4760 1125 4818 Τί
1141 4759 1192 4841 γὰρ
1208 4751 1294 4832 οἶδας,
1311 4760 1403 4840 φησὶν,
1417 4762 1458 4821 ἀνι

878 4861 957 4911 ναῐκα
970 4852 1074 4925 σώσεις
1093 4850 1110 4923 ἢ
1124 4853 1150 4911 τί
1171 4844 1243 4920 σίδας
1252 4897 1260 4925 ,
1270 4851 1365 4933 γύναι,
1378 4858 1404 4913 εἰ
1425 4855 1458 4914 rb

878 4966 949 5018 σεις;
982 4945 1029 5017 Μὴ
1055 4947 1197 5024 ἀποκάμῃς
1222 4943 1268 5020 δὲ,
1287 4947 1370 5024 φησὶ,
1399 4949 1458 5024 μηδ

875 5047 1021 5125 Συμὸαίνει
1042 5046 1094 5127 γάρ
1109 5045 1190 5119 αὐτὴν
1204 5046 1249 5106 καί
1261 5052 1396 5118 σωθῆναι·
1411 5049 1458 5108 ἀνι

876 5148 956 5229 με’νη,
978 5149 1010 5212 σὺ
1024 5150 1068 5210 τὸν
1091 5149 1184 5228 μισθὸν
1202 5152 1249 5208 οὐκ
1268 5147 1414 5218 ἀπώλεσας
1433 5153 1458 5210 τί

870 5244 915 5302 ἐὰν
930 5242 958 5302 δὲ
972 5243 1102 5322 ἐκὸἀλῃς,
1125 5242 1152 5301 ἓν
1172 5244 1277 5322 πρῶτον
1292 5240 1431 5321 ἥμαρτες,
1445 5268 1458 5303 τ
