3764 5992
99 409 171 503 494
401 423 434 474 s.
462 424 602 474 touuuts
627 401 812 476 cunrsosr.
840 427 999 478 tuentur.
1027 427 1304 478 consruurtuor.

96 553 183 632 fugat,
197 564 224 610 et
244 569 337 631 pacem
359 549 462 609 statuit.
475 549 543 608 Dico
566 549 639 609 enim
657 549 736 611 vohis
749 562 834 609 artem
889 565 931 611 ret
941 552 1091 612 amicitiam
1103 568 1128 611 et
1139 553 1268 613 evelleret
1277 552 1432 631 caritatem,
1442 568 1475 614 ut
1488 553 1640 639 disrumpe·

95 644 209 722 diaboli,
221 645 299 724 cujus
311 663 396 722 neque
407 663 456 703 ros
466 642 592 702 astutiam
605 644 744 724 ignoratis.
752 644 835 706 Vidit
888 661 930 706 ret
939 657 1034 728 paceni
1046 671 1052 704 :
1064 647 1110 706 sed
1122 669 1178 729 pax
1193 648 1305 707 Domini
1317 669 1425 730 semper
1439 649 1477 709 sit
1488 650 1638 728 nobiscnm,

95 751 201 801 satanas
213 737 369 798 firmitatem
377 737 720 813 lidei,stahilitateminea
733 738 834 821 pietate
888 741 917 801 in
929 741 1038 801 Christo
1049 744 1113 803 Jesu
1135 742 1255 802 Domino
1269 756 1374 817 nostro,
1387 759 1572 823 cumquoeet
1586 749 1638 808 Deo

94 829 251 912 dogmatum
260 843 373 911 septam,
389 830 460 891 vidit
472 843 499 891 et
512 852 624 912 operum
633 833 766 893 honorum
775 834 833 891 [ru-
887 835 963 898 Patri
976 849 1004 896 et
1019 836 1135 916 Spiritui
1148 850 1241 896 sancto
1257 837 1344 917 gloria
1357 838 1387 898 in
1408 839 1511 900 sarcula
1525 841 1636 901 sumto

94 926 182 988 cubus
200 925 434 989 abundantemrct
453 926 514 986 ideo
532 949 583 1008 pro
600 929 644 989 his
658 929 785 990 omnibus
794 929 832 990 ad
884 953 955 994 rum.
970 935 1064 993 Amen.

93 1021 224 1083 insaniam
236 1022 321 1097 venit,
334 1035 361 1080 et
371 1019 446 1080 rabie
454 1021 554 1082 luroris
562 1023 710 1099 exarsit,ut
723 1023 828 1084 scinde·

667 1404 1084 1531 MONlTUlll

316 1701 320 1708 ·
372 1681 422 1755 ΙΝ
447 1678 738 1778 SEQUENTEM
763 1678 1092 1753 CHRYSOSTOMI
1117 1680 1402 1758 ORATIONEM

559 1907 773 1983 uuruQunu
794 1906 884 1967 uter
905 1907 945 1966 ru
968 1907 1164 1970 exsulum.

126 2125 158 2187 lu
171 2140 305 2208 postrema
316 2123 425 2184 llorelli
446 2120 575 2184 Editione
588 2117 624 2179 ad
641 2117 742 2177 calcem
756 2117 837 2176 Tomi
849 2117 941 2195 quarti
956 2117 1030 2178 edita
1041 2118 1094 2178 luit
1106 2121 1202 2181 Oratio
1216 2123 1407 2205 Chrysostomi
1419 2141 1570 2208 antequam
1581 2131 1630 2192 iret

84 2214 262 2295 inexsilium,
269 2217 305 2277 ad
313 2217 446 2297 populum
454 2211 558 2289 hahita,
566 2231 601 2271 ex
610 2209 676 2272 Vita
687 2209 873 2290 chrysostomi
885 2230 934 2288 per
945 2210 1092 2288 Georgium
1103 2210 1319 2275 Alexandrinum
1332 2233 1471 2299 excerpta,
1478 2225 1629 2304 quae,quod

83 2323 183 2390 spectat
197 2310 234 2371 ad
244 2309 389 2369 dimidiam
401 2307 520 2390 priorem
532 2316 637 2386 partem
648 2301 752 2360 adhaec
765 2321 852 2378 usque
864 2300 958 2374 verba,
970 2303 1028 2360 ἀλλ’
1036 2304 1090 2380 ὁρῶ
1101 2310 1155 2370 τοῖς
1167 2305 1282 2381 ἐμαυτοῦ
1294 2307 1411 2386 δόγμασί
1423 2335 1513 2386 τινας,
1526 2335 1579 2374 nou
1587 2317 1627 2376 in-

80 2398 165 2482 digna
186 2402 382 2482 Chrysostomo
402 2398 527 2460 videtur:
539 2409 567 2455 et
579 2394 671 2453 talisa
689 2391 757 2454 viris
771 2391 858 2451 doctis
877 2391 1002 2468 habetur,
1021 2391 1195 2471 paucioribus
1212 2396 1273 2455 aliis
1291 2400 1514 2464 reclamantibus.
1526 2407 1560 2466 In
1578 2408 1627 2469 hac

79 2507 150 2554 m
170 2494 259 2577 prima
276 2505 368 2573 ΡΜ,
382 2512 442 2552 „100
462 2487 574 2568 quidem
590 2483 706 2567 judicio,
720 2484 838 2544 occurrit
859 2481 928 2540 nihil
947 2481 1021 2560 quod
1033 2504 1064 2541 eo
1078 2482 1182 2563 adigat,
1197 2500 1229 2545 ut
1247 2487 1331 2548 alium
1355 2513 1437 2570 quam
1463 2496 1625 2578 Chrysosto-

79 2604 154 2645 mum
174 2605 328 2665 quaeramus
352 2596 500 2643 auctorem.
523 2576 706 2638 Posteriorem
728 2595 793 2635 reru
815 2587 928 2653 partem,
944 2574 1057 2634 salebris
1071 2574 1190 2655 plenam,
1210 2577 1376 2657 intricatam,
1391 2605 1451 2661 quae
1473 2608 1546 2668 sepe
1565 2591 1625 2666 rix,

78 2696 113 2737 ae
125 2698 160 2737 ne
181 2678 231 2740 vix
251 2675 373 2756 quidem,
387 2671 502 2751 intelligi
525 2681 624 2752 potest,
637 2666 732 2726 saltem
755 2678 785 2723 ut
807 2679 895 2723 exstat
914 2665 1008 2743 hodie,
1023 2665 1218 2746 Chrysostomo
1237 2669 1449 2750 abjudicandam
1473 2698 1622 2742 censemus.

80 2767 154 2828 Nam
166 2768 256 2849 stylus
265 2767 393 2826 abhorret
403 2787 420 2825 a
431 2762 516 2844 priori
525 2758 654 2821 orationis
666 2770 752 2837 parte.
762 2754 865 2833 Siquid
875 2777 939 2816 vero
951 2758 1115 2834 enuntiatur,
1126 2758 1200 2836 quod
1213 2760 1352 2821 adrerum
1365 2765 1425 2844 ejus
1437 2768 1530 2829 exsilii
1539 2772 1624 2833 histo·

77 2857 152 2917 riam
165 2859 290 2937 quadret,
305 2856 335 2915 id
347 2868 419 2914 certe
429 2857 466 2913 ita
478 2852 599 2926 remisso,
610 2869 644 2908 ne
654 2846 723 2927 quid
732 2847 803 2905 ultra
814 2848 961 2927 proferam,
972 2846 1081 2908 dicendi
1095 2869 1191 2928 genere
1205 2866 1338 2928 narratur,
1349 2868 1380 2913 ut
1393 2857 1434 2916 las
1447 2879 1505 2919 esse
1519 2882 1574 2921 uon
1584 2862 1624 2924 ri-

75 2947 173 3009 deatur
186 2948 215 3007 id
227 2949 422 3027 Chrysostomo
434 2941 598 3004 adscribere.
615 2941 693 2998 Certe
712 2938 798 2996 alium
812 2937 988 3016 quaerendum
1001 2953 1138 2999 auctorem
1152 2962 1208 3001 esse
1225 2943 1320 3004 suadet
1332 2960 1410 3005 vetus
1424 2949 1621 3031 interpretatio,

76 3060 159 3119 quam
168 3039 371 3120 subjungimus,
384 3056 497 3115 quaque
506 3045 669 3115 postremam
680 3043 764 3088 totam
775 3042 879 3110 partem
890 3029 982 3090 tacuit.
991 3029 1070 3090 lllam
1081 3053 1145 3091 vero
1156 3034 1373 3114 subjungendam
1381 3040 1551 3118 putavimus,
1560 3045 1623 3123 quia

75 3117 199 3210 quasdam
212 3128 410 3211 mmplectitur,
425 3149 485 3215 qua
497 3127 524 3184 iu
540 3126 636 3185 (traca
652 3121 720 3181 serie
730 3141 783 3180 non
795 3132 959 3202 comparent.
970 3119 1039 3181 Eam
1051 3143 1078 3181 se
1092 3121 1193 3183 vidisse
1205 3143 1396 3188 commemorat
1406 3130 1434 3188 in
1443 3131 1545 3193 Codice
1555 3158 1621 3215 quo

40 3279 44 3286 ,
74 3221 140 3284 dam
150 3221 250 3281 montis
261 3218 365 3281 cassini
375 3221 454 3280 Joau.
464 3214 643 3278 lllahillouius
654 3225 744 3272 noster
755 3213 783 3273 in
797 3212 895 3271 ltinere
905 3211 1000 3271 Italico
1009 3234 1036 3292 p.
1047 3215 1115 3288 lhl,
1128 3215 1176 3273 ubi
1187 3218 1332 3277 Severiano
1341 3221 1622 3308 Gabalorum,·inquit

77 3313 140 3392 ille,
154 3311 330 3375 adscribitur.
341 3313 447 3373 Verum
460 3305 599 3370 Severiani
611 3325 760 3384 numquam
774 3325 831 3363 esse
843 3301 949 3384 potuit,
958 3323 1006 3361 ncc
1019 3302 1052 3361 ad
1065 3305 1123 3383 ejus
1137 3306 1278 3366 historiam
1291 3309 1424 3387 quadrare
1436 3313 1518 3376 valet.

113 3403 255 3466 Tilmanui
263 3400 521 3484 interpretationem,
538 3410 632 3479 utpote
645 3401 873 3478 παραφραστικῶς
886 3390 1056 3472 adornatam,
1071 3396 1221 3476 rejecimus,
1236 3421 1388 3480 novamque
1400 3406 1569 3483 paravimus.

76 3602 1611 3640 πει-Μ

152 3783 338 3843 HOMILIA
358 3781 476 3841 Auru
500 3779 711 3840 EXSILIUM.
802 3773 838 3874 δῖ
847 3776 924 3837 ΤΟΥ
941 3777 1068 3838 mor
1090 3780 1221 3839 0ttttt1n
1244 3781 1322 3841 ΠΡΟ
1342 3783 1420 3842 ΤΗΣ
1439 3784 1617 3847 ΕΞΟΡΙΑΣ.

115 3967 145 4028 ί.
158 3962 243 4023 Multi
256 3963 354 4021 lluctus
369 3961 469 4021 instant
485 3983 635 4042 gravesque
649 3961 791 4044 procellae3
886 3959 980 4020 Πολλδι
992 3959 1027 4020 rh
1040 3961 1150 4041 κύματα
1161 3961 1207 4020 καί
1221 3963 1338 4043 χαλεπὸν
1350 3965 1381 4024 τδ
1394 3966 1550 4028 κλυδώνιον·
1558 3973 1620 4031 ἀλλ’

74 4056 189 4119 sednon
204 4054 329 4113 timemus
344 4073 377 4111 ne
391 4052 616 4131 submergamur:
629 4052 729 4112 namin
745 4073 792 4132 pe-
846 4051 875 4108 οὐ
899 4049 1070 4130 δεδοίκαμεν,
1083 4051 1121 4130 μὴ
1145 4057 1416 4132 καταπυντισθῶμεν·
1431 4057 1476 4116 ἐπί
1495 4059 1548 4140 γὰρ
1570 4067 1620 4135 τῆς

74 4163 117 4212 tra
127 4145 307 4208 consistimus.
321 4143 421 4203 Saeviat
433 4164 514 4216 mare,
527 4157 631 4223 petram
645 4143 792 4203 dissolvere
845 4142 945 4225 πέτρας
967 4143 1128 4222 ἑστήκαμεν.
1153 4146 1334 4219 Μαινίσθωὴ
1360 4148 1495 4225 θάλασσα,
1516 4155 1618 4234 πέτραν

73 4240 167 4321 nequit
185 4237 343 4314 :insurgant
370 4234 481 4308 lluctus,
497 4235 561 4294 Jesu
580 4233 721 4313 navigium
745 4232 792 4292 de·
846 4235 969 4294 διαλῦσαι
985 4235 1014 4292 οὐ
1027 4233 1152 4294 δύναται·
1166 4237 1307 4316 ἐγειρίσδω
1322 4237 1357 4297 rh
1370 4239 1493 4318 κύματα,
1504 4249 1550 4302 τοῦ
1565 4246 1619 4319 Ἰη·

74 4350 196 4411 mergere
209 4347 262 4387 uon
281 4336 407 4407 possunt.
417 4323 506 4398 Quid,
519 4345 619 4402 queso,
631 4325 792 4383 timeamus?
845 4331 892 4386 τοῦ
911 4327 943 4386 τδ
962 4328 1055 4386 πλοῖον
1080 4328 1274 4388 καταποντίσαι
1296 4333 1344 4390 οὐκ
1367 4332 1463 4413 ἰσχύει.
1477 4334 1516 4394 Τί
1535 4338 1619 4397 δεδοί.

75 4419 250 4483 Mortemne?
265 4419 344 4477 Mitt
354 4419 454 4477 vivere
467 4417 602 4475 Christus
614 4427 668 4490 est,
680 4427 708 4474 et
718 4418 793 4473 mori
844 4441 941 4496 καμκν,
953 4416 1011 4478 είπί
1025 4440 1071 4496 μοι
1076 4440 1086 4494 3
1099 4419 1153 4478 Τὸν
1165 4419 1288 4495 orirerur,
1297 4419 1377 4500 Ἐμοί
1388 4425 1418 4482 τδ
1432 4428 1478 4497 ζῆν
1489 4428 1616 4509 Χριστὸς,

4 4487 29 4532 p,
43 4485 447 4585 ῐ·ῑοισυνιι.Αυειείίίιιαι,ᾶίε
457 4506 677 4566 mihilDominr‘
687 4519 729 4565 est
740 4519 793 4566 ter·
844 4508 890 4568 καί
912 4509 943 4569 rb
962 4511 1102 4570 ἀποθανεῖν
1126 4511 1225 4591 κέρδος.
1245 4512 1315 4571 Ἀλλ’
1335 4493 1455 4595 ἐξοινίαν,Ι
1472 4521 1531 4581 εἰπέ
1554 4546 1617 4598 por,

10 4593 51 4647 ²³·
76 4624 113 4664 ra
134 4616 162 4663 ut
182 4601 335 4680 plenltudo
351 4602 424 4681 ejus.
438 4603 478 4658 ln
494 4598 653 4658 facultatum
669 4598 791 4679 publica·
845 4603 900 4661 Τοῦ
924 4600 1024 4682 Κυρίου
1043 4607 1060 4673 ἡ
1086 4607 1136 4682 γῆ,
1152 4603 1198 4662 καί
1218 4604 1249 4663 τὸ
1269 4605 1404 4687 πλήρωμα
1426 4612 1518 4682 αὐτῆς,
1537 4610 1617 4674 Ἀλλὰ

15 4743 31 4790 5
77 4694 195 4756 tionum?
204 4693 290 4753 Mttt
303 4692 458 4751 intulimus
469 4694 501 4750 in
509 4692 791 4762 mandamentum-
843 4692 992 4776 χρημάτων
1004 4692 1146 4772 δήμευσιν;
1160 4695 1245 4755 Οὐδὲν
1257 4697 1447 4778 εἰσηνέγκαμεν
1458 4702 1495 4768 εἰς
1508 4704 1553 4764 τὸν
1568 4707 1617 4765 χό.

6 4774 12 4787 ’
33 4758 65 4804 '⁷'
75 4808 132 4868 que
144 4800 188 4846 est
201 4805 254 4844 reos
270 4784 348 4842 nihil
361 4785 431 4842 hine
449 4785 560 4864 efferre
569 4782 790 4862 posserteru'hi-
844 4809 920 4863 σμον,
931 4787 1010 4857 δῆλον
1031 4784 1072 4867 δτι
1094 4785 1167 4844 οὐδὲν
1194 4784 1336 4865 ἐξενεγκεῖν
1357 4792 1502 4868 δυναίμεθα·
1520 4795 1616 4860 καὶτὰ

72 4880 164 4958 liaque
182 4877 265 4958 hujus
290 4873 387 4935 mundi
408 4874 477 4934 mihi
501 4874 638 4956 despectui
660 4887 741 4950 sunt,
764 4889 790 4934 et
807 4892 824 4939 n
843 4877 943 4959 φοὸερδ
972 4885 1018 4938 τοῦ
1044 4877 1145 4956 κόσμου
1170 4879 1230 4956 ἐμοὶ
1254 4882 1489 4964 εὐκαταφρόνητα,
1513 4887 1559 4948 καὶ
1580 4889 1615 4949 τὰ

73 4971 143 5031 bona
164 4972 222 5050 ejus
243 4969 299 5028 risu
314 4968 407 5047 digna.
419 4968 479 5026 Nou
494 4979 680 5049 paupertatem
693 4967 786 5047 timeo,
842 4968 947 5050 χρηστὰ
968 4969 1164 5047 uere-{eluere
1178 4973 1219 5030 Οὐ
1239 4973 1331 5031 πενίαν
1352 4975 1472 5048 δέδοικα,
1487 4979 1516 5035 οὐ
1530 4986 1613 5039 πλοῦ-

72 5081 125 5121 non
146 5059 257 5119 divitias
282 5057 442 5138 concupisco
454 5080 461 5113 ι
473 5078 526 5117 non
552 5070 665 5117 mortem
684 5071 785 5135 metuo,
841 5083 885 5121 τον
904 5063 1043 5139 ἐπιθυμῶ·
1058 5064 1087 5120 οὐ
1101 5061 1212 5121 θάνατον
1227 5063 1376 5145 φοόοῦμαι,
1390 5069 1419 5126 οὐ
1440 5072 1519 5139 ζῆσαι
1538 5071 1613 5153 edgo-

70 5171 121 5215 uec
133 5150 225 5213 virere
235 5163 310 5234 opto,
318 5149 369 5211 nisi
378 5149 414 5210 ad
424 5149 572 5230 profectum
582 5163 709 5212 vestrum.
720 5149 785 5213 ldco
842 5175 904 5233 μαι,
921 5156 944 5213 ti
959 5151 998 5234 μὴ
1013 5151 1057 5213 διδ
1070 5152 1118 5227 τὴν
1133 5153 1262 5237 ὑμετέραν
1279 5158 1428 5239 rpoxorrqo.
1444 5160 1493 5222 Ap,
1514 5163 1561 5224 „j
1578 5165 1613 5226 ,g
