3764 5992
382 426 535 475 unccsrr
562 426 721 473 rnrrnurr
746 425 815 473 non
840 426 1064 475 avocarunt.
1420 415 1492 503 4¹3

136 552 284 621 αίιιίνως
304 551 427 632 lauert
447 552 476 613 δί
500 554 593 633 ἄγνοια
615 549 727 632 άμρατί·
783 549 986 632 prehensioncm
1006 567 1185 635 exoeperunt,
1203 568 1230 616 et
1248 556 1380 617 desidiam
1400 578 1496 620 exona·

136 643 388 724 ιςιιθιη.Πι’θς,ἐγὼ
398 643 476 723 λίγω.
487 644 580 705 Ὁτῶν
592 642 730 724 ἐγκωμίων
783 658 886 704 serunt.
913 645 1105 707 Verumtamen
1128 668 1215 727 neque
1240 648 1269 708 hi
1292 651 1388 731 nobis,
1411 673 1497 732 neque

136 738 246 818 αὐγῆς,
257 737 303 798 καὶ
320 735 444 806 συνειδὼς
461 741 548 818 ίαυτῷ
570 736 730 810 written
783 735 825 796 illi
849 750 912 798 suot
933 738 1010 812 noti,
1030 752 1111 818 atque
1131 739 1190 801 hee
1209 741 1361 823 ignorantia
1388 745 1498 827 prodest

136 830 292 913 ιμάρτυρας
302 834 354 891 τῶν
367 830 517 908 ἐγκωμίων,
526 830 592 910 πρὸς
605 827 730 890 ἀπόνοιαν
787 830 916 909 utrisque.
940 832 1002 904 Quo
1025 846 1104 914 pacto
1128 833 1159 894 id
1184 834 1250 911 hat,
1271 858 1421 919 exponam.
1442 839 1498 912 Qui

136 944 182 993 or·
196 921 252 981 νυνὶ
275 919 303 982 δὲ
323 920 502 989 λανθανόντως
526 920 667 999 δεξάμενος
687 919 730 978 τὸν
785 920 879 981 laudes
893 923 1022 984 orationis
1034 923 1152 997 audivit,
1162 940 1191 987 et
1202 949 1258 987 soar
1273 929 1421 1010 diligentia
1434 952 1499 993 eon·

136 1037 179 1088 της
192 1013 343 1083 ἀλαζονείας
352 1016 532 1087 ἀπήλλακται.
545 1012 732 1074 Πάλινὸσυν·
786 1013 859 1075 scius
880 1029 931 1094 eat,
951 1015 975 1075 si
990 1017 1090 1077 multoe
1110 1017 1222 1080 haberet
1234 1020 1345 1083 laudum
1363 1037 1457 1101 testes,
1470 1024 1499 1084 in

136 1133 140 1163 ι
152 1105 290 1191 ῥαθυμίαν,
299 1110 347 1178 τῆς
366 1106 525 1189 κατηγορίας
537 1104 665 1179 ἀκούσας,
676 1103 732 1184 ίγί·
741 1148 778 1191 m
787 1107 941 1188 superbiam
953 1107 1165 1191 lulteteturtjam
1173 1132 1238 1173 vem
1250 1112 1360 1173 laud.
1369 1115 1439 1175 clam
1451 1138 1500 1177 ex·

136 1202 218 1262 νάπδ
234 1206 282 1272 τῆς
297 1200 471 1281 κατηγορίας,
482 1199 575 1259 οὐδένα
596 1195 668 1279 σγδιν
686 1201 733 1268 τῆς
751 1206 772 1251 Δ
789 1199 890 1280 cipieos
900 1200 1021 1260 abomni
1035 1202 1211 1263 ostentatione
1225 1218 1266 1265 est
1278 1205 1418 1268 immunis.
1429 1211 1500 1269 llur·

136 1318 148 1363 ς
164 1296 309 1375 ’γνωστῶν
330 1293 487 1373 ἀνθρώπων·
506 1298 584 1352 τοῦτο
603 1290 631 1351 δὲ
655 1289 734 1350 αὐτὸν
788 1312 835 1352 sus
847 1292 871 1352 is
882 1293 931 1370 qni
940 1293 995 1353 sihi
1007 1294 1177 1355 consciusest
1188 1298 1365 1377 negligentia,
1377 1300 1473 1363 dumi
1488 1338 1501 1349 -

136 1408 172 1467 με
190 1385 348 1458 &mothel
359 1385 454 1467 γάρτὸ
467 1385 532 1465 πρὸς
541 1384 590 1458 ele
604 1387 657 1444 τῶν
670 1385 734 1444 πολ·
788 1383 984 1465 tuperationem
995 1385 1085 1462 audit,
1095 1386 1146 1447 hae
1153 1388 1349 1470 vituperatione
1357 1392 1389 1452 fit
1397 1394 1502 1470 melior,

136 1484 183 1539 ιθαι
194 1476 280 1553 δόξαν,
294 1477 344 1547 ἕως
362 1477 411 1556 μὲν
429 1478 460 1536 δν
471 1477 608 1537 λανθάνειν
621 1475 734 1555 νομίζω-
788 1496 851 1535 cum
863 1477 996 1538 neminen
1005 1499 1062 1539 aure
1071 1479 1285 1561 reprehensionis
1294 1482 1392 1545 haheat
1401 1501 1503 1567 speeta-

136 1570 387 1649 αολ,σπαιδάζομεν
397 1570 514 1650 γίνεσθαι
525 1570 734 1651 βελτίους·ίπει-
789 1568 957 1631 toremzhoc
977 1590 1113 1632 veronen
1132 1570 1302 1633 mediocriter
1324 1575 1364 1634 illi
1382 1577 1501 1657 prodeat.

136 1686 157 1725 rr
172 1664 308 1746 γενοίμεθα
327 1662 487 1738 κατάδηλοι,
509 1663 555 1723 καὶ
572 1662 622 1737 clv
640 1663 672 1722 ίκ
690 1669 735 1722 τοῦ
790 1662 861 1721 Nam
882 1682 946 1721 cum
964 1661 1041 1741 volgi
1064 1662 1259 1725 existimationi
1282 1666 1367 1728 umus
1387 1668 1504 1744 addicti,

136 1758 303 1836 διολίσωμεν-
316 1756 505 1840 παραμυθίαν,
531 1754 735 1836 ἀναισρυντότι-
790 1751 922 1833 quamdiu
933 1752 1044 1833 quidem
1054 1754 1138 1815 latere
1148 1775 1197 1815 nos
1209 1772 1354 1837 putamus,
1372 1761 1422 1840 qui
1439 1763 1504 1823 mali

136 1849 262 1933 θιρότιροι
282 1852 382 1928 μᾶλλον
395 1850 531 1932 γινόμεθα.
547 1848 602 1910 Καὶ
615 1848 736 1929 καθάπιρ
790 1867 898 1923 sumus,
911 1844 972 1907 fleri
990 1845 1116 1907 meliores
1127 1846 1436 1931 studemusepostquarn
1455 1874 1505 1913 au-

136 1942 292 2024 νμναίμινα,
306 1943 353 2005 καὶ
371 1943 430 2026 άάρι
446 1946 541 2027 ψυχρῷ
560 1947 663 2023 συχνῶς
678 1947 736 2020 θμι-
792 1951 845 1999 tr·
859 1937 986 1999 omnihus
1008 1937 1187 2017 innotuimus,
1201 1954 1228 2000 et
1246 1941 1459 2024 solatiumillud
1471 1968 1506 2006 ex

136 2032 471 2117 λετότιραγίνσνται·οότω
481 2031 736 2114 καληψυχλήμαρ-
791 2029 1506 2118 οαωίθαιίονομωόιόίωνηαοωερίείιοριιιίειοθεοεε

136 2125 236 2205 ιμιταξθ
247 2128 352 2187 πολλῶν
365 2125 507 2207 ἐλέγχηται
526 2129 567 2207 ἐρ’
581 2116 619 2193 οἷς
632 2127 736 2204 ίπλημ·
791 2122 956 2203 negligentes
978 2119 1129 2183 evadimus.
1143 2122 1180 2185 Et
1197 2125 1426 2204 quemadmodum
1444 2153 1505 2210 quae

136 2216 339 2297 ίιαισγυνταεέρα
353 2214 464 2294 γίνεται.
480 2212 528 2273 Ἵν’
544 2203 588 2273 olo
603 2211 641 2292 μὴ
660 2219 737 2275 τοῦτο
755 2223 773 2270 Β
791 2215 954 2294 deteguntur
966 2216 1070 2292 ulcera,
1081 2238 1239 2297 semperque
1247 2218 1350 2300 frigido
1359 2221 1413 2281 aeri
1423 2245 1506 2305 expo·

136 2308 281 2376 rhaedesti<
299 2314 314 2369 ό
328 2306 405 2387 λόγος
423 2312 492 2386 ὑμᾶς
504 2305 737 2388 torpescerent
792 2321 903 2386 nuntur,
915 2308 1053 2369 acerbiora
1066 2309 1154 2368 liunt:
1167 2308 1205 2369 itu
1218 2332 1324 2389 quoqne
1336 2314 1426 2373 anima
1442 2337 1504 2396 [rec-

136 2424 158 2473 r,
172 2403 209 2463 ότι
229 2406 247 2473 ἡ
272 2401 435 2461 λανθάνουσα
455 2398 522 2474 αὕτη
548 2398 649 2479 λατρεία
669 2397 736 2461 πολὺ
792 2401 1041 2478 catirea,siooram
1051 2401 1241 2477 multinohca
1253 2425 1315 2483 quae
1327 2405 1505 2486 deliquit,re·

136 2492 192 2575 ίριι,
206 2493 335 2555 ἀκούσατε
356 2492 383 2552 τί
402 2515 481 2573 φησιν
497 2498 512 2554 θ
525 2491 654 2571 Χριστός·
671 2491 737 2553 Ἐάν
792 2493 992 2576 prehendatur,
1004 2492 1187 2573 impudentior
1201 2494 1348 2557 eraditNe
1361 2498 1445 2578 igitur
1455 2499 1507 2561 lroe

136 2585 176 2654 tel
187 2591 201 2648 ό
212 2586 323 2667 ἀδελφός
338 2610 399 2660 σου,
413 2584 516 2665 ἔλεγξον
528 2584 618 2645 αὐτόν·
629 2585 677 2646 καλ
689 2589 737 2646 οὐκ
791 2585 935 2664 accideret,
946 2584 1017 2647 elatu
1028 2606 1078 2645 voa
1092 2607 1180 2647 serum
1194 2588 1311 2649 curauit.
1324 2592 1412 2669 Atque
1424 2606 1455 2651 ut
1465 2592 1506 2653 in·

136 2676 206 2749 διαοδ
214 2679 259 2739 καί
268 2685 317 2752 τῆς
325 2679 440 2753 rohone,
449 2679 508 2740 οὐδὲ
522 2678 620 2759 μεταξὺ
630 2684 678 2740 συθ
692 2679 739 2740 καλ
792 2678 921 2760 telliqatis
933 2675 1081 2739 admodum
1100 2677 1197 2739 utilem
1214 2679 1284 2739 hanc
1304 2683 1438 2743 occultam
1451 2705 1509 2744 osse

136 2771 212 2845 ἀλλὰ,
219 2771 326 2841 Μεταξὺ
336 2777 382 2833 σοῦ
393 2773 439 2833 καὶ
453 2776 532 2833 αὐτοῦ
544 2773 632 2852 μόνον.
641 2772 739 2857 Ἀμάρ·
792 2770 918 2835 medardi
932 2770 1075 2843 rationem,
1091 2770 1185 2833 audite
1196 2773 1266 2852 quid
1280 2773 1404 2836 Christus
1413 2776 1504 2838 dicat:

136 2865 267 2945 ι,ρησλν,ἡ
282 2864 446 2947 κατηγορία,
458 2862 501 2925 ίνα
514 2865 619 2934 εὔκολος
629 2866 738 2941 γίνηται
792 2868 825 2929 Si
832 2868 997 2949 peccaverit
1013 2868 1046 2925 in
1063 2878 1093 2924 te
1097 2866 1203 2947 scater
1210 2879 1289 2939 tuus,
1300 2873 1413 2949 corripe
1420 2892 1486 2931 curn
1496 2895 1505 2930 .·
1517 2895 1603 2940 κως,
1621 2895 1658 2941 ,3,

136 2954 230 3039 ίρθιασιν
247 2957 392 3035 μεταὸολή.
411 2957 492 3037 lllt'qe
513 2959 564 3041 ἄρα
589 2959 697 3040 ἀγαθὸν,
710 2960 740 3019 τὸ
792 2956 1556 3040 etuundlxit‚lnterteetcivltatem,uequeiutm·te¹⁵·

136 3044 331 3131 ilrropoloccu
342 3050 380 3127 μὴ
401 3050 635 3130 δημοσιευομένην.
654 3051 740 3135 Ἀρκεῖ
793 3067 820 3114 et
829 3048 1172 3134 populum,scd1nterte
1193 3065 1222 3113 et
1238 3055 1333 3133 ipsum
1346 3054 1451 3117 solum
1465 3057 1510 3119 Sit

136 3166 157 3215 ς,
165 3146 235 3223 deaei
248 3143 364 3224 όκριτλς
377 3146 499 3211 ίκεῖναςό
515 3143 670 3214 ἀδίκαστος.
678 3149 741 3228 Ου’νγ
794 3146 852 3207 siue
863 3140 1130 3218 tanhusrcnrsatio,
1139 3140 1239 3222 iuquit,
1247 3157 1279 3203 ut
1289 3143 1397 3206 fecilior
1406 3145 1509 3208 altmu-

136 3234 237 3318 ίπσιμᾳς
258 3239 297 3317 τῷ
320 3235 505 3319 ἡμαρτηκότι,
517 3241 553 3305 ὡς
569 3238 601 3297 τδ
626 3240 740 3309 συνειδὸς
757 3273 776 3320 0
794 3238 862 3300 tatio
881 3237 911 3297 in
932 3235 1039 3296 melius.
1058 3236 1191 3315 hlagoum
1214 3256 1278 3315 ergo
1296 3235 1399 3300 bonum
1419 3243 1508 3317 εἰμί

136 3326 245 3412 πρότερός
257 3329 358 3388 ίστινό
375 3328 521 3412 κατήγορος
540 3333 668 3407 ἐκεῖνος),
679 3331 739 3392 οὔτε
794 3352 848 3391 nou
863 3327 974 3411 publice
995 3327 1045 3387 liat
1068 3326 1226 3387 cohortatio.
1240 3328 1350 3390 Sufficit
1372 3334 1509 3394 couscien-

136 3444 161 3483 αι
176 3421 294 3491 alluerit
313 3419 572 3500 πεπλημμελημίνα.
592 3422 639 3497 Μὴ
653 3424 738 3485 τοίνυν
795 3420 956 3485 ιὶιιεοιιίίοἰθ
978 3420 1151 3500 incorruptus
1170 3419 1218 3479 illc
1234 3421 1330 3500 judex.
1350 3425 1410 3483 Non
1429 3426 1508 3486 itstu

136 3521 205 3594 ισῗιμα
220 3515 369 3594 τραύμασι,
384 3515 548 3592 δημοσιεύων
561 3515 606 3576 τὸν
617 3521 738 3598 ἡμαρτη-
795 3528 962 3599 peecatorem
986 3511 1177 3594 reprehendis,
1194 3527 1225 3574 ot
1240 3513 1326 3594 ipsius
1346 3519 1507 3579 conscientia

136 3607 292 3690 ’ίμάρπυρον
313 3613 389 3668 ποιοδ
403 3607 452 3677 τὴν
474 3608 638 3690 παραίνεσιν.
652 3612 739 3670 Τοῦτο
794 3617 805 3685 (
810 3609 912 3691 quippe
922 3604 995 3687 qood
1003 3605 1126 3686 asperior
1135 3604 1183 3664 ille
1195 3606 1232 3666 sit
1242 3622 1382 3669 accusator
1388 3616 1406 3686 l,
1421 3632 1509 3689 oeque

149 3706 223 3781 ἡμεῖς
246 3706 370 3778 ποιοῦμεν
393 3705 454 3773 νῦν,
475 3698 540 3779 ὅπερ
564 3701 610 3761 καί
632 3705 738 3771 Παῦλος
793 3703 892 3764 ἀελίοιο
910 3701 969 3780 ejus
981 3697 1133 3759 accuratius
1156 3699 1236 3761 nosti.
1252 3700 1315 3761 Noli
1331 3723 1395 3783 ergo
1408 3703 1507 3764 vulnus

136 3794 265 3879 Ιγιάρτυρον
279 3792 481 3861 κατασκευάζων
494 3800 541 3853 τοῦ
555 3793 628 3876 παρὰ
647 3798 739 3876 Κοριν-
794 3793 951 3857 vulneribus
962 3790 1072 3867 rddere,
1082 3789 1149 3850 dum
1158 3805 1294 3852 nostor·
1302 3796 1404 3875 peccati
1413 3794 1506 3856 divul-

136 3882 236 3956 τιροότος
250 3883 298 3955 tls
311 3879 482 3962 κατηγορίαν.
496 3883 550 3943 Καὶ
570 3883 649 3943 άκουε
669 3888 736 3954 πῶς.
794 3906 850 3966 gas,
858 3883 906 3943 sed
913 3881 1023 3941 semotis
1029 3880 1141 3942 arbitris
1148 3880 1359 3943 admonitionem
1368 3882 1508 3947 adhibeto.

136 4020 144 4051 ‚
157 3978 246 4059 ρησὶν,
270 3973 391 4055 ἀδελρολ,
414 3974 634 4055 μετεσχημάτισα
655 3982 739 4037 ταῦτα
796 3976 853 4035 Ηυο
865 3975 950 4056 igitur
959 3994 1145 4052 nuncquoque
1157 3994 1204 4033 uos
1216 3973 1338 4054 agimus,
1349 3975 1423 4056 quod
1431 3976 1508 4038 Pao-

136 4070 207 4133 ικαὶ
218 4067 347 4130 Ἀπολλώ.
362 4067 415 4128 Kol
429 4066 481 4144 μὴν
497 4069 557 4149 οὐχὶ
571 4069 664 4141 αὐτὸς,
680 4071 739 4130 οὐδὲ
794 4068 838 4129 lus
850 4064 991 4147 egit,dum
1005 4064 1063 4125 siue
1075 4064 1188 4125 testibus
1200 4065 1275 4146 apud
1288 4068 1443 4129 Corinthios
1450 4070 1509 4149 ejus

136 4166 209 4225 ιιινί
229 4159 368 4241 σρίσαντες
384 4159 427 4220 τὸν
449 4161 532 4238 δῆμον
552 4160 597 4221 καὶ
615 4160 664 4235 τὴν
679 4161 741 4222 Ἐκ·
759 4194 777 4239 0
794 4159 843 4241 qui
856 4171 981 4241 peccarat
994 4156 1113 4217 instituit
1127 4159 1333 4218 accusationem.
1347 4159 1420 4220 nudi
1444 4182 1509 4221 vero

136 4253 282 4333 καμόντες·
295 4254 354 4313 ἀλλ’
369 4249 441 4330 ὅμως
458 4253 613 4313 συνεσκίασε
627 4253 676 4326 τὴν
690 4277 739 4314 κα·
794 4274 849 4332 quo
872 4264 959 4333 paeto.
978 4252 1151 4331 Propterea,
1163 4251 1286 4328 fratres,
1300 4253 1510 4333 transfiguravi
1522 4278 1540 4308 ι.
1560 4261 1600 4315 ἴοι,
1628 4298 1632 4305 .
1653 4295 1659 4308 .

136 4344 298 4425 ιλκαθάπερ
317 4345 492 4426 προσωπείοις
506 4344 575 4416 τισί,
589 4352 643 4412 τοῖς
661 4346 740 4405 αὐτοῦ
795 4348 858 4407 lroec
879 4349 912 4404 in
925 4366 971 4403 me
989 4347 1085 4424 ipsum
1096 4356 1125 4402 et
1138 4342 1260 4423 Apollo.
1272 4344 1354 4423 Atqui
1372 4366 1425 4405 non
1440 4344 1507 4426 ipse,

136 4438 153 4501 h
170 4435 345 4519 όνόμααιτδις
357 4441 410 4496 τῶν
424 4434 573 4496 ὑπευθύνων
588 4437 742 4520 ἀποκρύψας
795 4459 882 4517 neque
895 4435 992 4518 Apollo
1006 4448 1091 4506 erant,
1106 4433 1155 4513 qni
1167 4433 1301 4514 populum
1320 4435 1471 4514 sciderant,
1484 4451 1511 4497 et

136 4532 198 4595 τίαν
218 4535 306 4598 αὐτοῖς
325 4528 410 4590 ίδίδου
432 4529 627 4608 μεταόαλίσθαι
643 4535 674 4591 ἐκ
694 4534 743 4602 τῆς
796 4528 945 4591 Ecclesiam
965 4527 1336 4588 diviserantzaecusationem
1358 4542 1445 4591 tamen
1459 4551 1507 4590 oc-

136 4622 226 4695 κείνης.
244 4623 299 4682 Καὶ
318 4622 414 4696 πάλιν,
429 4622 534 4694 Miluo<
555 4621 663 4681 ἐλθόντα
676 4646 711 4702 με
728 4626 742 4681 ὁ
796 4619 926 4697 cultavit,
940 4633 966 4679 et
982 4632 1121 4697 tamquam
1140 4617 1224 4679 larvis
1245 4619 1408 4699 quibusdam
1422 4643 1471 4682 suo
1484 4636 1511 4682 et

136 4716 229 4797 πείσῃ,
243 4715 290 4775 καί
311 4714 434 4786 πενθήσω
450 4714 562 4783 πολλοὺς
585 4720 637 4776 τῶν
657 4739 742 4796 προη-
797 4714 896 4797 Apollo
904 4711 1059 4775 nominibus
1069 4733 1177 4773 reorum
1184 4713 1278 4773 vultos
1285 4714 1421 4795 obtegens,
1428 4716 1511 4776 l'acol·

136 4809 209 4871 ικαὶ
224 4808 262 4886 μὴ
277 4806 495 4887 μετανοησάντων
512 4807 556 4868 ἐπὶ
573 4813 606 4886 τῇ
627 4812 744 4889 δκαθαρ·
797 4822 879 4868 tatem
890 4806 946 4866 illis
958 4803 1101 4865 tribuiter
1112 4803 1289 4883 illanequitia
1303 4807 1466 4886 emergendi.
1475 4810 1512 4868 [it

136 4901 222 4985 ιλγείρ
234 4893 253 4980 ᾖ
265 4901 390 4982 ίπραξαν.
404 4899 479 4981 Ὅρα
496 4904 553 4968 πῶς
572 4901 617 4960 καί
633 4904 745 4962 ἐνταῦθα
796 4922 891 4961 rursus
904 4922 911 4957 :
924 4899 971 4958 Ne
983 4900 1064 4978 sorte
1082 4917 1150 4957 cum
1169 4918 1289 4969 uenero,
1313 4900 1449 4959 humiliet
1465 4923 1512 4961 me
1522 4923 1545 4955 ε.
1555 4908 1610 4957 cor.
1627 4920 1664 4956 υ.

142 4996 215 5077 λόγου
228 4993 287 5065 τοὺς
300 4994 504 5074 ἡμαρτηκότας,
517 4992 560 5052 ίνα
575 4992 613 5072 μὴ
629 4994 744 5076 φανεράν
797 4995 880 5053 Deus
889 5006 918 5051 et
928 4991 1043 5072 lugeam
1053 4990 1260 5062 multosexr'r's,
1270 4995 1321 5072 qui
1330 5006 1401 5053 onte
1409 5014 1511 5075 peeca-
1523 4987 1561 5021 ²¹·

136 5082 331 5165 κατηγορίαν,
338 5081 576 5166 ἀναισχυντοτέρου
597 5083 743 5164 ἐργάσηται
797 5099 879 5161 runt,
892 5098 920 5145 et
941 5105 1001 5143 non
1014 5095 1134 5164 egerunt
1146 5087 1349 5163 penitentiam
1362 5107 1448 5168 super
1458 5091 1512 5147 im·

136 5256 241 5313 pertusi.
251 5242 354 5309 [orator
366 5240 430 5292 hanc
443 5259 530 5293 vocem
542 5240 606 5296 Cod.
618 5245 690 5310 tat]
