3764 5992
233 415 305 510 464
555 433 583 482 s.
609 427 750 481 mimus
773 425 958 478 crmrsosr.
986 424 1142 476 arentur.
1168 420 1436 474 consrnn'rntor.

231 565 282 627 tibi
294 565 353 626 itaec
365 561 455 624 omnia
467 559 538 620 mala
551 569 741 641 procurarunt,
755 555 819 616 etin
831 568 950 635 tempore
1000 553 1165 631 κεκάλλημαι
1187 561 1241 618 τοῖς
1261 549 1410 616 πλουσίοις·
1433 551 1462 608 οὔ
1488 556 1542 613 τοῖς
1564 545 1698 610 πλουσίοις
1726 543 1773 616 di,

232 653 522 734 necessitatissugiunt.
532 653 704 729 Quamquam
712 647 952 727 memuitisemper
1001 645 1070 705 ἀλλά
1089 655 1143 712 τοῖς
1163 647 1252 710 κακῶς
1270 647 1309 721 τῷ
1324 641 1431 720 πλούτῳ
1449 638 1631 719 κεχρημένοις.
1651 637 1704 697 'Ati
1722 637 1775 716 γάρ

231 761 367 822 accusant,
380 744 454 826 quod
462 743 560 803 divites
569 743 700 802 incessam
710 765 717 799 ι
729 752 756 799 at
765 739 808 799 illi
817 758 952 822 pauperes
1001 737 1083 816 λέγω,
1099 736 1141 796 ὅτι
1158 738 1188 796 od
1206 736 1252 795 τὸν
1268 733 1392 794 πλούσιον
1412 731 1557 802 annuento,
1572 731 1642 791 ἀλλὰ
1660 728 1706 788 τὸν
1726 729 1776 807 ap-

231 863 337 924 semper
350 839 496 901 incessunt.
510 836 571 915 Ego
590 854 655 894 vero
672 853 777 914 semper
790 831 893 892 inoesso
906 829 952 890 di·
1002 853 1085 908 παγα.
1098 828 1178 890 Ἄλλο
1192 826 1219 886 δὲ
1235 825 1369 898 πλούσιος,
1384 824 1429 883 καί
1450 824 1516 904 άλλο
1531 822 1634 904 ἅρπαξ·
1651 822 1718 881 ἄλλα
1732 821 1777 879 εὗ·

231 935 316 1003 vites3
328 950 393 1006 non,
416 928 539 1008 inquam,
551 925 661 998 divites,
680 922 728 984 scd
740 942 796 998 eos,
809 922 858 1003 qui
882 922 953 981 maie
1003 944 1096 1002 πορυς,
1116 920 1162 981 καί
1180 920 1245 980 άλλο
1258 917 1425 989 πλεονέκτης.
1441 915 1543 995 Διαίρει
1558 916 1592 974 τά
1612 913 1777 993 πράγματα,

230 1023 335 1085 diritiis
348 1033 474 1082 utuntur.
489 1021 603 1100 Semper
614 1015 687 1078 enim
699 1014 762 1074 dieo
774 1036 818 1076 me
831 1034 884 1074 non
897 1012 951 1074 cri·
1002 1013 1048 1073 καί
1062 1011 1100 1091 μὴ
1114 1011 1210 1093 σάγχεε
1228 1011 1263 1072 τά
1277 1011 1388 1089 άμικτα.
1404 1006 1535 1074 Πλοάσιος
1554 997 1590 1078 ε’ί;
1611 1007 1653 1066 Οὐ
1671 1004 1777 1065 κωλύω.

231 1114 328 1176 minari
336 1112 462 1187 divitem,
475 1109 523 1170 sed
536 1129 670 1191 rapacem.
682 1105 864 1179 minuatve,
875 1104 952 1166 alind
966 1115 985 1162 B
1004 1103 1107 1185 Ἅρπαξ
1119 1094 1158 1177 εί;
1171 1107 1329 1183 Κατηγορῶ.
1340 1101 1434 1182 Ἔχεις
1442 1101 1477 1159 τά
1488 1099 1536 1172 σάς
1551 1097 1689 1159 Ἀττάλαυε.
1700 1101 1780 1175 Aep-

230 1227 332 1289 rapax3
347 1202 422 1264 aliud
444 1201 601 1283 opulentus,
622 1197 700 1258 aliud
723 1219 832 1260 avarus.
845 1196 952 1259 Resdi·
1003 1198 1092 1265 άάνεις
1105 1196 1138 1272 τὰ
1157 1197 1299 1277 άλλότρυας
1320 1196 1362 1255 Οὐ
1384 1196 1460 1273 σιγῶ.
1479 1191 1574 1257 θέλεις
1597 1213 1630 1266 με
1651 1188 1777 1262 λιθάσαι,

231 1293 349 1373 stingue,
365 1311 399 1350 ne
418 1287 567 1351 confundas
587 1308 630 1364 ea,
646 1306 706 1366 quae
719 1285 885 1346 commisceri
898 1306 952 1345 non
1001 1288 1131 1368 Ἕτοιμός
1144 1293 1200 1367 είμι
1214 1287 1244 1347 sd
1257 1280 1325 1366 αἷμά
1339 1311 1388 1366 μου
1402 1284 1514 1367 ἐκχέειν,
1528 1283 1608 1361 μόνον
1620 1280 1670 1354 ris
1686 1283 1778 1360 άμαρ-

231 1396 353 1466 possunt.
371 1381 457 1445 Dives
479 1379 528 1441 es?
541 1381 602 1440 Non
624 1377 766 1460 prohibeo.
782 1380 879 1458 Rapax
901 1378 952 1437 es?
1001 1382 1118 1442 τίαναου
1132 1380 1235 1441 κωλύω.
1250 1379 1330 1458 Ἐμοί
1345 1381 1375 1437 οὐ
1391 1377 1466 1456 ράλει
1480 1384 1572 1454 μῖσος,
1591 1376 1622 1434 αὖ
1635 1372 1713 1452 μελει
1731 1396 1777 1452 μοι

231 1478 291 1538 Ηοο
315 1475 353 1536 do
377 1473 495 1534 crimini.
523 1473 548 1531 Τ
550 1492 584 1530 ua
609 1470 751 1551 possides?
775 1470 825 1532 His
849 1470 950 1530 fruare.
1001 1473 1132 1552 τάλαρος·
1146 1473 1201 1541 tot<
1215 1471 1245 1533 δί
1256 1496 1301 1551 μοι
1316 1471 1393 1550 μόνον
1408 1469 1493 1548 μέλει,
1506 1471 1554 1538 τῆς
1566 1469 1705 1547 προκοπῆς
1721 1468 1777 1524 τῶν

233 1567 327 1629 Aliena
337 1566 431 1648 rapis?
443 1568 505 1627 Non
517 1563 594 1625 sileo.
611 1564 664 1623 Vis
677 1585 720 1624 me
739 1561 883 1645 lapidare?
896 1564 952 1622 Pa·
1002 1565 1158 1627 ἀκουόντων.
1172 1565 1225 1626 Καὶ
1239 1566 1263 1624 oi
1277 1564 1399 1624 πλούσιοι
1415 1562 1467 1640 ἐμά
1478 1561 1573 1632 τέκνα,
1593 1559 1638 1619 καί
1652 1561 1677 1619 oi
1691 1560 1776 1630 πένη-

231 1671 306 1716 ratus
335 1676 397 1715 sum
420 1652 577 1734 sangninem
607 1649 785 1732 profundere,
812 1663 952 1731 peceatum
1002 1680 1045 1726 τις
1060 1657 1113 1736 ἐμὰ
1130 1657 1257 1728 ,tasas
1277 1655 1345 1729 οὖνὴ
1359 1653 1463 1734 pao-rt?
1483 1650 1648 1732 ἀμφοτέρους
1666 1652 1775 1710 ὤδινεν·

230 1755 372 1814 dumtaxat
390 1766 468 1812 tuum
482 1748 624 1832 prohibeo.
639 1750 701 1809 Non
725 1767 791 1807 curo
813 1746 887 1823 odia,
899 1752 953 1806 non
1004 1752 1031 1808 ιιί
1046 1750 1123 1810 αὗταί
1137 1750 1228 1817 ὠδῖνες
1238 1747 1401 1828 ἀμφοτέρως
1411 1746 1510 1806 ἔτεκον.
1523 1745 1571 1805 Ἂν
1582 1743 1665 1803 τοίνυν
1679 1743 1774 1802 κεκολ-

229 1844 335 1905 beNum
346 1868 354 1902 ε
365 1863 419 1904 una
431 1841 498 1901 mihi
509 1862 574 1902 cura
586 1855 626 1900 est
639 1838 794 1899 auditorum
805 1839 950 1918 proiectus.
1003 1845 1085 1916 λησαι
1103 1847 1142 1923 τῷ
1161 1840 1271 1915 πένητι,
1289 1841 1430 1920 κατηγορῶ
1445 1859 1509 1897 σου·
1523 1839 1573 1896 ὀὗ
1592 1833 1642 1915 γάρ
1658 1839 1703 1895 τοῦ
1720 1833 1772 1894 πέ-

231 1935 297 1996 Filii
311 1933 364 1995 mei
377 1946 440 1994 sunt
460 1930 573 2014 perinde
585 1930 684 1992 divites
696 1943 776 2008 atque
797 1949 927 2012 pauperes
941 1953 949 1988 ε
1004 1952 1080 2002 νητος
1091 1930 1209 2002 τοσαύτη
1223 1928 1322 2007 ζημία,
1342 1927 1392 2000 ὅση
1405 1933 1450 1987 τοῦ
1464 1927 1601 1987 πλουσίου.
1615 1925 1650 1986 ‘0
1664 1924 1711 2003 μίν
1720 1924 1772 2006 γάρ

231 2027 324 2088 ambos
347 2027 420 2087 enim
444 2022 538 2085 eadem
564 2021 709 2105 parturivit
733 2022 828 2098 alrus3
856 2020 954 2082 iisdem
1003 2020 1084 2093 πίνης
1095 2019 1169 2081 οὐδὲν
1191 2011 1260 2100 μίγα
1273 2022 1419 2079 ἀδικεῖται·
1433 2024 1470 2085 εἷς
1486 2018 1616 2099 χρήματα
1632 2016 1685 2098 γάρ
1706 2017 1776 2095 βλά-

232 2121 313 2182 ambo
325 2117 467 2204 doloribus
479 2115 546 2176 nati.
561 2116 591 2177 si
605 2115 695 2194 itaque
706 2134 851 2195 pauperem
864 2114 951 2174 inees-
968 2127 987 2176 c
1002 2137 1112 2174 πτεται·
1130 2111 1162 2172 σίν
1181 2113 1208 2173 δέ
1220 2115 1257 2180 εἰς
1266 2113 1354 2194 ψυχὴν
1368 2112 1484 2191 βλάπτῃ.
1496 2111 1530 2172 ‘0
1543 2109 1702 2191 βουλόμενος
1714 2113 1779 2168 ἀπο

231 2231 285 2287 sas,
296 2225 416 2291 teargno
427 2234 433 2267 ι
446 2227 499 2268 non
510 2219 614 2266 tantum
624 2219 665 2267 est
675 2205 804 2266 damnum
813 2205 952 2287 pauperis,
1003 2206 1164 2285 τεμνέτω,δ
1185 2205 1341 2285 βουλόμενος
1360 2205 1497 2279 λιδαζέτω,
1514 2207 1529 2262 δ
1550 2203 1709 2284 βουλόμενος
1732 2225 1779 2279 μι-

230 2317 362 2384 quantum
374 2299 482 2362 divitis.
495 2300 564 2359 Nam
584 2319 688 2378 pauper
699 2317 753 2358 non
767 2296 887 2357 muitum
905 2295 953 2356 de·
1004 2300 1099 2358 σείσω·
1118 2302 1251 2370 ὑποθῆκαι
1271 2297 1324 2378 γάρ
1342 2298 1401 2374 ἐμοὶ
1422 2296 1557 2377 στεφάνων
1577 2298 1605 2355 αἱ
1621 2294 1780 2368 ἐπιάουλαί,

231 2393 349 2457 trimenti
361 2392 483 2475 patitur;
499 2391 526 2450 in
548 2389 672 2471 pecuniis
694 2388 767 2448 enim
782 2388 908 2449 laeditur:
923 2403 954 2449 tu
1004 2392 1049 2450 καί
1064 2389 1172 2470 ἀριθμὸς
1187 2389 1317 2472 βραὸείων
1330 2388 1364 2448 τὰ
1377 2387 1528 2468 τραύματα.

228 2486 333 2548 veroin
343 2485 430 2545 anima
441 2480 695 2557 tederisQuivuit,
706 2478 802 2556 cedat,
813 2480 952 2562 lapidibus

231 2580 353 2662 impetat,
363 2576 427 2637 odia
436 2573 671 2635 habeat:materia
681 2572 783 2655 qnippe
793 2593 953 2635 coronarum

231 2669 338 2732 insidia·
358 2681 433 2745 sunt,
454 2666 627 2749 premiorum
651 2663 724 2724 idem
747 2685 887 2742 numerus,
903 2664 953 2743 qui

231 2763 387 2825 vulnerum.

271 2859 302 2916 ί·
314 2853 433 2923 insidi&
448 2852 531 2934 igliur
553 2873 607 2913 1¹⁰n
631 2852 713 2913 ῑίῐῦθθ
729 2877 736 2911 ³
752 2871 837 2913 mium
859 2851 951 2927 limet),
1044 2861 1085 2920 Oti
1105 2857 1210 2919 δέδοικα
1222 2858 1308 2919 τοίνυν
1326 2856 1485 2929 ἓπιὸουλήν·
1504 2857 1531 2917 ἓν
1553 2857 1659 2917 δέδοικα
1680 2856 1777 2934 μόνον,

232 2961 384 3030 peecatum·
399 2947 440 3006 Ne
452 2966 496 3006 me
508 2945 570 3024 quis
583 2942 808 3026 peutiargueoe
820 2945 915 3026 possit,
927 2958 955 3005 et
1004 2950 1146 3033 ἁμαρτίαν.
1169 2953 1217 3026 Mi
1240 2950 1330 3031 ρέος
1348 2948 1440 3030 ἐλέγξῃ
1468 2949 1669 3031 ἁμαρτάνοντα,
1693 2948 1779 3018 ναίὴ

233 3053 306 3101 totus
314 3037 389 3099 orbis
399 3054 442 3098 mc
452 3037 526 3098 bello
537 3039 659 3119 impetat.
669 3038 729 3098 Hoc
739 3036 841 3119 quippe
849 3037 954 3099 bellum
1004 3043 1145 3122 οἰκουμένη
1154 3052 1229 3103 πᾶσα
1241 3043 1392 3121 πολεμείτω
1402 3067 1456 3122 μοι.
1467 3041 1502 3103 Ὁ
1512 3040 1564 3124 γάρ
1577 3041 1694 3119 πόλεμος
1703 3031 1779 3105 οὗτος

233 3150 277 3191 me
295 3127 505 3212 splendidiorem
519 3128 668 3188 efficit.1ta
692 3140 719 3189 ci
741 3149 792 3188 Vos
815 3128 955 3190 instituere
1004 3134 1186 3216 λαμπρότερόν
1200 3134 1392 3216 μεέρφάζεται,
1405 3133 1486 3193 Οὕτω
1498 3134 1622 3211 καίὺμᾶς
1635 3134 1780 3192 παιδεῦσαι

234 3220 309 3282 volo.
324 3223 366 3284 Ne
379 3221 494 3282 timeatis
508 3219 620 3281 insidias
641 3220 696 3282 viri
714 3221 842 3302 potentis,
855 3220 905 3282 sed
918 3223 954 3281 ti·
1006 3225 1145 3306 βούλομαι,
1159 3224 1242 3304 ”mn
1257 3226 1389 3307 ροὸηοῆνο
1400 3225 1543 3298 emenonis
1558 3225 1696 3299 δυνάστου,
1709 3224 1779 3284 ἀλλὰ

235 3326 305 3374 mete
324 3313 382 3375 vim
394 3313 506 3395 peccati.
519 3314 610 3387 Homo
630 3326 656 3372 te
669 3332 722 3372 non
736 3311 835 3387 laedet,
849 3313 903 3375 nisi
926 3327 954 3373 tu
1006 3314 1138 3396 φοάήθητε
1148 3314 1280 3396 ἁμαρτίας
1293 3314 1415 3394 δύναμιν.
1427 3315 1576 3395 Ἄνθρωπός
1585 3338 1615 3374 σε
1624 3317 1654 3374 οὗ
1670 3314 1779 3394 βλάψει,

236 3404 361 3487 teipsum.
374 3405 405 3467 Si
420 3418 558 3486 peecatum
570 3424 624 3464 non
640 3405 752 3479 habeas,
774 3419 801 3465 et
822 3405 956 3466 innumeri
1006 3407 1051 3466 tat
1071 3405 1108 3486 μὴ
1132 3405 1164 3466 σὺ
1185 3407 1295 3467 σεαυτὸν
1322 3406 1435 3488 πλήξης.
1458 3405 1523 3467 Ἐὰν
1544 3406 1582 3481 μὴ
1606 3406 1671 3487 ίχῃς
1689 3407 1780 3484 ἁμαρ-

84 3530 161 3574 supum
179 3496 326 3589 Wadsint
340 3496 434 3580 gladii,
448 3512 473 3558 tc
493 3498 567 3559 Deus
589 3496 684 3579 eripiet
690 3520 699 3573 ;
713 3497 737 3556 si
750 3512 891 3579 peccatum
904 3498 956 3558 ha·
972 3493 1079 3572 Detur,
1096 3498 1142 3559 καί
1156 3497 1238 3580 μυρία
1251 3497 1311 3579 ξίφη
1333 3501 1425 3579 [παρῇ
1433 3501 1455 3576 ],
1478 3500 1591 3580 ἁρπάζει
1611 3523 1642 3559 σε
1662 3501 1676 3557 ὁ
1695 3500 1780 3565 ssede·

85 3602 158 3637 ‘²¹⁰³'
168 3590 312 3667 '‘iffibms,
327 3603 353 3651 et
365 3589 394 3650 in
406 3587 532 3671 paradiso
544 3589 639 3664 fueris,
654 3588 718 3649 inde
730 3588 850 3651 excides.
863 3592 896 3651 In
909 3611 957 3671 pa·
1006 3590 1053 3651 tto
1069 3590 1098 3650 di
1116 3589 1180 3672 ίχης
1199 3591 1331 3671 ἁμαρτίαν
1352 3589 1398 3649 καί
1418 3592 1445 3649 ἐν
1466 3589 1618 3673 παραδείσῳ
1640 3583 1680 3670 ᾖς,
1701 3590 1781 3651 ίκπί-

86 3673 111 3701 re
124 3665 203 3716 potest.

238 3681 329 3744 radiso
350 3696 408 3742 erat
426 3679 528 3755 Adam,
542 3695 568 3741 et
579 3680 691 3746 ceciditr
709 3681 738 3742 in
760 3681 825 3741 fimo
848 3680 957 3744 sedebat
1007 3683 1151 3754 πτεις.Ἐν
1164 3681 1317 3765 παραδείσῳ
1330 3675 1362 3756 ἦν
1375 3689 1390 3745 ὁ
1404 3682 1495 3764 Ἀδάμ,
1509 3683 1554 3744 καὶ
1567 3684 1676 3744 ἔπεσεν·
1690 3685 1719 3741 ἐν
1732 3707 1777 3742 κο-

170 3843 173 3849 .
238 3776 302 3846 iob,
314 3788 342 3834 et
354 3787 496 3834 coronatus
509 3787 558 3832 est.
575 3772 650 3848 Quid
671 3773 714 3834 illi
734 3768 836 3855 profuit
848 3773 957 3856 paradi·
1008 3775 1074 3858 πρίρ
1085 3769 1118 3851 ἦν
1130 3781 1146 3837 ὁ
1159 3775 1238 3850 Ἰάνὸ,
1254 3777 1300 3836 καί
1317 3776 1495 3858 ίστεφανώδη.
1507 3777 1544 3837 Τί
1556 3776 1694 3854 ὠφέλησεν
1709 3779 1780 3834 ἐκεῖ·

238 3887 303 3938 sus,
315 3864 460 3944 qnidhnio
472 3864 560 3925 obfuit
580 3865 740 3926 stmusillli
754 3885 832 3925 nemo
844 3865 958 3928 insidia·
1009 3892 1052 3928 νον
1072 3872 1087 3928 ὁ
1104 3867 1275 3950 παράδεισος;
1296 3868 1314 3940 ἢ
1340 3868 1368 3927 τί
1393 3868 1493 3948 έάλαβε
1515 3874 1607 3929 τοῦτον
1627 3873 1644 3940 ἡ
1666 3867 1780 3946 κοπρία,

238 3963 331 4037 batur,
339 3974 366 4021 et
375 3959 564 4040 supplantatus
574 3973 628 4030 esu
642 3958 707 4021 hnic
715 3960 841 4022 diabolus
850 3961 960 4024 insidia·
1009 3958 1121 4041 Ἐκείνιρ
1132 3959 1216 4028 οὐδείς
1224 3960 1421 4033 ίπεάαάλευσεν,
1433 3960 1479 4020 καί
1492 3960 1681 4033 ὕπεσκελίαθη·
1694 3960 1781 4038 τούτῳ

239 4053 332 4126 hatur,
355 4064 382 4112 et
399 4064 541 4112 coronatus
562 4064 611 4110 est.
627 4052 723 4112 Nonne
744 4052 883 4114 facultates
899 4057 959 4134 ejus
1009 4049 1171 4123 δδιάόσλος,
1185 4050 1231 4110 καί
1244 4050 1425 4132 ἐστεφανώθη.
1444 4053 1485 4112 Οὐ
1500 4052 1533 4111 τά
1552 4051 1681 4132 χρήματα
1699 4053 1781 4110 αὐτοῦ

240 4142 372 4205 abstulit?
385 4141 439 4205 Sed
452 4142 577 4224 pietatem
590 4160 644 4201 non
659 4142 769 4224 eripuit.
779 4145 874 4204 Nonne
886 4145 959 4206 filios
1008 4143 1115 4216 ἔλαὸινς
1131 4142 1211 4203 Ἀλλά
1226 4142 1275 4216 τὴν
1288 4143 1425 4204 εὐσέὸειαν
1440 4147 1489 4204 οὐκ
1503 4143 1639 4216 ἐσύλησεν.
1659 4147 1701 4204 Οὔ
1720 4145 1782 4212 τοὺς

240 4237 301 4318 ejus
313 4234 447 4297 sustulit?
460 4232 515 4296 Sed
534 4232 683 4292 fidemnon
706 4237 848 4296 succussit.
862 4239 959 4298 Nonne
1008 4237 1103 4303 παῖδας
1117 4236 1197 4296 αὐτοῦ
1216 4236 1349 4316 iponem
1372 4235 1453 4296 Ἀλλὰ
1471 4235 1520 4308 τὴν
1538 4236 1627 4296 πίστιν
1647 4239 1696 4296 οὐκ
1716 4240 1781 4297 iori-

241 4348 340 4410 eorpus
349 4327 410 4408 ejus
420 4323 570 4386 sauciavit?
582 4321 637 4385 Sed
650 4323 805 4385 thesaurum
818 4345 870 4388 non
883 4329 958 4388 inve·
1009 4331 1111 4387 λιυσιν.
1127 4329 1169 4388 Οὐ
1187 4326 1219 4387 τὸ
1232 4332 1310 4406 σῶμα
1324 4330 1403 4388 αὐτοῦ
1418 4326 1565 4409 διέβρηξεν;
1579 4328 1659 4389 Ἀλλά
1672 4331 1718 4390 τὸν
1732 4336 1781 4402 βη-

240 4421 292 4481 nit.
306 4420 402 4480 Nonne
420 4438 531 4477 uxorem
554 4418 613 4498 ejus
636 4415 719 4477 armis
739 4415 889 4479 instruxit?
902 4421 958 4481 Sed
1010 4419 1106 4499 σαυρδν
1124 4423 1176 4501 οὐχ
1197 4412 1282 4499 εὗρεν.
1297 4420 1338 4480 Οὔ
1355 4419 1403 4492 τὴν
1422 4427 1534 4498 γυναῖκα
1549 4423 1629 4479 αὐτοῦ
1649 4420 1781 4496 ὥπλισεν,

241 4510 357 4572 militem
375 4529 428 4569 non
441 4509 600 4590 prostravit.
614 4509 710 4569 Nonne
731 4508 784 4569 tels
798 4509 959 4591 sagittasque
1010 4511 1090 4574 Ἀλλά
1109 4513 1154 4572 τδν
1175 4510 1339 4592 στρατιώτην
1359 4514 1411 4593 οὐχ
1424 4512 1604 4572 ὑπισκίλισεν.
1621 4514 1681 4573 Οὐκ
1701 4515 1781 4574 ίάαλε

241 4603 352 4667 emisit?
364 4601 418 4665 Sed
430 4601 478 4661 ille
497 4601 610 4662 vulnera
626 4622 680 4662 non
692 4602 803 4683 aceepit.
819 4602 960 4665 Machinas
974 4617 994 4664 n
1010 4601 1074 4671 τόξα
1089 4602 1136 4662 καί
1147 4601 1229 4682 βέλη,
1244 4601 1323 4663 ’tut
1337 4605 1477 4685 τραύματα
1495 4605 1544 4663 οὐκ
1555 4603 1670 4672 ἐδέξατο.
1688 4608 1782 4684 Προσ-

242 4695 373 4770 admovit,
388 4693 436 4754 sed
454 4694 618 4754 turrimnon
637 4694 784 4772 quassavit3
798 4693 898 4756 fluetus
914 4696 958 4755 in·
1010 4695 1094 4774 ήγαγι
1122 4695 1321 4776 μηχανήματα,
1343 4694 1413 4755 ἀλλά
1441 4695 1486 4756 τὸν
1514 4696 1616 4777 πύργον
1640 4700 1689 4758 οὐκ
1709 4698 1783 4758 ἔσει-

241 4789 333 4867 duxit',
343 4784 958 4868 sednavemnoudemersit.Hancmihilegem
1011 4810 1071 4846 σεν·
1085 4786 1203 4867 ivri-supr
1217 4787 1340 4866 κύματα,
1360 4787 1428 4849 ἀλλά
1446 4790 1477 4849 τὸ
1493 4791 1584 4850 πλοῖον
1605 4793 1635 4850 οὐ
1648 4792 1782 4851 κατεπόν-

275 4979 420 5052 monum
430 4997 521 5065 negem
533 4992 753 5062 opomerunn
764 4993 807 5048 nu
818 5000 843 5050 n
854 5004 895 5052 υτ
906 5003 1000 5059 aaa...
1024 4998 1241 5068 nmmum
1253 5001 1354 5054 arctor
1364 5001 1482 5070 paginam
1500 5000 1647 5070 νιωιννυι,
1658 5007 1684 5058 n
1698 5006 1782 5063 natta

242 5083 267 5132 tt
275 5086 382 5133 τοσοῦτον
392 5085 442 5131 ὅσον
451 5083 491 5131 τοῦ
505 5082 611 5132 πλουσίαν
622 5082 650 5130 εδ
661 5078 770 5142 ἀδίκημα.
1024 5079 1087 5130 etin
1102 5079 1161 5132 tiss.
1175 5078 1239 5135 bene
1250 5082 1336 5135 multis
1345 5081 1525 5150 ,desiderantur
1538 5102 1545 5133 :
1557 5083 1602 5135 sed
1618 5084 1743 5139 habentur
1754 5091 1781 5141 in

274 5159 290 5199 ¹»
306 5157 366 5207 Hoeo
382 5152 471 5219 rerba,
481 5165 516 5223 μὴ
532 5160 645 5226 poteram
661 5160 778 5217 ίπιέαυλὴν
795 5159 913 5219 δυνάστου,
923 5168 948 5207 et
960 5172 998 5207 re·
1022 5154 1101 5228 [tegio
1111 5158 1289 5229 uodioetsss
1300 5173 1326 5215 et
1336 5163 1431 5231 optime
1441 5160 1569 5230 quadrent
1580 5163 1612 5215 od
1624 5181 1734 5218 sensum.

241 5237 353 5305 quentia,
366 5233 487 5303 usquead
504 5243 541 5289 δάν
552 5243 579 5290 αδ
591 5237 684 5293 συνειδὸς
696 5255 733 5288 σου
744 5242 844 5305 καθαρὸν
859 5242 882 5302 ᾗ,
897 5253 923 5302 p.
939 5237 997 5302 390,
