3764 5992
115 411 184 488 116
426 431 457 479 s.
484 426 625 478 scaurus
649 420 831 472 curraosr.
859 419 1017 470 incarne.
1044 419 1313 472 cousramuor.

109 561 174 622 illos
194 561 269 620 Deus
281 581 288 616 ε
299 556 323 619 si
335 554 407 617 euim
428 554 457 615 in
470 554 565 617 Judaea
584 549 752 621 resedissent,
767 546 827 606 haec
882 546 1004 627 βούλεται
1021 545 1114 616 airolae
1128 547 1174 608 καί
1185 551 1233 620 τῆς
1246 551 1299 607 τῶν
1308 547 1453 628 προφητῶν
1467 544 1594 621 ἀληθείας
1607 547 1651 608 καί

112 653 287 734 ignorassent.
300 653 362 713 lam
384 669 449 711 vero
464 647 609 729 prophetas
632 663 737 704 veraces
752 661 825 717 esse,
880 643 928 710 τῆς
939 641 1018 700 αὐτοῦ
1028 639 1162 719 δυνάμεως
1176 643 1267 707 αὐταῖς
1279 639 1355 719 ὄψεσι
1369 638 1419 712 τὴν
1432 646 1527 719 πεῖραν
1543 639 1649 699 λαθεῖν·

112 750 193 824 atque
210 744 300 825 ipsum
312 741 425 802 virtute·
433 739 535 820 pollere
553 757 664 796 suorum
688 733 828 793 oculorum
880 729 923 789 ἰνα
935 730 979 791 ἐὰν
991 731 1039 810 μὲν
1051 734 1251 812 εὐγνωμονῶσι,
1265 731 1308 791 διὰ
1317 729 1417 792 τούτων
1430 735 1650 812 χειραγωγηθῶσι

112 833 362 916 experimentovult
372 831 443 913 ipsos
452 839 678 909 cognoscerezut,
687 827 709 885 si
717 824 827 904 quidem
880 822 946 904 πρὸς
967 823 1015 896 τὴν
1034 823 1157 896 ἀλήθειαν
1171 848 1178 861 ·
1191 823 1230 885 tls
1255 823 1283 884 δὲ
1307 823 1453 902 ἐπιμένωσι
1475 827 1510 900 τῇ
1533 821 1649 902 ἀσεάείρ,

112 926 192 1007 probi
207 925 331 1006 gratique
343 923 452 996 fuerint,
462 920 497 980 ad
511 919 649 979 veritatem
659 938 708 998 per
717 917 767 975 ista
781 915 826 975 de-
843 924 862 972 B
881 912 1013 993 μηδιμίαν
1035 914 1133 995 ἔχωσιν
1154 916 1298 997 ἀπολογίαν
1311 917 1338 975 ἐν
1353 919 1386 995 τῇ
1400 915 1502 997 φοῶερᾷ
1521 917 1572 986 τῆς
1591 914 1650 993 κρί-

112 1015 247 1093 ducantur
258 1039 265 1073 ι
278 1017 319 1075 sin
339 1027 429 1073 autem
446 1012 474 1071 in
490 1010 626 1091 impietate
643 1021 825 1089 perseverent,
880 1028 946 1075 σεως
966 1007 1064 1091 ἡμέρα.
1085 1008 1139 1068 nrt
1157 1014 1233 1070 τοῦτο
1247 1007 1393 1089 διίσπειρεν
1407 1006 1501 1074 αὐτοὺς
1513 1010 1649 1086 πανταχοῦ

112 1105 218 1170 nnllam
225 1104 343 1163 habeant
356 1102 384 1161 in
398 1099 537 1160 tremenda
551 1098 595 1158 die
601 1097 701 1179 judicii
711 1118 827 1156 excusa-
879 1104 927 1172 τῆς
936 1100 1103 1179 οἰκουμένης,
1115 1101 1158 1161 ἵνα
1170 1100 1216 1161 καὶ
1230 1106 1307 1178 ἡμεῖς
1322 1103 1353 1160 ἐκ
1369 1099 1464 1161 τούτου
1481 1096 1648 1177 κερδάνυνμίν

111 1196 221 1257 tionem.
235 1199 380 1276 Propterea
394 1214 443 1274 per
456 1193 613 1251 universum
627 1191 720 1249 orbem
731 1204 828 1250 terrra·
879 1216 922 1264 τι,
944 1193 1079 1254 τουτέστιν
1100 1194 1200 1260 ἐκείνας
1223 1192 1272 1261 τάς
1290 1191 1449 1274 προρρήσεις
1473 1193 1589 1283 δρῶντες
1605 1188 1650 1257 rt<

110 1310 174 1348 nrm
192 1287 254 1347 illos
272 1286 408 1367 dispersit,
421 1297 452 1343 ut
473 1297 499 1343 et
523 1304 572 1343 nos
595 1282 736 1363 quidpiam
764 1281 828 1341 iude
879 1285 942 1367 περί
955 1290 1003 1358 τῆς
1017 1287 1162 1367 διασπορᾶς
1184 1287 1269 1344 αὐτῶν
1290 1284 1448 1367 εἰρημένας,
1461 1281 1511 1350 τάς
1526 1281 1649 1364 περὶτῆς

109 1380 181 1440 lucri
195 1379 379 1460 decerpamus,
394 1375 446 1434 boc
459 1388 508 1447 est,
521 1375 588 1435 dum
596 1374 714 1455 prolatas
723 1373 784 1433 illas
793 1373 829 1433 de
880 1377 1003 1445 ἁλώσεως
1025 1381 1078 1437 τῶν
1101 1375 1301 1460 Ἱεροσολύμων,
1325 1375 1356 1443 θς
1374 1375 1420 1435 καί
1446 1378 1461 1434 θ
1481 1373 1586 1445 Δανιὴλ
1605 1376 1651 1433 τοῦ

111 1470 223 1530 illorum
238 1467 406 1549 dispersione
427 1465 626 1546 praedietioues,
646 1464 733 1545 deque
746 1468 827 1528 Jero-
882 1466 1061 1548 βδελύγματος
1077 1470 1127 1539 τῆς
1140 1467 1299 1550 ἐρημώσεως
1312 1466 1450 1546 μνησθεὶς,
1464 1465 1511 1525 καί
1525 1470 1542 1525 ὁ
1555 1466 1649 1524 tauta

6 1585 100 1638 ·9·²t·
111 1560 280 1642 solymorum
292 1558 428 1618 eversione
444 1557 588 1632 cernimus,
600 1578 667 1635 quas
680 1571 706 1616 et
718 1556 827 1636 Daniel,
880 1560 941 1641 χίας
955 1559 1046 1634 εἰπὼν,
1059 1559 1125 1620 Ὅτι
1142 1559 1188 1618 καί
1206 1563 1233 1619 ἐν
1250 1563 1312 1636 ὑμῖν
1330 1557 1585 1638 συγκλεισθήσονται
1600 1554 1650 1615 πθὲ

112 1652 180 1712 dum
188 1649 573 1711 abominationisdesolationis
585 1649 745 1708 mentionem
754 1650 828 1727 facit,
883 1655 945 1727 λιιι,
968 1652 1013 1712 καί
1027 1654 1046 1730 sb
1059 1651 1142 1712 θαυίδ
1163 1652 1209 1711 καί
1221 1657 1236 1712 θ
1248 1648 1361 1717 Ἡσαΐας
1382 1649 1429 1710 καί
1450 1648 1539 1731 ἕτεροι
1561 1647 1650 1708 πολλοὶ

1 1761 21 1806 t.
35 1738 442 1808 r.ro.etMala'ebiasdumaitz
458 1741 534 1819 Quia
552 1752 581 1798 et
595 1743 628 1799 in
641 1745 726 1801 uobis
746 1744 830 1803 cluu-
881 1749 1016 1827 προφῆται
1027 1744 1090 1826 περὶ
1111 1743 1208 1805 τούτων
1226 1741 1459 1825 προανεφώνησαν,
1478 1741 1524 1801 ἰνα
1544 1744 1650 1823 ὁρῶντες

114 1837 341 1916 denturjanuoe,
355 1831 491 1907 etDarid,
508 1845 535 1891 et
549 1832 644 1910 isaias,
659 1835 745 1894 etalii
768 1859 830 1917 pro·
882 1836 941 1906 τοῦς
964 1835 1093 1919 replebo
1120 1835 1259 1907 θεσπίτην
1284 1833 1439 1914 ἀγνώμονας
1463 1831 1655 1910 γεγενημένους

113 1927 201 2009 phetae
213 1925 291 1985 multi
305 1923 394 1985 dehis
406 1923 600 2006 predixerunt,
612 1926 829 1990 utridenteseos
847 1939 866 1989 c
882 1929 950 1992 cirus
971 1928 1181 2007 κολαζομένους,
1205 1924 1408 1993 ἐκπεπτωκότας
1432 1926 1482 1995 τῆς
1505 1923 1652 2006 ἐλευθερίας

114 2016 162 2100 qui
180 2017 328 2077 Dominum
340 2031 380 2075 tot
403 2017 510 2097 injuriis
523 2018 675 2092 affecerant,
689 2020 727 2077 ita
748 2023 831 2082 fuisse
882 2027 930 2093 τῆς
944 2024 1075 2102 πατρικῆς
1089 2018 1136 2078 καί
1155 2020 1208 2076 τῶν
1228 2016 1331 2077 οἰκείων
1350 2014 1476 2075 ἁπάντων
1494 2019 1602 2094 θεσμῶν
1622 2038 1651 2076 τε

114 2100 233 2194 punitos,
247 2109 334 2190 patria
352 2108 476 2167 libertate
495 2107 617 2188 privatos
629 2124 656 2169 et
668 2111 725 2170 suis
738 2113 830 2172 omni·
883 2113 928 2174 καί
941 2113 1078 2192 πατρικῶν
1091 2109 1272 2192 παραδόσεων,
1293 2107 1418 2187 μάθωμεν
1435 2108 1518 2167 αὑτοῦ
1540 2106 1588 2180 τὴν
1611 2107 1649 2168 δυ’·

114 2203 167 2264 bus
180 2201 286 2281 legibus
299 2222 331 2260 ac
347 2199 465 2280 paternis
485 2199 687 2277 traditionibus,
701 2202 831 2265 virtutem
883 2229 963 2284 ναμιν
982 2202 1031 2277 τὴν
1052 2207 1229 2283 προειποῦσαν
1246 2199 1314 2260 αὐτὰ
1327 2199 1373 2259 καί
1396 2198 1593 2279 ἐργασαμένην,
1607 2199 1649 2260 καί

113 2296 173 2376 ejus
185 2296 449 2374 agnoscamus,'quae
467 2292 514 2354 illa
532 2294 662 2376 predixit
679 2306 758 2373 atque
772 2319 830 2377 per·
883 2301 907 2357 οἰ
927 2294 974 2374 μὲν
994 2293 1084 2376 ἐχθροὶ
1105 2291 1149 2352 διὰ
1161 2295 1215 2351 τῶν
1225 2289 1361 2371 ἡμετέρων
1375 2291 1482 2366 ἀγαθῶν
1496 2288 1589 2350 ἴδωσιν
1607 2290 1649 2349 αθ·

112 2386 191 2463 iecit,
203 2399 283 2465 atque
296 2384 398 2443 inimici
413 2383 523 2464 quidem
536 2407 571 2445 ex
584 2384 683 2445 nostris
695 2386 773 2446 bonis
782 2410 831 2469 po-
883 2395 930 2451 τοῦ
944 2386 994 2461 τὴν
1008 2385 1100 2467 ἰσχύν·
1114 2390 1192 2464 ἡμεῖς
1209 2381 1237 2443 δί
1251 2380 1295 2440 διὰ
1312 2386 1365 2440 τῶν
1385 2384 1421 2449 εἰς
1434 2379 1552 2450 ἐκείνως
1571 2406 1649 2461 τιμω-

113 2478 227 2538 tentiam
236 2476 313 2536 illius
322 2475 483 2558 intelligant,
493 2499 541 2538 nos
553 2480 832 2561 autemexsupplicio
886 2484 947 2563 ρυῦν
970 2478 1095 2558 μάθωμεν
1119 2479 1196 2536 αἰτοῦ
1211 2474 1259 2547 τὴν
1273 2473 1370 2554 άφατον
1391 2472 1591 2555 φιλανθρωπίαν
1607 2472 1650 2532 καί

113 2568 149 2631 de
162 2569 218 2629 illis
236 2583 327 2629 sumto
341 2569 500 2630 immensam
516 2572 575 2651 ejus
594 2571 787 2649 benignitatem
801 2596 833 2636 ac
886 2573 1005 2650 δύναμιν,
1017 2570 1063 2631 καί
1072 2568 1116 2628 διά
1126 2565 1225 2635 παντὸς
1236 2564 1382 2635 δοξάζοντες
1392 2563 1470 2623 αἰπὺν
1482 2564 1648 2643 διατελῶμεν,

112 2661 733 2743 potentiamagnoscamus,uerumquamillum
745 2665 832 2744 glori·
883 2665 955 2730 ὅπως
966 2662 1012 2722 καὶ
1025 2664 1078 2720 τῶν
1093 2658 1205 2720 αἰωνίων
1228 2657 1274 2717 καί
1295 2655 1451 2736 ἀπορρήτων
1469 2658 1578 2735 ἀγαθῶν
1598 2658 1650 2716 irrr-

114 2751 197 2812 ficare
210 2749 373 2821 desinamus,
390 2764 421 2808 ut
433 2762 459 2809 et
470 2751 631 2831 sempiterna
644 2765 724 2831 atque
741 2755 833 2814 ineffa·
883 2755 1016 2836 τίχωμκν,
1031 2752 1122 2836 χάριτι
1137 2751 1182 2811 καί
1198 2746 1379 2832 φιλανθρωπίᾳ
1389 2754 1435 2807 τοῦ
1458 2748 1558 2830 Κυρίου
1578 2752 1648 2827 ημῶν

113 2840 184 2901 bilia
196 2841 268 2900 bona
291 2861 503 2919 consequamur,
515 2841 601 2920 gratia
623 2856 649 2901 et
667 2843 834 2923 benignitate
883 2824 972 2920 Ἰησοῦ
988 2847 1120 2926 Χριστοῦ,
1134 2845 1192 2922 μεθ’
1207 2831 1286 2922 cirris
1300 2839 1456 2920 Πατρίάμα
1472 2845 1511 2920 τῷ
1528 2840 1595 2922 ἁγίῳ
1606 2841 1648 2900 καί

115 2933 227 2994 Domini
241 2931 326 2992 nostri
337 2933 400 2994 Jesn
415 2930 528 3007 Christi,
542 2955 603 2992 cum
615 2955 669 3012 quo
683 2936 757 2994 Patri
772 2937 833 3016 glo·
884 2941 1003 3020 ζωοποιῷ
1016 2937 1156 3014 Πνεύματι
1165 2931 1231 3010 τιμὴ
1245 2933 1291 2992 καί
1302 2933 1413 3013 κράτος,
1423 2939 1467 2992 νῦν
1482 2932 1530 2993 καί
1541 2933 1596 3010 ut,
1608 2931 1651 2994 ααί

114 3025 235 3099 ria,una
258 3045 320 3084 cum
344 3038 435 3083 sancto
450 3037 477 3084 et
490 3024 601 3085 vivifico
614 3026 834 3107 Spiritu,bonor
884 3032 922 3099 εἰς
930 3028 992 3097 τοὺς
1006 3032 1103 3094 αἰῶνας
1115 3030 1168 3085 τῶν
1183 3023 1293 3085 αἰώνων.
1304 3022 1395 3104 Ἀμήν.

114 3131 141 3178 et
151 3116 307 3198 imperium,
321 3130 430 3177 nuncet
444 3138 560 3200 semper,
571 3131 599 3178 et
608 3118 638 3177 in
644 3119 742 3180 sacula
749 3141 833 3181 sarcu-

114 3208 216 3269 lorum.
232 3211 326 3269 Amen.

678 3625 1091 3755 MONITUM

545 3903 613 3975 AD
648 3905 921 3983 HOMILIAM
957 3903 1012 3977 ΙΝ
1048 3901 1231 3990 ILLUD,

333 4119 494 4183 sAttaus
511 4120 670 4183 AUYEM
687 4122 839 4184 Anaua
856 4124 1032 4186 SPIRANS
1050 4124 1186 4186 MINAS
1203 4125 1260 4185 ΕΤ
1280 4122 1449 4195 CAEDEM,

496 4326 540 4376 m·
565 4328 598 4376 ΙΝ
625 4328 789 4395 nsulquas
815 4329 861 4378 DE
885 4329 1084 4380 MUTATIONE
1109 4329 1283 4379 NOMINUM·

163 4546 227 4605 Haec
235 4545 406 4606 concionatus
415 4559 453 4605 est
460 4545 670 4627 chrysostomus
678 4546 999 4628 postquartambabitam
1006 4546 1034 4605 in
1042 4545 1244 4628 inscriptionem
1256 4547 1660 4610 neurumhomtliam.1dvea

123 4639 210 4717 liquet
224 4659 258 4697 ex
272 4637 307 4697 iis
318 4657 379 4716 quae
392 4658 467 4697 num.
481 4638 660 4698 edicuntur:
674 4638 720 4698 ubi
743 4638 824 4697 etiam
845 4639 929 4718 hujus
947 4639 1083 4698 concionis
1104 4653 1294 4718 argumentum
1318 4639 1471 4700 declaratur
1483 4641 1528 4700 bis
1548 4641 1659 4701 verbis:

126 4730 231 4787 Totum
241 4733 330 4808 igitur
339 4730 469 4788 debitum
488 4733 684 4810 inscriptionis
699 4734 785 4790 uobis
801 4730 1004 4810 persolvimus,
1016 4735 1225 4811 inscriptionis,
1240 4735 1373 4812 iuquam,
1387 4731 1534 4791 Actorum
1547 4745 1662 4812 aposto·

124 4819 246 4878 licorum
260 4843 269 4875 .·
283 4832 314 4878 ut
325 4823 415 4900 igitur
424 4825 541 4881 initium
557 4823 626 4880 libri
637 4825 856 4903 attingeremus,
870 4825 941 4883 ordo
954 4826 1099 4904 exigebat,
1115 4844 1152 4883 ac
1163 4825 1342 4902 doceremus,
1353 4825 1427 4905 quid
1435 4826 1557 4884 bocsibi
1565 4825 1661 4883 veiitr

124 4909 248 4970 Primum
261 4911 370 4989 quidem
383 4935 532 4975 sermonem
545 4914 657 4974 fecimus
669 4914 703 4974 de
715 4914 851 4991 omnibus,
865 4938 882 4975 o
898 4914 1063 4997 Theophile,
1079 4936 1138 4994 quae
1155 4914 1236 4996 coepit
1248 4917 1327 4976 lesus
1342 4916 1430 4975 facere
1439 4936 1472 4975 ac
1484 4915 1592 4975 docere.
1610 4916 1664 4974 Ve-

123 5014 290 5063 rumtamen
299 5009 566 5080 nonsinitPaulus,
573 5019 606 5065 ut
614 5008 693 5065 banc
702 5009 805 5065 seriem
815 5009 927 5069 ordinis
938 5029 1045 5089 sequar
1054 5054 1062 5082 ,
1072 5009 1125 5068 sed
1140 5009 1183 5067 ad
1189 5029 1221 5068 ee
1233 5011 1521 5090 suaquerectesacta
1528 5010 1663 5090 linguatu

125 5106 256 5153 nostram
271 5098 387 5155 invitat.
398 5099 491 5178 Cupio
503 5119 629 5179 namque
642 5099 746 5158 uidere
766 5099 856 5158 iilum
869 5103 1069 5162 introductum
1080 5102 1273 5177 Damascum,
1292 5121 1353 5160 non
1361 5104 1463 5182 ferrea
1477 5113 1597 5175 catena,
1612 5100 1664 5161 sed

125 5188 286 5246 Dominioa
298 5192 522 5250 voceoinctum.
531 5188 672 5251 Hieridos
680 5204 742 5272 post
749 5190 882 5254 Homilias
889 5191 918 5252 in
929 5189 1095 5273 principium
1102 5191 1229 5252 Actorum
1239 5190 1390 5252 institutam
1400 5192 1573 5253 concionem:
1587 5189 1664 5254 vides
