3810 6000
583 510 627 560 DE
651 512 775 561 GLORlA
801 514 834 561 ΙΝ
863 512 1175 560 TnttsttuarronrnUS.
1578 522 1644 594 179

125 641 225 722 ωμίεων
237 638 508 719 κατατολμήσαντας,
532 637 578 698 καλ
599 638 731 718 ναυαγίων
756 642 874 720 συνεχῶν
928 637 1067 696 Deicausa
1081 636 1443 720 tolerandaesuntexpositae,
1454 653 1534 719 atque
1542 642 1570 700 in
1580 642 1645 723 ipsis

123 733 283 814 ἀνασχόμενοι,
295 731 365 808 μετὰ
377 737 425 790 τοῦ
438 734 543 812 θαρρεῖν
556 729 684 791 ἅπτονται
695 733 742 802 τῆς
752 729 875 802 τοιαύτης
925 729 1060 806 enutrita,
1068 730 1139 789 ferro
1150 730 1208 810 ipso
1223 730 1265 789 sel
1278 729 1419 790 adamante
1428 730 1568 791 solidiores
1576 719 1646 792 fiunt

68 896 70 901 Ι
119 823 349 903 ininguine-elam
363 822 397 894 δὴ
411 822 458 882 καλ
469 827 486 894 θ,
499 820 572 903 ψνχὴ
583 819 695 889 πολλοὺς
708 822 874 900 ὑπομείνασα
925 842 957 881 ac
972 822 1162 900 generosiores,
1173 837 1198 880 et
1211 845 1245 880 ex
1256 845 1286 881 eo
1300 823 1372 901 quod
1380 824 1488 883 assidue
1502 838 1644 900 vexentur,

117 913 270 997 τειρασμολς,
293 914 341 974 καί
362 914 481 995 μεγάλας
503 913 604 993 θλίψεις
628 911 814 993 ἀνασχομένη,
846 912 1149 1010 irminexpugnabiles
1170 914 1331 975 adversariis
1352 914 1514 994 redduntur,
1528 930 1555 975 et
1569 917 1644 976 invi-

114 1007 195 1087 μλίτη
216 1006 311 1066 λοιπὸν
325 1007 413 1066 πόνων
427 1005 474 1064 ιιαλ
487 1004 539 1073 ἕξει
552 1003 693 1086 καρτερίας
706 1004 874 1076 καθίσταται,
890 1024 910 1070 Α
927 1019 1000 1064 ctum
1010 1005 1155 1085 quemdam
1165 1007 1299 1086 patientiae
1306 1028 1337 1065 ac
1345 1007 1511 1067 fortitudinis
1520 1007 1644 1067 habitum

112 1099 315 1181 οίχθτιίρχωοα
329 1097 477 1180 ψοφοδεὴς,
498 1096 556 1157 otte
576 1096 732 1170 εὖπτθητος,
748 1096 808 1156 οὐδὲ
826 1119 873 1154 τα·
926 1098 1080 1177 acquirunt.
1095 1099 1131 1157 Et
1152 1098 1382 1177 quemadmodum
1405 1099 1435 1174 ii,
1450 1099 1497 1178 qui
1512 1121 1574 1158 cum
1590 1099 1644 1178 pri-

111 1189 245 1271 mvlwt
258 1196 316 1256 τοῖς
327 1185 525 1268 προπίοοτυυοῑ
538 1188 679 1268 λυπηροῖς,
690 1184 750 1245 ἀλλ’
762 1185 817 1246 dul
826 1189 874 1258 τῆς
925 1210 1000 1250 mum
1008 1191 1101 1250 navim
1111 1190 1301 1262 conscendunt,
1309 1203 1471 1250 nauseantet
1480 1191 1577 1271 eapitis
1583 1211 1645 1250 ver·

109 1285 221 1361 ωντρσῦς
229 1278 383 1360 γυμνασίας
399 1284 452 1339 τῶν
471 1276 687 1357 συμθαινόντων,
701 1276 747 1337 καί
760 1280 808 1348 τῆς
821 1300 874 1336 πυ·
926 1282 1010 1362 tigine
1023 1281 1155 1356 laborant,
1164 1282 1267 1341 turbati
1279 1303 1311 1340 ac
1325 1281 1434 1341 fastidio
1449 1281 1567 1363 correpti
1579 1307 1585 1339 ε
1596 1282 1644 1360 qui

108 1378 162 1446 τῆς
171 1372 286 1452 μελέτης
299 1374 355 1431 τῶν
365 1369 525 1452 γινομένων,
540 1369 607 1447 μετὰ
620 1371 721 1440 πολλῆς
731 1373 782 1441 τῆς
797 1372 874 1429 u’ote—
923 1393 987 1434 vero
994 1373 1080 1433 multa
1090 1374 1223 1452 longaque
1235 1372 1388 1433 mariasunt
1401 1373 1513 1445 emensi,
1524 1374 1570 1452 qui
1580 1373 1644 1433 mil·

108 1463 276 1532 λίιςδπαντα
288 1462 407 1545 ρίρουσα
421 1462 455 1522 τὰ
472 1463 581 1522 ἐπιόντα
600 1461 679 1520 δεινά.
691 1463 779 1522 Τοῦτο
787 1460 874 1520 τοίνυν
922 1465 973 1524 lies
988 1485 1016 1524 se
1032 1463 1295 1525 fluctibusaudacter
1305 1465 1505 1539 commiserunt,
1515 1479 1540 1523 et
1549 1466 1643 1525 crebra

107 1553 203 1636 ίωφθε
222 1555 391 1636 dawinum*
413 1556 463 1624 τῆς
486 1552 605 1635 οὖρανίου
623 1551 758 1618 πολιτείας
770 1553 874 1626 δηλῶν,
923 1573 986 1619 sunt
996 1559 1067 1639 passi
1082 1557 1239 1637 naufragia,
1253 1556 1494 1638 peregrinationem
1511 1556 1644 1636 ejusmodi

107 1647 184 1728 ίίαηιν
195 1669 204 1684 ·
216 1648 261 1707 Οθ
282 1645 363 1725 μόνον
384 1643 426 1721 ll,
448 1644 516 1704 ἅλλθ
530 1643 574 1703 καί
587 1642 751 1725 καυχώμεθα
766 1645 794 1701 ἓν
815 1650 875 1711 ταῖς
923 1648 1089 1710 confidenter
1096 1648 1356 1730 aggrediunturzsic
1364 1648 1494 1707 nimirum
1501 1663 1528 1708 et
1537 1649 1626 1707 anima
1632 1694 1643 1729 ,

71 1780 77 1795 .
108 1738 216 1819 Ques
228 1761 237 1774 ·
250 1735 295 1799 &a
307 1736 361 1817 πρὸ
379 1741 429 1809 τῆς
449 1734 584 1815 βασιλείας
605 1736 652 1795 καί
671 1739 724 1793 τῶν
747 1732 873 1814 οὐρανίων
923 1761 982 1819 (γοα
996 1741 1095 1799 multas
1107 1739 1235 1799 sustinuit
1245 1739 1414 1814 tentationes,
1423 1752 1449 1798 et
1461 1761 1571 1819 magnas
1578 1762 1644 1820 per-

109 1831 232 1912 περαίνων
245 1828 374 1910 μίγιοπον
386 1833 505 1890 teretem
518 1826 691 1909 καρποίμεθα
709 1827 753 1888 τὸν
771 1825 874 1906 μισθὸν,
924 1831 987 1891 tulit
1000 1831 1168 1905 afflictiones,
1182 1830 1322 1890 laboribus
1338 1830 1464 1912 deinceps
1485 1835 1643 1911 assuefacta,

110 1922 156 1983 tut
169 1929 216 1982 τοῦ
229 1924 350 2002 συνεχῶς
367 1920 503 1981 θλίῦεσθαι
518 1919 745 2003 ααρτερικωτίρας
765 1923 813 1992 τῆς
826 1922 876 2000 ψυ-
924 1937 951 1983 εῑ
963 1922 1016 1983 sibi
1026 1937 1180 2004 comparato
1194 1922 1290 1982 habitu
1305 1922 1450 2004 patientiae,
1464 1945 1517 1983 non
1527 1924 1646 2004 amplius

111 2017 239 2094 γῦςὴμῦν
256 2011 415 2094 γινομένης,
430 2012 477 2073 καλ
486 2016 540 2072 τῶν
550 2014 685 2099 λογισμῶν
700 2011 874 2093 ἰσχυροτέραν
924 2029 964 2074 est
977 2015 1144 2092 meticulosa,
1161 2036 1210 2073 uec
1223 2014 1372 2073 terroribus
1391 2013 1521 2090 obnoxia,
1534 2036 1583 2074 nec
1604 2015 1644 2074 in·

112 2104 381 2185 ιαπασαωαζομίνων.
394 2107 479 2166 Ταῦτ’
491 2093 536 2165 οἶν
556 2105 662 2165 ἅπαντα
683 2103 795 2180 εἰδότες,
810 2109 875 2183 ἀγα·
889 2129 908 2176 n
924 2107 1086 2188 gruentibus
1106 2107 1186 2166 malis
1206 2107 1334 2165 turbatur
1349 2130 1356 2163 ε
1372 2106 1420 2165 sed
1434 2104 1541 2166 assidua
1555 2128 1647 2166 rerum

112 2198 198 2273 τητολ,
209 2197 334 2280 φέρωμεν
350 2196 477 2275 γενναίως
490 2196 523 2256 τὰ
538 2195 739 2277 προσπίπτοντα
758 2196 876 2278 lun-apd,
925 2220 985 2278 quae
996 2195 1124 2258 accidunt
1133 2197 1336 2270 exercitatione,
1346 2220 1377 2257 ac
1390 2198 1521 2276 frequenti
1535 2219 1647 2257 casuum

113 2290 225 2350 διίτετὸ
236 2293 276 2371 τῷ
289 2293 353 2371 Θεῷ
368 2291 476 2364 δοκοῦν,
487 2289 534 2349 καί
546 2288 592 2350 iol
608 2293 647 2371 τῷ
666 2287 789 2370 ἡμετέρῳ
804 2313 875 2368 ουμ-
924 2291 1098 2351 meditatione
1112 2291 1252 2368 roborata,
1261 2312 1437 2369 quacumque
1447 2290 1591 2370 insurgunt
1604 2289 1646 2349 in-

114 2381 218 2463 ρίροιτι,
230 2381 279 2442 καλ
289 2380 330 2461 μὴ
339 2380 480 2460 ἀλιίωμεν,
492 2380 560 2461 μήτε
572 2381 765 2460 ἃναπίπτωμεν
776 2384 810 2460 τῇ
821 2386 875 2441 τῶν
925 2383 1066 2444 commoda
1083 2385 1135 2442 sert
1149 2383 1288 2442 facillime.
1305 2382 1363 2441 Hoc
1376 2383 1466 2462 itaque
1479 2382 1582 2463 peritus
1599 2381 1647 2440 ille

115 2477 257 2556 πειρασμῶν
270 2475 411 2553 ἐπαγωγῇ,
422 2472 493 2533 α’λλθι
504 2473 550 2532 καὶ
562 2473 629 2552 μετὰ
638 2472 759 2554 ἀνδρείας
771 2472 876 2546 θποίοης
925 2476 1037 2535 celestis
1060 2473 1270 2535 conversationis
1284 2474 1447 2533 architectus
1466 2472 1589 2532 indicans
1603 2472 1647 2531 di-

115 2566 251 2645 ίοτίμενοι,
260 2569 463 2648 ιθχαριστιῦμεν
482 2568 521 2646 τῷ
532 2567 595 2645 Θεῷ
607 2565 733 2637 διηνεκῶς
743 2565 810 2646 ὑπὲρ
823 2589 876 2626 πα·
926 2568 1003 2628 oebat
1015 2592 1021 2624 ε
1033 2567 1207 2628 Noosolum
1227 2579 1336 2638 autem,
1361 2568 1458 2625 sedet
1475 2566 1640 2646 gloriamur

117 2659 269 2724 αἶντῦναίς
279 2655 525 2737 ἡμόςτελωμίνων
539 2658 701 2737 εὐεργεσιῶν,
711 2654 755 2714 ἵνα
767 2655 874 2716 καὶτῶν
925 2664 957 2719 in
977 2662 1217 2720 tribulationibus
1231 2683 1240 2716 :
1256 2657 1384 2738 quoniam
1397 2672 1459 2717 ante
1474 2656 1551 2737 regni
1565 2677 1645 2717 coro·
1677 2670 1796 2715 Pamin·

117 2748 236 2828 εερίντων
245 2748 442 2828 &amusim
456 2751 576 2828 ἀγαθῶν,
590 2748 637 2807 καὶ
656 2752 709 2808 τῶν
722 2748 874 2826 μελλουσῶν
925 2774 1078 2832 uarumque
1086 2752 1232 2812 calestium
1244 2750 1414 2831 adeptionem
1423 2731 1797 2839 ιιιαιίιιιιιιιιίιίιιοἰαίγζίζγξοζγῗξ1

68 2900 70 2907 .
119 2838 265 2920 ίονίηυρεν
277 2839 713 2922 δωρεῶν,χᾶριτικαίοίκτιρμοῖε
726 2838 773 2899 καί
786 2842 875 2921 ριλαν
924 2847 1068 2928 premium
1092 2858 1270 2926 rqrortamos,
1289 2843 1419 2924 damper
1433 2842 1556 2902 assiduas
1574 2842 1647 2903 affli-
1788 2826 1795 2838 ¹

119 2932 204 3012 θμεπίρ
214 2939 260 2992 τοῦ
270 2933 369 3013 Καρίου
378 2937 457 3012 ἡμῶν
471 2932 560 3006 Ἰησοῦ
575 2935 705 3015 Χριστοῦ,
720 2931 778 3012 μεθ’
794 2923 824 2991 οθ
835 2935 874 3014 τῷ
925 2939 1026 2999 ctiones
1036 2938 1193 2997 tolerantior
1203 2938 1295 2995 anima
1304 2950 1395 2995 nostra
1405 2933 1538 3008 redditur,
1552 2948 1579 2994 et
1597 2956 1646 2994 ra-

68 3048 73 3113 γ·
120 3021 256 3101 1¹¹¹thss
271 3026 320 3085 καί
332 3027 364 3087 αθ
378 3024 490 3107 αροίτας,
501 3027 558 3104 ἅμα
569 3029 608 3106 τῷ
618 3026 685 3108 ἇγίῳ
696 3025 741 3084 καί
753 3027 873 3105 ζωοποῑῷ
925 3030 962 3089 tio
976 3030 1072 3090 fortior
1084 3030 1188 3092 evadit.
1201 3028 1265 3087 llaec
1280 3027 1365 3108 igitur
1379 3027 1470 3087 omnia
1490 3048 1553 3086 cum
1566 3027 1646 3087 nobis

68 3124 72 3195 ,ί
123 3113 253 3192 utilem,
270 3122 317 3176 νῦν
338 3118 386 3179 καί
410 3117 467 3193 ἀνί,
490 3118 535 3177 καί
557 3122 593 3187 οἷς
613 3117 674 3187 τοὺς
697 3119 794 3184 αἰῶνας
819 3118 873 3174 τῶν
924 3124 1064 3203 explorata
1073 3123 1139 3195 sint,
1147 3120 1328 3195 dilectissimi,
1337 3139 1646 3200 generosequaecumque
1689 3177 1691 3181 ,

68 3226 72 3239 “
125 3202 211 3265 ‘idw-
222 3204 316 3286 Ἀμήν.
923 3214 1051 3274 accidunt
1069 3212 1181 3272 adversa
1195 3212 1356 3287 toleremus,
1368 3210 1453 3288 quod,
1463 3231 1525 3269 cum
1539 3210 1577 3269 ita
1587 3213 1645 3278 Deo

913 3304 1013 3378 ⁴uisum
1027 3304 1115 3378 luerit,
1130 3304 1165 3363 ad
1182 3302 1327 3362 utilitatem
1339 3315 1458 3360 nostram
1470 3300 1496 3359 id
1513 3301 1571 3377 fiat,
1596 3323 1645 3360 ne-

922 3418 975 3476 que
988 3419 1062 3479 spem
1082 3397 1254 3477 abjiciamus,
1273 3416 1321 3453 nec
1342 3393 1441 3469 animis
1456 3392 1643 3471 concidamus,

921 3488 1099 3548 afflictionum
1124 3486 1298 3567 impressione
1320 3485 1456 3565 prostrati,
1471 3483 1520 3542 sed
1540 3483 1646 3544 lortiter

920 3593 1020 3640 stantes
1038 3601 1088 3660 pro
1113 3578 1219 3637 collatis
1241 3578 1269 3636 in
1291 3597 1339 3634 nos
1352 3573 1490 3634 beneficiis
1514 3588 1645 3656 perpetuo

920 3672 1022 3751 gratias
1037 3673 1094 3730 Deo
1109 3691 1232 3748 agamus,
1243 3681 1274 3726 ut
1287 3681 1312 3726 et
1323 3667 1501 3747 presentibus
1515 3667 1640 3725 fruamur

919 3767 998 3833 bonis
1012 3782 1038 3825 et
1048 3768 1137 3825 lutura
1151 3766 1221 3825 dona
1234 3786 1437 3842 consequamur,
1448 3762 1544 3842 gratia,
1556 3763 1636 3823 mise·

919 3858 1046 3933 ricordia‚
1055 3871 1080 3917 et
1093 3857 1259 3935 benignitate
1268 3855 1379 3914 Domini
1390 3856 1545 3917 nostriJesu
1558 3854 1641 3915 Clui-

920 3952 965 4028 sti,
977 3971 1040 4009 cum
1051 3972 1104 4028 quo
1118 3949 1191 4008 Patri
1204 3948 1289 4028 gloria
1298 3962 1324 4007 et
1337 3948 1494 4031 imperium,
1506 3948 1642 4026 simulque

919 4057 1010 4103 sancto
1023 4064 1054 4102 ac
1067 4041 1184 4103 vivifico
1197 4039 1326 4122 Spiritui,
1337 4054 1568 4124 nuncetsernper,
1579 4040 1642 4114 etin

922 4133 1020 4195 saeeula
1034 4135 1207 4195 saeculorum.
1220 4136 1314 4193 Amen.
