<?xml version="1.0" encoding="UTF-8"?>
<!DOCTYPE html PUBLIC "-//W3C//DTD XHTML 1.0 Transitional//EN"
    "http://www.w3.org/TR/xhtml1/DTD/xhtml1-transitional.dtd">
<html xmlns="http://www.w3.org/1999/xhtml" xml:lang="en" lang="en">
 <head>
  <title>
</title>
<meta http-equiv="Content-Type" content="text/html;charset=utf-8" />
  <meta name='ocr-system' content='tesseract 3.04.00' />
  <meta name='ocr-capabilities' content='ocr_page ocr_carea ocr_par ocr_line ocrx_word'/>
</head>
<body>
  <div class='ocr_page' id='page_1' title='image "./sanctipatrisnos03chrygoog/sanctipatrisnos03chrygoog_0904.png"; bbox 0 0 3810 6000; ppageno 0'>
   <div class='ocr_carea' id='block_1_1' title="bbox 1256 288 1283 333">
    <p class='ocr_par' dir='ltr' id='par_1_1' title="bbox 1256 288 1283 333">
     <span class='ocr_line' id='line_1_1' title="bbox 1256 288 1283 333; baseline 0 -19"><span class='ocrx_word' id='word_1_1' title='bbox 1256 288 1283 333; x_wconf 49' lang='lat' dir='ltr'>f</span> 
     </span>
    </p>
   </div>
   <div class='ocr_carea' id='block_1_2' title="bbox 279 415 1500 514">
    <p class='ocr_par' dir='ltr' id='par_1_2' title="bbox 279 415 1500 514">
     <span class='ocr_line' id='line_1_2' title="bbox 279 415 1500 514; baseline -0.015 -25"><span class='ocrx_word' id='word_1_2' title='bbox 279 415 353 514; x_wconf 79' lang='lat'>896</span> <span class='ocrx_word' id='word_1_3' title='bbox 601 434 632 481; x_wconf 85' lang='lat' dir='ltr'>s.</span> <span class='ocrx_word' id='word_1_4' title='bbox 659 432 800 482; x_wconf 76' lang='lat' dir='ltr'>nonusis</span> <span class='ocrx_word' id='word_1_5' title='bbox 826 427 1010 478; x_wconf 82' lang='lat' dir='ltr'>cnnrsosr.</span> <span class='ocrx_word' id='word_1_6' title='bbox 1037 420 1196 475; x_wconf 70' lang='lat' dir='ltr'>arentes.</span> <span class='ocrx_word' id='word_1_7' title='bbox 1224 423 1500 473; x_wconf 77' lang='lat' dir='ltr'>consenurrnor.</span> 
     </span>
    </p>
   </div>
   <div class='ocr_carea' id='block_1_3' title="bbox 252 546 1056 3584">
    <p class='ocr_par' dir='ltr' id='par_1_3' title="bbox 281 546 1008 986">
     <span class='ocr_line' id='line_1_3' title="bbox 281 546 1003 639; baseline -0.017 -18"><span class='ocrx_word' id='word_1_8' title='bbox 281 560 408 637; x_wconf 89' lang='lat' dir='ltr'>intentio,</span> <span class='ocrx_word' id='word_1_9' title='bbox 423 580 484 639; x_wconf 85' lang='lat' dir='ltr'>quae</span> <span class='ocrx_word' id='word_1_10' title='bbox 498 555 643 638; x_wconf 79' lang='lat' dir='ltr'><strong>procedens</strong></span> <span class='ocrx_word' id='word_1_11' title='bbox 659 546 785 614; x_wconf 83' lang='lat' dir='ltr'>immutat</span> <span class='ocrx_word' id='word_1_12' title='bbox 799 553 909 634; x_wconf 87' lang='lat' dir='ltr'>quidem</span> <span class='ocrx_word' id='word_1_13' title='bbox 927 551 1003 628; x_wconf 75' lang='lat' dir='ltr'>Arii,</span> 
     </span>
     <span class='ocr_line' id='line_1_4' title="bbox 284 643 1003 734; baseline -0.015 -20"><span class='ocrx_word' id='word_1_14' title='bbox 284 651 459 734; x_wconf 85' lang='lat' dir='ltr'>Apollinarii,</span> <span class='ocrx_word' id='word_1_15' title='bbox 473 648 596 724; x_wconf 88' lang='lat' dir='ltr'>Sabellii,</span> <span class='ocrx_word' id='word_1_16' title='bbox 614 662 640 707; x_wconf 86' lang='lat' dir='ltr'>et</span> <span class='ocrx_word' id='word_1_17' title='bbox 658 647 775 708; x_wconf 86' lang='lat' dir='ltr'>Manetis</span> <span class='ocrx_word' id='word_1_18' title='bbox 793 645 881 706; x_wconf 92' lang='lat' dir='ltr'>nihil:</span> <span class='ocrx_word' id='word_1_19' title='bbox 896 643 1003 726; x_wconf 87' lang='lat' dir='ltr'>passio·</span> 
     </span>
     <span class='ocr_line' id='line_1_5' title="bbox 286 734 1005 821; baseline -0.014 -17"><span class='ocrx_word' id='word_1_20' title='bbox 286 766 347 804; x_wconf 92' lang='lat' dir='ltr'>nem</span> <span class='ocrx_word' id='word_1_21' title='bbox 358 757 448 802; x_wconf 89' lang='lat' dir='ltr'>antem</span> <span class='ocrx_word' id='word_1_22' title='bbox 460 740 607 821; x_wconf 82' lang='lat' dir='ltr'>excogitari</span> <span class='ocrx_word' id='word_1_23' title='bbox 621 752 648 799; x_wconf 92' lang='lat' dir='ltr'>et</span> <span class='ocrx_word' id='word_1_24' title='bbox 659 738 760 820; x_wconf 82' lang='lat' dir='ltr'>adponi</span> <span class='ocrx_word' id='word_1_25' title='bbox 775 736 925 797; x_wconf 88' lang='lat' dir='ltr'>seeundum</span> <span class='ocrx_word' id='word_1_26' title='bbox 941 734 1005 794; x_wconf 90' lang='lat' dir='ltr'>illos</span> 
     </span>
     <span class='ocr_line' id='line_1_6' title="bbox 285 826 1008 915; baseline -0.012 -20"><span class='ocrx_word' id='word_1_27' title='bbox 285 834 427 915; x_wconf 85' lang='lat' dir='ltr'>Unigeniti</span> <span class='ocrx_word' id='word_1_28' title='bbox 436 833 600 914; x_wconf 75' lang='lat' dir='ltr'><strong>imaginatur</strong></span> <span class='ocrx_word' id='word_1_29' title='bbox 610 830 714 904; x_wconf 75' lang='lat' dir='ltr'>deitati,</span> <span class='ocrx_word' id='word_1_30' title='bbox 729 830 829 908; x_wconf 89' lang='lat' dir='ltr'>quoda</span> <span class='ocrx_word' id='word_1_31' title='bbox 843 826 1008 903; x_wconf 65' lang='lat' dir='ltr'>Christienis</span> 
     </span>
     <span class='ocr_line' id='line_1_7' title="bbox 286 927 461 986; baseline -0.011 -1"><span class='ocrx_word' id='word_1_32' title='bbox 286 927 405 985; x_wconf 87' lang='lat' dir='ltr'>alienum</span> <span class='ocrx_word' id='word_1_33' title='bbox 414 941 461 986; x_wconf 91' lang='lat' dir='ltr'>est.</span> 
     </span>
    </p>

    <p class='ocr_par' dir='ltr' id='par_1_4' title="bbox 327 1012 1004 1099">
     <span class='ocr_line' id='line_1_8' title="bbox 327 1012 1004 1099; baseline -0.01 -21"><span class='ocrx_word' id='word_1_34' title='bbox 327 1017 437 1078; x_wconf 83' lang='lat' dir='ltr'>Posside</span> <span class='ocrx_word' id='word_1_35' title='bbox 450 1019 534 1097; x_wconf 87' lang='lat' dir='ltr'>igitur</span> <span class='ocrx_word' id='word_1_36' title='bbox 547 1018 718 1099; x_wconf 90' lang='lat' dir='ltr'>temetipsum</span> <span class='ocrx_word' id='word_1_37' title='bbox 736 1017 844 1093; x_wconf 90' lang='lat' dir='ltr'>iterum,</span> <span class='ocrx_word' id='word_1_38' title='bbox 862 1012 1004 1073; x_wconf 90' lang='lat' dir='ltr'>dilectissi-</span> 
     </span>
    </p>

    <p class='ocr_par' dir='ltr' id='par_1_5' title="bbox 252 1105 1051 2741">
     <span class='ocr_line' id='line_1_9' title="bbox 252 1105 1004 1192; baseline -0.007 -21"><span class='ocrx_word' id='word_1_39' title='bbox 252 1134 256 1144; x_wconf 90' lang='lat'><strong>·</strong></span> <span class='ocrx_word' id='word_1_40' title='bbox 288 1105 1004 1192; x_wconf 86' lang='lat' dir='ltr'>me,etadprioremregredereordinem,ababontina-</span> 
     </span>
     <span class='ocr_line' id='line_1_10' title="bbox 287 1197 1044 1284; baseline -0.004 -21"><span class='ocrx_word' id='word_1_41' title='bbox 287 1205 338 1263; x_wconf 94' lang='lat' dir='ltr'>bili</span> <span class='ocrx_word' id='word_1_42' title='bbox 353 1205 402 1263; x_wconf 92' lang='lat' dir='ltr'>ista</span> <span class='ocrx_word' id='word_1_43' title='bbox 416 1201 551 1263; x_wconf 79' lang='lat' dir='ltr'>abstinens</span> <span class='ocrx_word' id='word_1_44' title='bbox 565 1201 702 1284; x_wconf 91' lang='lat' dir='ltr'>opinione,</span> <span class='ocrx_word' id='word_1_45' title='bbox 714 1222 773 1281; x_wconf 76' lang='lat' dir='ltr'>qne</span> <span class='ocrx_word' id='word_1_46' title='bbox 786 1214 826 1260; x_wconf 89' lang='lat' dir='ltr'>est</span> <span class='ocrx_word' id='word_1_47' title='bbox 840 1197 1004 1281; x_wconf 79' lang='lat' dir='ltr'>Apollinaris</span> <span class='ocrx_word' id='word_1_48' title='bbox 1023 1215 1044 1260; x_wconf 80' lang='lat' dir='ltr'>ts</span> 
     </span>
     <span class='ocr_line' id='line_1_11' title="bbox 288 1288 1006 1376; baseline -0.011 -20"><span class='ocrx_word' id='word_1_49' title='bbox 288 1311 314 1356; x_wconf 93' lang='lat' dir='ltr'>et</span> <span class='ocrx_word' id='word_1_50' title='bbox 344 1318 437 1356; x_wconf 88' lang='lat' dir='ltr'>eorum</span> <span class='ocrx_word' id='word_1_51' title='bbox 457 1296 504 1375; x_wconf 88' lang='lat' dir='ltr'>qui</span> <span class='ocrx_word' id='word_1_52' title='bbox 524 1305 538 1344; x_wconf 75' lang='lat' dir='ltr'>d</span> <span class='ocrx_word' id='word_1_53' title='bbox 560 1294 724 1376; x_wconf 68' lang='lat' dir='ltr'>synusiastas</span> <span class='ocrx_word' id='word_1_54' title='bbox 751 1291 890 1355; x_wconf 84' lang='lat' dir='ltr'>dicuntur.</span> <span class='ocrx_word' id='word_1_55' title='bbox 919 1288 1006 1373; x_wconf 83' lang='lat' dir='ltr'>Impia</span> 
     </span>
     <span class='ocr_line' id='line_1_12' title="bbox 289 1383 1007 1469; baseline -0.008 -21"><span class='ocrx_word' id='word_1_56' title='bbox 289 1389 415 1469; x_wconf 77' lang='lat' dir='ltr'>cogitatio</span> <span class='ocrx_word' id='word_1_57' title='bbox 428 1388 536 1448; x_wconf 88' lang='lat' dir='ltr'>assidue</span> <span class='ocrx_word' id='word_1_58' title='bbox 543 1387 621 1469; x_wconf 88' lang='lat' dir='ltr'>puris</span> <span class='ocrx_word' id='word_1_59' title='bbox 632 1384 748 1449; x_wconf 81' lang='lat' dir='ltr'>influens</span> <span class='ocrx_word' id='word_1_60' title='bbox 758 1406 851 1445; x_wconf 85' lang='lat' dir='ltr'>nocere</span> <span class='ocrx_word' id='word_1_61' title='bbox 862 1383 949 1460; x_wconf 83' lang='lat' dir='ltr'>novit,</span> <span class='ocrx_word' id='word_1_62' title='bbox 959 1383 1007 1462; x_wconf 83' lang='lat' dir='ltr'>qui</span> 
     </span>
     <span class='ocr_line' id='line_1_13' title="bbox 289 1475 1008 1563; baseline -0.008 -22"><span class='ocrx_word' id='word_1_63' title='bbox 289 1479 438 1542; x_wconf 87' lang='lat' dir='ltr'>seeundum</span> <span class='ocrx_word' id='word_1_64' title='bbox 448 1500 497 1540; x_wconf 92' lang='lat' dir='ltr'>nos</span> <span class='ocrx_word' id='word_1_65' title='bbox 506 1492 568 1538; x_wconf 89' lang='lat' dir='ltr'>sunt</span> <span class='ocrx_word' id='word_1_66' title='bbox 576 1475 745 1563; x_wconf 82' lang='lat' dir='ltr'>simplicitati</span> <span class='ocrx_word' id='word_1_67' title='bbox 754 1476 937 1540; x_wconf 82' lang='lat' dir='ltr'>conviventes.</span> <span class='ocrx_word' id='word_1_68' title='bbox 950 1476 1008 1535; x_wconf 94' lang='lat' dir='ltr'>Do·</span> 
     </span>
     <span class='ocr_line' id='line_1_14' title="bbox 291 1567 1006 1650; baseline -0.006 -20"><span class='ocrx_word' id='word_1_69' title='bbox 291 1570 372 1632; x_wconf 89' lang='lat' dir='ltr'>etoris</span> <span class='ocrx_word' id='word_1_70' title='bbox 392 1570 466 1630; x_wconf 87' lang='lat' dir='ltr'>eninr</span> <span class='ocrx_word' id='word_1_71' title='bbox 485 1590 578 1630; x_wconf 89' lang='lat' dir='ltr'>eorum</span> <span class='ocrx_word' id='word_1_72' title='bbox 600 1582 640 1630; x_wconf 86' lang='lat' dir='ltr'>est</span> <span class='ocrx_word' id='word_1_73' title='bbox 653 1567 735 1648; x_wconf 73' lang='lat' dir='ltr'>libe,</span> <span class='ocrx_word' id='word_1_74' title='bbox 758 1567 939 1650; x_wconf 80' lang='lat' dir='ltr'>Apollinarii:</span> <span class='ocrx_word' id='word_1_75' title='bbox 955 1567 1006 1627; x_wconf 91' lang='lat' dir='ltr'>etsi</span> 
     </span>
     <span class='ocr_line' id='line_1_15' title="bbox 289 1659 1031 1724; baseline -0.007 -3"><span class='ocrx_word' id='word_1_76' title='bbox 289 1663 364 1722; x_wconf 89' lang='lat' dir='ltr'>hunc</span> <span class='ocrx_word' id='word_1_77' title='bbox 380 1661 434 1722; x_wconf 91' lang='lat' dir='ltr'>sibi</span> <span class='ocrx_word' id='word_1_78' title='bbox 448 1675 495 1720; x_wconf 90' lang='lat' dir='ltr'>tua</span> <span class='ocrx_word' id='word_1_79' title='bbox 514 1659 663 1724; x_wconf 69' lang='lat' dir='ltr'>severatis</span> <span class='ocrx_word' id='word_1_80' title='bbox 684 1681 737 1720; x_wconf 90' lang='lat' dir='ltr'>uon</span> <span class='ocrx_word' id='word_1_81' title='bbox 753 1673 824 1721; x_wconf 86' lang='lat' dir='ltr'>reete</span> <span class='ocrx_word' id='word_1_82' title='bbox 844 1660 944 1720; x_wconf 81' lang='lat' dir='ltr'>iaciens</span> <span class='ocrx_word' id='word_1_83' title='bbox 958 1679 1009 1719; x_wconf 89' lang='lat' dir='ltr'>ne-</span> <span class='ocrx_word' id='word_1_84' title='bbox 1027 1710 1031 1716; x_wconf 80' lang='grc'><strong><em>,</em></strong></span> 
     </span>
     <span class='ocr_line' id='line_1_16' title="bbox 289 1751 1007 1834; baseline -0.001 -22"><span class='ocrx_word' id='word_1_85' title='bbox 289 1754 390 1834; x_wconf 85' lang='lat' dir='ltr'>gotiata</span> <span class='ocrx_word' id='word_1_86' title='bbox 410 1766 460 1814; x_wconf 86' lang='lat' dir='ltr'>est.</span> <span class='ocrx_word' id='word_1_87' title='bbox 476 1756 671 1817; x_wconf 78' lang='lat' dir='ltr'>Verumtamen</span> <span class='ocrx_word' id='word_1_88' title='bbox 691 1773 739 1815; x_wconf 90' lang='lat' dir='ltr'>nos</span> <span class='ocrx_word' id='word_1_89' title='bbox 753 1751 929 1825; x_wconf 26' lang='lat' dir='ltr'>‘recordantes</span> <span class='ocrx_word' id='word_1_90' title='bbox 954 1767 1007 1814; x_wconf 81' lang='lat' dir='ltr'>tuae</span> 
     </span>
     <span class='ocr_line' id='line_1_17' title="bbox 290 1842 1011 1915; baseline 0.004 -11"><span class='ocrx_word' id='word_1_91' title='bbox 290 1845 428 1915; x_wconf 86' lang='lat' dir='ltr'>nobiseum</span> <span class='ocrx_word' id='word_1_92' title='bbox 442 1842 649 1911; x_wconf 78' lang='lat' dir='ltr'>conversationis</span> <span class='ocrx_word' id='word_1_93' title='bbox 659 1867 665 1901; x_wconf 92' lang='lat'>:</span> <span class='ocrx_word' id='word_1_94' title='bbox 677 1844 819 1905; x_wconf 82' lang='lat' dir='ltr'>sentientes</span> <span class='ocrx_word' id='word_1_95' title='bbox 827 1845 1011 1907; x_wconf 80' lang='lat' dir='ltr'>entemexbis</span> 
     </span>
     <span class='ocr_line' id='line_1_18' title="bbox 292 1936 1009 2019; baseline 0.001 -22"><span class='ocrx_word' id='word_1_96' title='bbox 292 1960 351 2017; x_wconf 82' lang='lat' dir='ltr'>quae</span> <span class='ocrx_word' id='word_1_97' title='bbox 368 1937 527 2019; x_wconf 69' lang='lat' dir='ltr'>‘scripsisti</span> <span class='ocrx_word' id='word_1_98' title='bbox 546 1958 664 1998; x_wconf 86' lang='lat' dir='ltr'>errorem</span> <span class='ocrx_word' id='word_1_99' title='bbox 684 1936 828 1999; x_wconf 84' lang='lat' dir='ltr'>subsistere</span> <span class='ocrx_word' id='word_1_100' title='bbox 847 1959 911 2018; x_wconf 86' lang='lat' dir='ltr'>erga</span> <span class='ocrx_word' id='word_1_101' title='bbox 933 1951 1009 1998; x_wconf 82' lang='lat' dir='ltr'>tuam</span> 
     </span>
     <span class='ocr_line' id='line_1_19' title="bbox 290 2029 1008 2112; baseline -0.001 -21"><span class='ocrx_word' id='word_1_102' title='bbox 290 2030 474 2109; x_wconf 91' lang='lat' dir='ltr'>dilectionem,</span> <span class='ocrx_word' id='word_1_103' title='bbox 488 2051 523 2090; x_wconf 85' lang='lat' dir='ltr'>ex</span> <span class='ocrx_word' id='word_1_104' title='bbox 535 2030 646 2090; x_wconf 90' lang='lat' dir='ltr'>illorum</span> <span class='ocrx_word' id='word_1_105' title='bbox 663 2029 818 2112; x_wconf 84' lang='lat' dir='ltr'>insipientie</span> <span class='ocrx_word' id='word_1_106' title='bbox 826 2053 836 2109; x_wconf 82' lang='lat'>3</span> <span class='ocrx_word' id='word_1_107' title='bbox 849 2051 903 2090; x_wconf 90' lang='lat' dir='ltr'>uon</span> <span class='ocrx_word' id='word_1_108' title='bbox 918 2031 1008 2091; x_wconf 90' lang='lat' dir='ltr'>solum</span> 
     </span>
     <span class='ocr_line' id='line_1_20' title="bbox 292 2120 1009 2205; baseline -0.001 -21"><span class='ocrx_word' id='word_1_109' title='bbox 292 2143 356 2204; x_wconf 83' lang='lat' dir='ltr'>erga</span> <span class='ocrx_word' id='word_1_110' title='bbox 368 2122 574 2204; x_wconf 81' lang='lat' dir='ltr'>dispensationis</span> <span class='ocrx_word' id='word_1_111' title='bbox 588 2120 766 2205; x_wconf 81' lang='lat' dir='ltr'>mysterium:</span> <span class='ocrx_word' id='word_1_112' title='bbox 780 2122 867 2203; x_wconf 87' lang='lat' dir='ltr'>magis</span> <span class='ocrx_word' id='word_1_113' title='bbox 880 2137 970 2186; x_wconf 90' lang='lat' dir='ltr'>autem</span> <span class='ocrx_word' id='word_1_114' title='bbox 983 2137 1009 2184; x_wconf 91' lang='lat' dir='ltr'>et</span> 
     </span>
     <span class='ocr_line' id='line_1_21' title="bbox 293 2213 1009 2297; baseline 0 -23"><span class='ocrx_word' id='word_1_115' title='bbox 293 2235 357 2296; x_wconf 87' lang='lat' dir='ltr'>erga</span> <span class='ocrx_word' id='word_1_116' title='bbox 376 2213 518 2275; x_wconf 89' lang='lat' dir='ltr'>nominum</span> <span class='ocrx_word' id='word_1_117' title='bbox 537 2213 768 2297; x_wconf 87' lang='lat' dir='ltr'>conjunctionem,</span> <span class='ocrx_word' id='word_1_118' title='bbox 782 2213 1009 2295; x_wconf 74' lang='lat' dir='ltr'>excogitavimus,</span> 
     </span>
     <span class='ocr_line' id='line_1_22' title="bbox 292 2305 1051 2388; baseline -0.005 -18"><span class='ocrx_word' id='word_1_119' title='bbox 292 2309 411 2370; x_wconf 90' lang='lat' dir='ltr'>Domino</span> <span class='ocrx_word' id='word_1_120' title='bbox 424 2321 582 2388; x_wconf 84' lang='lat' dir='ltr'>cooperante</span> <span class='ocrx_word' id='word_1_121' title='bbox 597 2320 694 2367; x_wconf 80' lang='lat' dir='ltr'>nostrae</span> <span class='ocrx_word' id='word_1_122' title='bbox 707 2306 870 2384; x_wconf 87' lang='lat' dir='ltr'>infirmitati,</span> <span class='ocrx_word' id='word_1_123' title='bbox 880 2305 915 2366; x_wconf 93' lang='lat' dir='ltr'>de</span> <span class='ocrx_word' id='word_1_124' title='bbox 925 2307 1012 2367; x_wconf 90' lang='lat' dir='ltr'>omni·</span> <span class='ocrx_word' id='word_1_125' title='bbox 1029 2318 1051 2365; x_wconf 84' lang='lat' dir='ltr'>c</span> 
     </span>
     <span class='ocr_line' id='line_1_23' title="bbox 293 2397 1015 2474; baseline -0.006 -13"><span class='ocrx_word' id='word_1_126' title='bbox 293 2401 346 2463; x_wconf 89' lang='lat' dir='ltr'>bus</span> <span class='ocrx_word' id='word_1_127' title='bbox 356 2400 525 2461; x_wconf 83' lang='lat' dir='ltr'>manifestam</span> <span class='ocrx_word' id='word_1_128' title='bbox 535 2399 546 2438; x_wconf 70' lang='lat' dir='ltr'><strong>f</strong></span> <span class='ocrx_word' id='word_1_129' title='bbox 556 2398 770 2474; x_wconf 86' lang='lat' dir='ltr'>ostentationem,</span> <span class='ocrx_word' id='word_1_130' title='bbox 779 2398 866 2460; x_wconf 78' lang='lat' dir='ltr'>locere</span> <span class='ocrx_word' id='word_1_131' title='bbox 873 2397 909 2459; x_wconf 86' lang='lat' dir='ltr'>ad</span> <span class='ocrx_word' id='word_1_132' title='bbox 921 2397 1015 2458; x_wconf 88' lang='lat' dir='ltr'>redar-</span> 
     </span>
     <span class='ocr_line' id='line_1_24' title="bbox 295 2491 1013 2575; baseline -0.006 -21"><span class='ocrx_word' id='word_1_133' title='bbox 295 2495 433 2575; x_wconf 90' lang='lat' dir='ltr'>gutionem</span> <span class='ocrx_word' id='word_1_134' title='bbox 462 2491 573 2572; x_wconf 90' lang='lat' dir='ltr'>quidem</span> <span class='ocrx_word' id='word_1_135' title='bbox 599 2491 677 2551; x_wconf 76' lang='lat' dir='ltr'>male</span> <span class='ocrx_word' id='word_1_136' title='bbox 697 2491 832 2574; x_wconf 88' lang='lat' dir='ltr'>opinionis</span> <span class='ocrx_word' id='word_1_137' title='bbox 852 2512 946 2552; x_wconf 88' lang='lat' dir='ltr'>eornm</span> <span class='ocrx_word' id='word_1_138' title='bbox 964 2491 1013 2571; x_wconf 91' lang='lat' dir='ltr'>qni</span> 
     </span>
     <span class='ocr_line' id='line_1_25' title="bbox 294 2584 1014 2668; baseline -0.003 -22"><span class='ocrx_word' id='word_1_139' title='bbox 294 2586 452 2648; x_wconf 75' lang='lat' dir='ltr'>hereticum</span> <span class='ocrx_word' id='word_1_140' title='bbox 458 2585 509 2646; x_wconf 87' lang='lat' dir='ltr'>tibi</span> <span class='ocrx_word' id='word_1_141' title='bbox 518 2584 688 2668; x_wconf 87' lang='lat' dir='ltr'>protulerunt</span> <span class='ocrx_word' id='word_1_142' title='bbox 696 2584 811 2664; x_wconf 81' lang='lat' dir='ltr'>librnm3</span> <span class='ocrx_word' id='word_1_143' title='bbox 823 2584 1014 2647; x_wconf 86' lang='lat' dir='ltr'>correctionem</span> 
     </span>
     <span class='ocr_line' id='line_1_26' title="bbox 296 2677 655 2741; baseline -0.003 -3"><span class='ocrx_word' id='word_1_144' title='bbox 296 2694 387 2740; x_wconf 91' lang='lat' dir='ltr'>antem</span> <span class='ocrx_word' id='word_1_145' title='bbox 397 2694 450 2739; x_wconf 80' lang='lat' dir='ltr'>tnae</span> <span class='ocrx_word' id='word_1_146' title='bbox 467 2677 655 2741; x_wconf 82' lang='lat' dir='ltr'>venerationis.</span> 
     </span>
    </p>

    <p class='ocr_par' dir='ltr' id='par_1_6' title="bbox 298 2768 1056 3584">
     <span class='ocr_line' id='line_1_27' title="bbox 336 2768 1012 2850; baseline -0.003 -18"><span class='ocrx_word' id='word_1_147' title='bbox 336 2775 426 2832; x_wconf 89' lang='lat' dir='ltr'>Deum</span> <span class='ocrx_word' id='word_1_148' title='bbox 439 2791 505 2850; x_wconf 87' lang='lat' dir='ltr'>ergo</span> <span class='ocrx_word' id='word_1_149' title='bbox 516 2769 626 2850; x_wconf 66' lang='lat' dir='ltr'>errando</span> <span class='ocrx_word' id='word_1_150' title='bbox 635 2768 713 2847; x_wconf 90' lang='lat' dir='ltr'>dicis,</span> <span class='ocrx_word' id='word_1_151' title='bbox 728 2768 912 2848; x_wconf 84' lang='lat' dir='ltr'>dilectissime,</span> <span class='ocrx_word' id='word_1_152' title='bbox 927 2788 1012 2850; x_wconf 83' lang='lat' dir='ltr'>agno·</span> 
     </span>
     <span class='ocr_line' id='line_1_28' title="bbox 298 2860 1018 2944; baseline -0.003 -21"><span class='ocrx_word' id='word_1_153' title='bbox 298 2862 362 2924; x_wconf 89' lang='lat' dir='ltr'>visti</span> <span class='ocrx_word' id='word_1_154' title='bbox 374 2862 404 2923; x_wconf 94' lang='lat' dir='ltr'>id</span> <span class='ocrx_word' id='word_1_155' title='bbox 412 2861 485 2942; x_wconf 92' lang='lat' dir='ltr'>qnod</span> <span class='ocrx_word' id='word_1_156' title='bbox 498 2861 615 2944; x_wconf 83' lang='lat' dir='ltr'>simplex</span> <span class='ocrx_word' id='word_1_157' title='bbox 626 2874 666 2921; x_wconf 90' lang='lat' dir='ltr'>est</span> <span class='ocrx_word' id='word_1_158' title='bbox 678 2871 688 2909; x_wconf 75' lang='lat'><em>⁸</em></span> <span class='ocrx_word' id='word_1_159' title='bbox 700 2874 812 2934; x_wconf 74' lang='lat' dir='ltr'>nature,</span> <span class='ocrx_word' id='word_1_160' title='bbox 826 2860 899 2940; x_wconf 84' lang='lat' dir='ltr'>qnod</span> <span class='ocrx_word' id='word_1_161' title='bbox 910 2860 1018 2921; x_wconf 88' lang='lat' dir='ltr'>incom-</span> 
     </span>
     <span class='ocr_line' id='line_1_29' title="bbox 299 2949 1014 3036; baseline -0.006 -21"><span class='ocrx_word' id='word_1_162' title='bbox 299 2956 431 3036; x_wconf 90' lang='lat' dir='ltr'>positum,</span> <span class='ocrx_word' id='word_1_163' title='bbox 450 2952 525 3032; x_wconf 89' lang='lat' dir='ltr'>quod</span> <span class='ocrx_word' id='word_1_164' title='bbox 538 2949 753 3028; x_wconf 82' lang='lat' dir='ltr'>inconvertibile,</span> <span class='ocrx_word' id='word_1_165' title='bbox 766 2951 839 3030; x_wconf 91' lang='lat' dir='ltr'>quod</span> <span class='ocrx_word' id='word_1_166' title='bbox 859 2951 1014 3024; x_wconf 82' lang='lat' dir='ltr'>invisibile,</span> 
     </span>
     <span class='ocr_line' id='line_1_30' title="bbox 298 3041 1016 3125; baseline 0 -22"><span class='ocrx_word' id='word_1_167' title='bbox 298 3044 373 3125; x_wconf 89' lang='lat' dir='ltr'>quod</span> <span class='ocrx_word' id='word_1_168' title='bbox 384 3044 545 3118; x_wconf 86' lang='lat' dir='ltr'>immortale,</span> <span class='ocrx_word' id='word_1_169' title='bbox 554 3043 628 3121; x_wconf 90' lang='lat' dir='ltr'>quod</span> <span class='ocrx_word' id='word_1_170' title='bbox 637 3041 929 3124; x_wconf 89' lang='lat' dir='ltr'>incircumscriptibile,</span> <span class='ocrx_word' id='word_1_171' title='bbox 941 3043 1016 3123; x_wconf 85' lang='lat' dir='ltr'>quod</span> 
     </span>
     <span class='ocr_line' id='line_1_31' title="bbox 298 3132 1018 3217; baseline -0.003 -21"><span class='ocrx_word' id='word_1_172' title='bbox 298 3133 584 3217; x_wconf 89' lang='lat' dir='ltr'>incomprehensibile,</span> <span class='ocrx_word' id='word_1_173' title='bbox 604 3146 632 3194; x_wconf 91' lang='lat' dir='ltr'>et</span> <span class='ocrx_word' id='word_1_174' title='bbox 655 3134 714 3192; x_wconf 93' lang='lat' dir='ltr'>istis</span> <span class='ocrx_word' id='word_1_175' title='bbox 736 3133 845 3207; x_wconf 86' lang='lat' dir='ltr'>similia.</span> <span class='ocrx_word' id='word_1_176' title='bbox 872 3132 1018 3195; x_wconf 88' lang='lat' dir='ltr'>Hominem</span> 
     </span>
     <span class='ocr_line' id='line_1_32' title="bbox 299 3224 1014 3306; baseline -0.004 -17"><span class='ocrx_word' id='word_1_177' title='bbox 299 3243 389 3289; x_wconf 84' lang='lat' dir='ltr'>autem</span> <span class='ocrx_word' id='word_1_178' title='bbox 399 3226 500 3302; x_wconf 87' lang='lat' dir='ltr'>dicens,</span> <span class='ocrx_word' id='word_1_179' title='bbox 514 3224 672 3305; x_wconf 84' lang='lat' dir='ltr'>significasti</span> <span class='ocrx_word' id='word_1_180' title='bbox 681 3224 756 3306; x_wconf 88' lang='lat' dir='ltr'>quod</span> <span class='ocrx_word' id='word_1_181' title='bbox 770 3237 873 3285; x_wconf 75' lang='lat' dir='ltr'>nature</span> <span class='ocrx_word' id='word_1_182' title='bbox 887 3238 926 3285; x_wconf 92' lang='lat' dir='ltr'>est</span> <span class='ocrx_word' id='word_1_183' title='bbox 934 3224 1014 3286; x_wconf 79' lang='lat' dir='ltr'>infir·</span> 
     </span>
     <span class='ocr_line' id='line_1_33' title="bbox 301 3316 1018 3400; baseline -0.006 -19"><span class='ocrx_word' id='word_1_184' title='bbox 301 3343 388 3395; x_wconf 89' lang='lat' dir='ltr'>mum,</span> <span class='ocrx_word' id='word_1_185' title='bbox 400 3318 580 3394; x_wconf 88' lang='lat' dir='ltr'>esuritionem,</span> <span class='ocrx_word' id='word_1_186' title='bbox 592 3316 675 3394; x_wconf 90' lang='lat' dir='ltr'>sitim,</span> <span class='ocrx_word' id='word_1_187' title='bbox 690 3328 771 3399; x_wconf 88' lang='lat' dir='ltr'>super</span> <span class='ocrx_word' id='word_1_188' title='bbox 784 3317 916 3377; x_wconf 82' lang='lat' dir='ltr'>Lanarum</span> <span class='ocrx_word' id='word_1_189' title='bbox 928 3318 1018 3400; x_wconf 80' lang='lat' dir='ltr'>lacry-</span> 
     </span>
     <span class='ocr_line' id='line_1_34' title="bbox 302 3408 1056 3492; baseline 0.001 -18"><span class='ocrx_word' id='word_1_190' title='bbox 302 3436 369 3492; x_wconf 91' lang='lat' dir='ltr'>mas,</span> <span class='ocrx_word' id='word_1_191' title='bbox 382 3426 493 3487; x_wconf 89' lang='lat' dir='ltr'>metum,</span> <span class='ocrx_word' id='word_1_192' title='bbox 504 3408 611 3471; x_wconf 89' lang='lat' dir='ltr'>sudoris</span> <span class='ocrx_word' id='word_1_193' title='bbox 623 3409 788 3490; x_wconf 85' lang='lat' dir='ltr'>ejectionem,</span> <span class='ocrx_word' id='word_1_194' title='bbox 802 3423 829 3469; x_wconf 95' lang='lat' dir='ltr'>et</span> <span class='ocrx_word' id='word_1_195' title='bbox 846 3409 890 3471; x_wconf 89' lang='lat' dir='ltr'>bis</span> <span class='ocrx_word' id='word_1_196' title='bbox 906 3410 1017 3487; x_wconf 89' lang='lat' dir='ltr'>similia,</span> <span class='ocrx_word' id='word_1_197' title='bbox 1035 3428 1056 3475; x_wconf 83' lang='lat' dir='ltr'>n</span> 
     </span>
     <span class='ocr_line' id='line_1_35' title="bbox 301 3499 867 3584; baseline -0.009 -21"><span class='ocrx_word' id='word_1_198' title='bbox 301 3505 400 3584; x_wconf 92' lang='lat' dir='ltr'>quibus</span> <span class='ocrx_word' id='word_1_199' title='bbox 410 3501 439 3561; x_wconf 94' lang='lat' dir='ltr'>id</span> <span class='ocrx_word' id='word_1_200' title='bbox 453 3500 527 3581; x_wconf 88' lang='lat' dir='ltr'>qnod</span> <span class='ocrx_word' id='word_1_201' title='bbox 539 3499 666 3560; x_wconf 86' lang='lat' dir='ltr'>divinum</span> <span class='ocrx_word' id='word_1_202' title='bbox 681 3513 721 3559; x_wconf 91' lang='lat' dir='ltr'>est</span> <span class='ocrx_word' id='word_1_203' title='bbox 732 3513 808 3559; x_wconf 83' lang='lat' dir='ltr'>extra</span> <span class='ocrx_word' id='word_1_204' title='bbox 818 3514 867 3560; x_wconf 90' lang='lat' dir='ltr'>est.</span> 
     </span>
    </p>
   </div>
   <div class='ocr_carea' id='block_1_4' title="bbox 302 3591 1772 4060">
    <p class='ocr_par' dir='ltr' id='par_1_7' title="bbox 302 3591 1772 4060">
     <span class='ocr_line' id='line_1_36' title="bbox 342 3591 1772 3698; baseline 0 -42"><span class='ocrx_word' id='word_1_205' title='bbox 342 3595 357 3633; x_wconf 73' lang='lat'>¹²</span> <span class='ocrx_word' id='word_1_206' title='bbox 374 3595 515 3656; x_wconf 89' lang='lat' dir='ltr'>Christum</span> <span class='ocrx_word' id='word_1_207' title='bbox 529 3607 619 3654; x_wconf 87' lang='lat' dir='ltr'>autern</span> <span class='ocrx_word' id='word_1_208' title='bbox 637 3592 746 3673; x_wconf 88' lang='lat' dir='ltr'>quando</span> <span class='ocrx_word' id='word_1_209' title='bbox 760 3591 840 3669; x_wconf 90' lang='lat' dir='ltr'>dieis,</span> <span class='ocrx_word' id='word_1_210' title='bbox 855 3595 1019 3677; x_wconf 83' lang='lat' dir='ltr'>conjunxisti</span> <span class='ocrx_word' id='word_1_211' title='bbox 1112 3611 1227 3691; x_wconf 51' lang='grc' dir='ltr'>χριστὸν</span> <span class='ocrx_word' id='word_1_212' title='bbox 1244 3609 1271 3673; x_wconf 64' lang='grc' dir='ltr'>δὲ</span> <span class='ocrx_word' id='word_1_213' title='bbox 1282 3609 1344 3670; x_wconf 54' lang='grc' dir='ltr'>ὅταν</span> <span class='ocrx_word' id='word_1_214' title='bbox 1357 3609 1448 3691; x_wconf 55' lang='grc' dir='ltr'><strong>εἴπῃς,</strong></span> <span class='ocrx_word' id='word_1_215' title='bbox 1463 3615 1591 3695; x_wconf 59' lang='grc' dir='ltr'>συνῆψας</span> <span class='ocrx_word' id='word_1_216' title='bbox 1601 3610 1772 3698; x_wconf 45' lang='lat' dir='ltr'>&amp;gap-3,</span> 
     </span>
     <span class='ocr_line' id='line_1_37' title="bbox 302 3685 1772 3784; baseline 0.012 -35"><span class='ocrx_word' id='word_1_217' title='bbox 302 3702 466 3766; x_wconf 88' lang='lat' dir='ltr'>utrumqne:</span> <span class='ocrx_word' id='word_1_218' title='bbox 483 3685 594 3746; x_wconf 86' lang='lat' dir='ltr'>undeet</span> <span class='ocrx_word' id='word_1_219' title='bbox 614 3685 749 3766; x_wconf 87' lang='lat' dir='ltr'>passibilis</span> <span class='ocrx_word' id='word_1_220' title='bbox 764 3685 870 3745; x_wconf 90' lang='lat' dir='ltr'>dicatur</span> <span class='ocrx_word' id='word_1_221' title='bbox 881 3685 953 3746; x_wconf 87' lang='lat' dir='ltr'>idem</span> <span class='ocrx_word' id='word_1_222' title='bbox 963 3687 1021 3769; x_wconf 89' lang='lat' dir='ltr'>ipse</span> <span class='ocrx_word' id='word_1_223' title='bbox 1072 3704 1300 3784; x_wconf 63' lang='grc' dir='ltr'>παθητὸςλέγοιτο</span> <span class='ocrx_word' id='word_1_224' title='bbox 1313 3703 1344 3762; x_wconf 74' lang='grc' dir='ltr'>ἂν</span> <span class='ocrx_word' id='word_1_225' title='bbox 1354 3707 1368 3762; x_wconf 79' lang='grc' dir='ltr'>ὁ</span> <span class='ocrx_word' id='word_1_226' title='bbox 1380 3703 1458 3770; x_wconf 81' lang='grc' dir='ltr'><strong><em>αὐτὸς</em></strong></span> <span class='ocrx_word' id='word_1_227' title='bbox 1477 3705 1526 3764; x_wconf 74' lang='grc' dir='ltr'>καὶ</span> <span class='ocrx_word' id='word_1_228' title='bbox 1543 3710 1665 3780; x_wconf 65' lang='grc' dir='ltr'><strong><em>ἀπαθής·</em></strong></span> <span class='ocrx_word' id='word_1_229' title='bbox 1678 3705 1772 3778; x_wconf 68' lang='grc' dir='ltr'>παθητὸς</span> 
     </span>
     <span class='ocr_line' id='line_1_38' title="bbox 303 3776 1772 3876; baseline 0 -38"><span class='ocrx_word' id='word_1_230' title='bbox 303 3795 329 3838; x_wconf 93' lang='lat' dir='ltr'>ct</span> <span class='ocrx_word' id='word_1_231' title='bbox 339 3777 515 3859; x_wconf 89' lang='lat' dir='ltr'>impassibilis</span> <span class='ocrx_word' id='word_1_232' title='bbox 528 3801 534 3833; x_wconf 93' lang='lat'>:</span> <span class='ocrx_word' id='word_1_233' title='bbox 549 3776 684 3856; x_wconf 84' lang='lat' dir='ltr'>passibilis</span> <span class='ocrx_word' id='word_1_234' title='bbox 694 3777 806 3855; x_wconf 81' lang='lat' dir='ltr'>quidem</span> <span class='ocrx_word' id='word_1_235' title='bbox 814 3799 893 3837; x_wconf 87' lang='lat' dir='ltr'>carne</span> <span class='ocrx_word' id='word_1_236' title='bbox 900 3778 1021 3861; x_wconf 87' lang='lat' dir='ltr'>;impas-</span> <span class='ocrx_word' id='word_1_237' title='bbox 1072 3795 1169 3876; x_wconf 62' lang='grc' dir='ltr'>σαρκὶ,</span> <span class='ocrx_word' id='word_1_238' title='bbox 1189 3795 1293 3868; x_wconf 61' lang='grc' dir='ltr'>ἀπαθὴς</span> <span class='ocrx_word' id='word_1_239' title='bbox 1318 3794 1351 3855; x_wconf 65' lang='grc' dir='ltr'>δὲ,</span> <span class='ocrx_word' id='word_1_240' title='bbox 1367 3795 1484 3868; x_wconf 51' lang='lat' dir='ltr'>&amp;pm</span> <span class='ocrx_word' id='word_1_241' title='bbox 1500 3800 1603 3858; x_wconf 54' lang='grc' dir='ltr'><strong><em>Ταῦτα</em></strong></span> <span class='ocrx_word' id='word_1_242' title='bbox 1626 3800 1655 3860; x_wconf 65' lang='grc' dir='ltr'>δὲ</span> <span class='ocrx_word' id='word_1_243' title='bbox 1676 3800 1718 3859; x_wconf 63' lang='lat' dir='ltr'>„p</span> <span class='ocrx_word' id='word_1_244' title='bbox 1737 3795 1772 3857; x_wconf 53' lang='grc' dir='ltr'>ἐς,</span> 
     </span>
     <span class='ocr_line' id='line_1_39' title="bbox 304 3868 1772 3972; baseline 0.013 -43"><span class='ocrx_word' id='word_1_245' title='bbox 304 3871 393 3929; x_wconf 88' lang='lat' dir='ltr'>sibilis</span> <span class='ocrx_word' id='word_1_246' title='bbox 411 3883 501 3928; x_wconf 86' lang='lat' dir='ltr'>autem</span> <span class='ocrx_word' id='word_1_247' title='bbox 518 3868 624 3926; x_wconf 86' lang='lat' dir='ltr'>deitate.</span> <span class='ocrx_word' id='word_1_248' title='bbox 646 3868 748 3928; x_wconf 89' lang='lat' dir='ltr'>Eadem</span> <span class='ocrx_word' id='word_1_249' title='bbox 762 3870 820 3950; x_wconf 87' lang='lat' dir='ltr'>ipsa</span> <span class='ocrx_word' id='word_1_250' title='bbox 834 3882 861 3929; x_wconf 94' lang='lat' dir='ltr'>et</span> <span class='ocrx_word' id='word_1_251' title='bbox 874 3869 909 3929; x_wconf 91' lang='lat' dir='ltr'>de</span> <span class='ocrx_word' id='word_1_252' title='bbox 926 3871 1018 3951; x_wconf 89' lang='lat' dir='ltr'>Filio,</span> <span class='ocrx_word' id='word_1_253' title='bbox 1072 3890 1138 3948; x_wconf 68' lang='grc' dir='ltr'>Υῐοῦ</span> <span class='ocrx_word' id='word_1_254' title='bbox 1150 3887 1196 3946; x_wconf 73' lang='grc' dir='ltr'>χαὶ</span> <span class='ocrx_word' id='word_1_255' title='bbox 1209 3886 1298 3960; x_wconf 76' lang='grc' dir='ltr'><strong><em>Ἰησοῦ</em></strong></span> <span class='ocrx_word' id='word_1_256' title='bbox 1310 3885 1355 3945; x_wconf 82' lang='grc' dir='ltr'>καὶ</span> <span class='ocrx_word' id='word_1_257' title='bbox 1375 3887 1474 3967; x_wconf 83' lang='lat' dir='ltr'>Kopion</span> <span class='ocrx_word' id='word_1_258' title='bbox 1490 3902 1700 3972; x_wconf 76' lang='grc' dir='ltr'><strong>κατηγορεῖται·</strong></span> <span class='ocrx_word' id='word_1_259' title='bbox 1714 3886 1772 3950; x_wconf 73' lang='lat' dir='ltr'>noel</span> 
     </span>
     <span class='ocr_line' id='line_1_40' title="bbox 304 3960 1763 4060; baseline 0.001 -39"><span class='ocrx_word' id='word_1_260' title='bbox 304 3976 330 4021; x_wconf 90' lang='lat' dir='ltr'>et</span> <span class='ocrx_word' id='word_1_261' title='bbox 343 3960 377 4021; x_wconf 89' lang='lat' dir='ltr'>dc</span> <span class='ocrx_word' id='word_1_262' title='bbox 388 3961 505 4034; x_wconf 91' lang='lat' dir='ltr'>Christo,</span> <span class='ocrx_word' id='word_1_263' title='bbox 518 3974 545 4018; x_wconf 90' lang='lat' dir='ltr'>et</span> <span class='ocrx_word' id='word_1_264' title='bbox 557 3963 631 4035; x_wconf 89' lang='lat' dir='ltr'>Jesu,</span> <span class='ocrx_word' id='word_1_265' title='bbox 646 3973 672 4020; x_wconf 86' lang='lat' dir='ltr'>et</span> <span class='ocrx_word' id='word_1_266' title='bbox 685 3960 802 4021; x_wconf 90' lang='lat' dir='ltr'>Domino</span> <span class='ocrx_word' id='word_1_267' title='bbox 815 3961 1017 4042; x_wconf 79' lang='lat' dir='ltr'>predicantur:</span> <span class='ocrx_word' id='word_1_268' title='bbox 1073 3986 1171 4054; x_wconf 59' lang='grc' dir='ltr'>ταῦτα,</span> <span class='ocrx_word' id='word_1_269' title='bbox 1181 3978 1227 4037; x_wconf 63' lang='grc' dir='ltr'>καὶ</span> <span class='ocrx_word' id='word_1_270' title='bbox 1236 3977 1354 4038; x_wconf 51' lang='grc' dir='ltr'>δεικτικὴ</span> <span class='ocrx_word' id='word_1_271' title='bbox 1362 3980 1415 4036; x_wconf 62' lang='grc' dir='ltr'>τῶν</span> <span class='ocrx_word' id='word_1_272' title='bbox 1428 3978 1587 4040; x_wconf 47' lang='lat' dir='ltr'>ppos&amp;</span> <span class='ocrx_word' id='word_1_273' title='bbox 1596 3982 1633 4044; x_wconf 63' lang='lat' dir='ltr'>,g</span> <span class='ocrx_word' id='word_1_274' title='bbox 1644 3984 1763 4060; x_wconf 54' lang='lat' dir='ltr'>popm,</span> 
     </span>
    </p>
   </div>
   <div class='ocr_carea' id='block_1_5' title="bbox 304 4050 1068 4504">
    <p class='ocr_par' dir='ltr' id='par_1_8' title="bbox 304 4050 1068 4504">
     <span class='ocr_line' id='line_1_41' title="bbox 305 4050 1022 4132; baseline 0.004 -20"><span class='ocrx_word' id='word_1_275' title='bbox 305 4052 456 4114; x_wconf 90' lang='lat' dir='ltr'>communia</span> <span class='ocrx_word' id='word_1_276' title='bbox 467 4050 537 4111; x_wconf 91' lang='lat' dir='ltr'>enim</span> <span class='ocrx_word' id='word_1_277' title='bbox 548 4065 574 4111; x_wconf 92' lang='lat' dir='ltr'>et</span> <span class='ocrx_word' id='word_1_278' title='bbox 582 4051 764 4132; x_wconf 87' lang='lat' dir='ltr'>susceptibilia</span> <span class='ocrx_word' id='word_1_279' title='bbox 772 4052 889 4113; x_wconf 91' lang='lat' dir='ltr'>duarum</span> <span class='ocrx_word' id='word_1_280' title='bbox 897 4055 1022 4115; x_wconf 85' lang='lat' dir='ltr'>essentia·</span> 
     </span>
     <span class='ocr_line' id='line_1_42' title="bbox 304 4144 1022 4225; baseline 0.006 -22"><span class='ocrx_word' id='word_1_281' title='bbox 304 4166 366 4203; x_wconf 91' lang='lat' dir='ltr'>rum</span> <span class='ocrx_word' id='word_1_282' title='bbox 378 4144 488 4203; x_wconf 90' lang='lat' dir='ltr'>nomina</span> <span class='ocrx_word' id='word_1_283' title='bbox 497 4156 567 4218; x_wconf 87' lang='lat' dir='ltr'>sunt,</span> <span class='ocrx_word' id='word_1_284' title='bbox 577 4164 693 4221; x_wconf 81' lang='lat' dir='ltr'>quarum</span> <span class='ocrx_word' id='word_1_285' title='bbox 704 4144 855 4225; x_wconf 87' lang='lat' dir='ltr'>conjunctio</span> <span class='ocrx_word' id='word_1_286' title='bbox 869 4145 896 4204; x_wconf 92' lang='lat' dir='ltr'>in</span> <span class='ocrx_word' id='word_1_287' title='bbox 910 4144 1022 4207; x_wconf 81' lang='lat' dir='ltr'>baereti·</span> 
     </span>
     <span class='ocr_line' id='line_1_43' title="bbox 306 4235 1068 4341; baseline 0.003 -45"><span class='ocrx_word' id='word_1_288' title='bbox 306 4237 343 4296; x_wconf 88' lang='lat' dir='ltr'>cis</span> <span class='ocrx_word' id='word_1_289' title='bbox 359 4236 469 4315; x_wconf 89' lang='lat' dir='ltr'>quidem</span> <span class='ocrx_word' id='word_1_290' title='bbox 487 4256 602 4294; x_wconf 86' lang='lat' dir='ltr'>errorem</span> <span class='ocrx_word' id='word_1_291' title='bbox 615 4235 679 4294; x_wconf 81' lang='lat' dir='ltr'>iacit</span> <span class='ocrx_word' id='word_1_292' title='bbox 692 4236 803 4316; x_wconf 91' lang='lat' dir='ltr'>proprio</span> <span class='ocrx_word' id='word_1_293' title='bbox 820 4258 870 4317; x_wconf 90' lang='lat' dir='ltr'>pro</span> <span class='ocrx_word' id='word_1_294' title='bbox 884 4239 1021 4298; x_wconf 91' lang='lat' dir='ltr'>communi</span> <span class='ocrx_word' id='word_1_295' title='bbox 1030 4299 1068 4341; x_wconf 59' lang='lat' dir='ltr'><em>m</em></span> 
     </span>
     <span class='ocr_line' id='line_1_44' title="bbox 304 4327 1059 4400; baseline 0.005 -13"><span class='ocrx_word' id='word_1_296' title='bbox 304 4327 1021 4391; x_wconf 59' lang='lat' dir='ltr'>utentesnominechristitttnosautemcommunihus</span> <span class='ocrx_word' id='word_1_297' title='bbox 1039 4356 1059 4400; x_wconf 76' lang='lat' dir='ltr'>A</span> 
     </span>
     <span class='ocr_line' id='line_1_45' title="bbox 304 4419 1022 4504; baseline 0.007 -26"><span class='ocrx_word' id='word_1_298' title='bbox 304 4421 362 4480; x_wconf 93' lang='lat' dir='ltr'>istis</span> <span class='ocrx_word' id='word_1_299' title='bbox 377 4421 543 4498; x_wconf 90' lang='lat' dir='ltr'>nominibus,</span> <span class='ocrx_word' id='word_1_300' title='bbox 560 4419 667 4498; x_wconf 89' lang='lat' dir='ltr'>qnando</span> <span class='ocrx_word' id='word_1_301' title='bbox 680 4420 885 4504; x_wconf 89' lang='lat' dir='ltr'>dispensationis</span> <span class='ocrx_word' id='word_1_302' title='bbox 896 4420 1022 4483; x_wconf 86' lang='lat' dir='ltr'>confiten-</span> 
     </span>
    </p>
   </div>
   <div class='ocr_carea' id='block_1_6' title="bbox 304 4581 1772 4968">
    <p class='ocr_par' dir='ltr' id='par_1_9' title="bbox 304 4581 1772 4968">
     <span class='ocr_line' id='line_1_46' title="bbox 338 4581 1769 4658; baseline 0.002 -24"><span class='ocrx_word' id='word_1_303' title='bbox 338 4581 1060 4650; x_wconf 63' lang='lat' dir='ltr'>dSynnsinstoe,transnatasset,vocabanturApollintsristtn.</span> <span class='ocrx_word' id='word_1_304' title='bbox 1086 4587 1133 4636; x_wconf 84' lang='lat' dir='ltr'>Ms.</span> <span class='ocrx_word' id='word_1_305' title='bbox 1147 4586 1264 4636; x_wconf 66' lang='lat' dir='ltr'>adsiduae</span> <span class='ocrx_word' id='word_1_306' title='bbox 1273 4587 1345 4655; x_wconf 85' lang='lat' dir='ltr'>puris</span> <span class='ocrx_word' id='word_1_307' title='bbox 1357 4587 1480 4654; x_wconf 80' lang='lat' dir='ltr'>influens.</span> <span class='ocrx_word' id='word_1_308' title='bbox 1496 4589 1616 4658; x_wconf 76' lang='lat' dir='ltr'>bigotius</span> <span class='ocrx_word' id='word_1_309' title='bbox 1634 4593 1670 4642; x_wconf 89' lang='lat' dir='ltr'>sic</span> <span class='ocrx_word' id='word_1_310' title='bbox 1687 4589 1769 4657; x_wconf 87' lang='lat' dir='ltr'>posuit,</span> 
     </span>
     <span class='ocr_line' id='line_1_47' title="bbox 304 4659 1772 4738; baseline 0.007 -31"><span class='ocrx_word' id='word_1_311' title='bbox 304 4661 380 4727; x_wconf 85' lang='lat' dir='ltr'>Cujus</span> <span class='ocrx_word' id='word_1_312' title='bbox 393 4659 426 4709; x_wconf 87' lang='lat' dir='ltr'>rei</span> <span class='ocrx_word' id='word_1_313' title='bbox 445 4677 546 4709; x_wconf 89' lang='lat' dir='ltr'>causum</span> <span class='ocrx_word' id='word_1_314' title='bbox 565 4663 646 4725; x_wconf 79' lang='lat' dir='ltr'>sperit</span> <span class='ocrx_word' id='word_1_315' title='bbox 660 4661 794 4729; x_wconf 82' lang='lat' dir='ltr'>Gregorius</span> <span class='ocrx_word' id='word_1_316' title='bbox 805 4664 978 4714; x_wconf 79' lang='lat' dir='ltr'>Nazianzenus</span> <span class='ocrx_word' id='word_1_317' title='bbox 988 4664 1060 4717; x_wconf 87' lang='lat' dir='ltr'>Oret.</span> <span class='ocrx_word' id='word_1_318' title='bbox 1086 4665 1235 4732; x_wconf 77' lang='lat' dir='ltr'>duaepuris</span> <span class='ocrx_word' id='word_1_319' title='bbox 1245 4665 1532 4734; x_wconf 65' lang='lat' dir='ltr'>influensjinrduinns,</span> <span class='ocrx_word' id='word_1_320' title='bbox 1546 4666 1772 4738; x_wconf 65' lang='lat' dir='ltr'>assiduepnn&#39;sirrfi</span> 
     </span>
     <span class='ocr_line' id='line_1_48' title="bbox 305 4741 1772 4815; baseline 0.004 -27"><span class='ocrx_word' id='word_1_321' title='bbox 305 4741 348 4799; x_wconf 78' lang='lat'>46,</span> <span class='ocrx_word' id='word_1_322' title='bbox 361 4756 386 4803; x_wconf 91' lang='lat' dir='ltr'>p.</span> <span class='ocrx_word' id='word_1_323' title='bbox 399 4741 448 4790; x_wconf 81' lang='lat'>722</span> <span class='ocrx_word' id='word_1_324' title='bbox 464 4757 469 4785; x_wconf 76' lang='grc' dir='ltr'><em>ι</em></span> <span class='ocrx_word' id='word_1_325' title='bbox 488 4743 657 4792; x_wconf 71' lang='grc' dir='ltr'><strong><em>Διαὸεὸαιοῡται</em></strong></span> <span class='ocrx_word' id='word_1_326' title='bbox 675 4749 728 4810; x_wconf 78' lang='grc' dir='ltr'>πρὶν</span> <span class='ocrx_word' id='word_1_327' title='bbox 744 4747 784 4792; x_wconf 78' lang='grc' dir='ltr'>τοῦ</span> <span class='ocrx_word' id='word_1_328' title='bbox 803 4747 919 4794; x_wconf 70' lang='lat' dir='ltr'>nereidas</span> <span class='ocrx_word' id='word_1_329' title='bbox 935 4746 1002 4793; x_wconf 80' lang='grc' dir='ltr'><strong><em>αὐτὸν</em></strong></span> <span class='ocrx_word' id='word_1_330' title='bbox 1018 4749 1062 4795; x_wconf 76' lang='grc' dir='ltr'>υἱὸν</span> <span class='ocrx_word' id='word_1_331' title='bbox 1087 4743 1144 4792; x_wconf 78' lang='lat' dir='ltr'>bion</span> <span class='ocrx_word' id='word_1_332' title='bbox 1160 4744 1270 4812; x_wconf 82' lang='lat' dir='ltr'>bigotius</span> <span class='ocrx_word' id='word_1_333' title='bbox 1286 4756 1311 4794; x_wconf 87' lang='lat' dir='ltr'>et</span> <span class='ocrx_word' id='word_1_334' title='bbox 1322 4743 1485 4810; x_wconf 87' lang='lat' dir='ltr'>Hnrdninus,</span> <span class='ocrx_word' id='word_1_335' title='bbox 1498 4746 1664 4815; x_wconf 73' lang='lat' dir='ltr'>Apollinari</span> <span class='ocrx_word' id='word_1_336' title='bbox 1672 4741 1772 4809; x_wconf 58' lang='lat' dir='ltr'>ditoni</span> 
     </span>
     <span class='ocr_line' id='line_1_49' title="bbox 304 4818 1772 4890; baseline 0.003 -20"><span class='ocrx_word' id='word_1_337' title='bbox 304 4824 423 4887; x_wconf 63' lang='lat' dir='ltr'>&amp;soporatio</span> <span class='ocrx_word' id='word_1_338' title='bbox 436 4822 503 4881; x_wconf 73' lang='grc' dir='ltr'><strong><em>εἶναι,</em></strong></span> <span class='ocrx_word' id='word_1_339' title='bbox 517 4823 554 4869; x_wconf 74' lang='grc' dir='ltr'>καὶ</span> <span class='ocrx_word' id='word_1_340' title='bbox 567 4823 685 4871; x_wconf 73' lang='grc' dir='ltr'><strong><em>κατελθεῖν</em></strong></span> <span class='ocrx_word' id='word_1_341' title='bbox 696 4823 752 4873; x_wconf 69' lang='grc' dir='ltr'><strong><em>ἰδίαν</em></strong></span> <span class='ocrx_word' id='word_1_342' title='bbox 769 4826 908 4885; x_wconf 63' lang='grc' dir='ltr'><strong><em>ἐπαγόμενον</em></strong></span> <span class='ocrx_word' id='word_1_343' title='bbox 919 4827 993 4890; x_wconf 72' lang='grc' dir='ltr'><strong><em>σάρκα</em></strong></span> <span class='ocrx_word' id='word_1_344' title='bbox 1005 4826 1061 4872; x_wconf 71' lang='lat' dir='ltr'>issi·</span> <span class='ocrx_word' id='word_1_345' title='bbox 1088 4839 1135 4871; x_wconf 75' lang='lat' dir='ltr'>uox</span> <span class='ocrx_word' id='word_1_346' title='bbox 1146 4821 1204 4873; x_wconf 69' lang='lat' dir='ltr'>dico</span> <span class='ocrx_word' id='word_1_347' title='bbox 1213 4839 1264 4872; x_wconf 90' lang='lat' dir='ltr'>non</span> <span class='ocrx_word' id='word_1_348' title='bbox 1274 4834 1311 4871; x_wconf 88' lang='lat' dir='ltr'>est</span> <span class='ocrx_word' id='word_1_349' title='bbox 1323 4824 1348 4872; x_wconf 91' lang='lat' dir='ltr'>in</span> <span class='ocrx_word' id='word_1_350' title='bbox 1359 4824 1407 4873; x_wconf 78' lang='lat' dir='ltr'>Ms.</span> <span class='ocrx_word' id='word_1_351' title='bbox 1417 4839 1465 4873; x_wconf 84' lang='lat' dir='ltr'>nee</span> <span class='ocrx_word' id='word_1_352' title='bbox 1477 4841 1587 4890; x_wconf 83' lang='lat' dir='ltr'>prorsus</span> <span class='ocrx_word' id='word_1_353' title='bbox 1599 4827 1732 4877; x_wconf 71' lang='lat' dir='ltr'>necessaria</span> <span class='ocrx_word' id='word_1_354' title='bbox 1740 4818 1772 4875; x_wconf 61' lang='grc' dir='ltr'><strong><em>ἅ</em></strong></span> 
     </span>
     <span class='ocr_line' id='line_1_50' title="bbox 305 4900 1407 4968; baseline 0.005 -21"><span class='ocrx_word' id='word_1_355' title='bbox 305 4922 351 4958; x_wconf 74' lang='grc' dir='ltr'><strong><em>νην,</em></strong></span> <span class='ocrx_word' id='word_1_356' title='bbox 365 4905 391 4956; x_wconf 76' lang='grc' dir='ltr'>ἢν</span> <span class='ocrx_word' id='word_1_357' title='bbox 404 4905 427 4948; x_wconf 79' lang='lat' dir='ltr'>lu</span> <span class='ocrx_word' id='word_1_358' title='bbox 438 4908 482 4956; x_wconf 78' lang='grc' dir='ltr'><strong><em>τοῖς</em></strong></span> <span class='ocrx_word' id='word_1_359' title='bbox 496 4902 594 4965; x_wconf 67' lang='grc' dir='ltr'>οὐρανοῖς</span> <span class='ocrx_word' id='word_1_360' title='bbox 606 4904 662 4963; x_wconf 79' lang='grc' dir='ltr'><strong><em>ἔχων</em></strong></span> <span class='ocrx_word' id='word_1_361' title='bbox 674 4902 795 4964; x_wconf 66' lang='grc' dir='ltr'><strong><em>ἐτύγχανε,</em></strong></span> <span class='ocrx_word' id='word_1_362' title='bbox 808 4908 942 4968; x_wconf 63' lang='lat' dir='ltr'>repententes</span> <span class='ocrx_word' id='word_1_363' title='bbox 952 4921 1011 4962; x_wconf 81' lang='grc' dir='ltr'><strong><em>τινα,</em></strong></span> <span class='ocrx_word' id='word_1_364' title='bbox 1024 4906 1062 4952; x_wconf 76' lang='grc' dir='ltr'>καὶ</span> <span class='ocrx_word' id='word_1_365' title='bbox 1122 4910 1132 4932; x_wconf 80' lang='lat'><strong>⁰</strong></span> <span class='ocrx_word' id='word_1_366' title='bbox 1149 4903 1180 4951; x_wconf 90' lang='lat' dir='ltr'>In</span> <span class='ocrx_word' id='word_1_367' title='bbox 1190 4903 1238 4950; x_wconf 84' lang='lat' dir='ltr'>Ms.</span> <span class='ocrx_word' id='word_1_368' title='bbox 1254 4900 1407 4968; x_wconf 71' lang='lat' dir='ltr'>scripsistis.</span> 
     </span>
    </p>
   </div>
   <div class='ocr_carea' id='block_1_7' title="bbox 207 4973 1640 5044">
    <p class='ocr_par' dir='ltr' id='par_1_10' title="bbox 207 4973 1640 5044">
     <span class='ocr_line' id='line_1_51' title="bbox 207 4973 1640 5044; baseline 0.007 -20"><span class='ocrx_word' id='word_1_369' title='bbox 207 4992 210 5000; x_wconf 69' lang='grc'><em>’</em></span> <span class='ocrx_word' id='word_1_370' title='bbox 303 4987 536 5026; x_wconf 71' lang='lat' dir='ltr'>&gt;r·a&#39;ot·ttttstENttn</span> <span class='ocrx_word' id='word_1_371' title='bbox 552 4973 948 5044; x_wconf 75' lang='lat' dir='ltr'>:Affinnabateumantequam</span> <span class='ocrx_word' id='word_1_372' title='bbox 959 4975 1061 5027; x_wconf 83' lang='lat' dir='ltr'>descen·</span> <span class='ocrx_word' id='word_1_373' title='bbox 1118 4981 1129 5018; x_wconf 87' lang='lat' dir='ltr'>t·</span> <span class='ocrx_word' id='word_1_374' title='bbox 1149 4978 1362 5040; x_wconf 76' lang='lat' dir='ltr'>ostentationem,</span> <span class='ocrx_word' id='word_1_375' title='bbox 1376 4978 1443 5030; x_wconf 82' lang='lat' dir='ltr'>sorte</span> <span class='ocrx_word' id='word_1_376' title='bbox 1454 4984 1640 5034; x_wconf 81' lang='lat' dir='ltr'>ostensionem.</span> 
     </span>
    </p>
   </div>
   <div class='ocr_carea' id='block_1_8' title="bbox 303 5050 1659 5124">
    <p class='ocr_par' dir='ltr' id='par_1_11' title="bbox 303 5050 1659 5124">
     <span class='ocr_line' id='line_1_52' title="bbox 303 5050 1659 5124; baseline 0.01 -26"><span class='ocrx_word' id='word_1_377' title='bbox 303 5051 390 5113; x_wconf 67' lang='lat' dir='ltr'>disset,</span> <span class='ocrx_word' id='word_1_378' title='bbox 402 5052 493 5120; x_wconf 76' lang='lat' dir='ltr'>filium</span> <span class='ocrx_word' id='word_1_379' title='bbox 509 5050 616 5100; x_wconf 77' lang='lat' dir='ltr'>bominis</span> <span class='ocrx_word' id='word_1_380' title='bbox 626 5052 727 5119; x_wconf 68' lang='lat' dir='ltr'>finisse,</span> <span class='ocrx_word' id='word_1_381' title='bbox 742 5065 766 5103; x_wconf 89' lang='lat' dir='ltr'>et</span> <span class='ocrx_word' id='word_1_382' title='bbox 783 5055 942 5105; x_wconf 82' lang='lat' dir='ltr'>descendisse</span> <span class='ocrx_word' id='word_1_383' title='bbox 959 5071 1060 5106; x_wconf 83' lang='lat' dir='ltr'>carnem</span> <span class='ocrx_word' id='word_1_384' title='bbox 1117 5071 1128 5108; x_wconf 88' lang='lat' dir='ltr'>s</span> <span class='ocrx_word' id='word_1_385' title='bbox 1147 5056 1275 5108; x_wconf 73' lang='lat' dir='ltr'>Natum:</span> <span class='ocrx_word' id='word_1_386' title='bbox 1291 5055 1424 5124; x_wconf 84' lang='lat' dir='ltr'>legendnm</span> <span class='ocrx_word' id='word_1_387' title='bbox 1435 5055 1541 5110; x_wconf 84' lang='lat' dir='ltr'>videtur</span> <span class='ocrx_word' id='word_1_388' title='bbox 1552 5072 1659 5112; x_wconf 75' lang='lat' dir='ltr'>natm.</span> 
     </span>
    </p>
   </div>
   <div class='ocr_carea' id='block_1_9' title="bbox 299 5128 1772 5266">
    <p class='ocr_par' dir='ltr' id='par_1_12' title="bbox 299 5128 1772 5266">
     <span class='ocr_line' id='line_1_53' title="bbox 299 5128 1772 5207; baseline 0.013 -32"><span class='ocrx_word' id='word_1_389' title='bbox 299 5128 427 5193; x_wconf 76' lang='lat' dir='ltr'>propriam</span> <span class='ocrx_word' id='word_1_390' title='bbox 444 5129 622 5189; x_wconf 84' lang='lat' dir='ltr'>adducentem,</span> <span class='ocrx_word' id='word_1_391' title='bbox 636 5128 721 5195; x_wconf 80' lang='lat' dir='ltr'>illam,</span> <span class='ocrx_word' id='word_1_392' title='bbox 734 5148 811 5194; x_wconf 83' lang='lat' dir='ltr'>quam</span> <span class='ocrx_word' id='word_1_393' title='bbox 829 5133 855 5181; x_wconf 84' lang='lat' dir='ltr'>in</span> <span class='ocrx_word' id='word_1_394' title='bbox 867 5133 939 5184; x_wconf 79' lang='lat' dir='ltr'>ecelis</span> <span class='ocrx_word' id='word_1_395' title='bbox 950 5130 1061 5183; x_wconf 80' lang='lat' dir='ltr'>habebat</span> <span class='ocrx_word' id='word_1_396' title='bbox 1118 5136 1133 5185; x_wconf 72' lang='lat' dir='ltr'>lt</span> <span class='ocrx_word' id='word_1_397' title='bbox 1150 5135 1238 5187; x_wconf 79' lang='lat' dir='ltr'>Grteen</span> <span class='ocrx_word' id='word_1_398' title='bbox 1249 5153 1279 5187; x_wconf 81' lang='lat' dir='ltr'>ex</span> <span class='ocrx_word' id='word_1_399' title='bbox 1290 5137 1348 5187; x_wconf 82' lang='lat' dir='ltr'>blss.</span> <span class='ocrx_word' id='word_1_400' title='bbox 1361 5135 1468 5206; x_wconf 81' lang='lat' dir='ltr'>Collegii</span> <span class='ocrx_word' id='word_1_401' title='bbox 1478 5139 1594 5191; x_wconf 69' lang='lat' dir='ltr'>Rotnani</span> <span class='ocrx_word' id='word_1_402' title='bbox 1603 5139 1772 5207; x_wconf 70' lang='lat' dir='ltr'>prodeunte·</span> 
     </span>
     <span class='ocr_line' id='line_1_54' title="bbox 301 5205 1218 5266; baseline 0.015 -15"><span class='ocrx_word' id='word_1_403' title='bbox 301 5205 584 5266; x_wconf 46' lang='lat' dir='ltr'>«tenemento-SM</span> <span class='ocrx_word' id='word_1_404' title='bbox 606 5206 868 5263; x_wconf 79' lang='lat' dir='ltr'><em>SUBSTANTIAE</em></span> <span class='ocrx_word' id='word_1_405' title='bbox 884 5210 1059 5265; x_wconf 75' lang='lat' dir='ltr'><em>COMMIX-</em></span> <span class='ocrx_word' id='word_1_406' title='bbox 1085 5212 1218 5265; x_wconf 71' lang='lat' dir='ltr'>inustesii.</span> 
     </span>
    </p>
   </div>
   <div class='ocr_carea' id='block_1_10' title="bbox 301 5281 1772 5363">
    <p class='ocr_par' dir='ltr' id='par_1_13' title="bbox 301 5281 1772 5363">
     <span class='ocr_line' id='line_1_55' title="bbox 301 5281 1772 5363; baseline 0.013 -31"><span class='ocrx_word' id='word_1_407' title='bbox 301 5281 402 5332; x_wconf 84' lang='lat' dir='ltr'><em>TAM.</em></span> <span class='ocrx_word' id='word_1_408' title='bbox 415 5283 450 5332; x_wconf 90' lang='lat' dir='ltr'>Dc</span> <span class='ocrx_word' id='word_1_409' title='bbox 463 5281 510 5335; x_wconf 80' lang='lat' dir='ltr'>liae</span> <span class='ocrx_word' id='word_1_410' title='bbox 522 5287 644 5353; x_wconf 82' lang='lat' dir='ltr'>eocejam</span> <span class='ocrx_word' id='word_1_411' title='bbox 662 5286 687 5339; x_wconf 87' lang='lat' dir='ltr'>in</span> <span class='ocrx_word' id='word_1_412' title='bbox 706 5287 806 5363; x_wconf 77' lang='grc' dir='ltr'>ΜοιιὶιοΙ</span> <span class='ocrx_word' id='word_1_413' title='bbox 822 5299 907 5342; x_wconf 85' lang='lat' dir='ltr'>netum</span> <span class='ocrx_word' id='word_1_414' title='bbox 926 5301 972 5344; x_wconf 88' lang='lat' dir='ltr'>est.</span> <span class='ocrx_word' id='word_1_415' title='bbox 987 5289 1054 5346; x_wconf 84' lang='lat' dir='ltr'>ibid.</span> <span class='ocrx_word' id='word_1_416' title='bbox 1115 5293 1122 5332; x_wconf 79' lang='lat'><strong>¹</strong></span> <span class='ocrx_word' id='word_1_417' title='bbox 1140 5291 1282 5361; x_wconf 85' lang='lat' dir='ltr'>Stephanus</span> <span class='ocrx_word' id='word_1_418' title='bbox 1299 5294 1335 5347; x_wconf 89' lang='lat' dir='ltr'>Le</span> <span class='ocrx_word' id='word_1_419' title='bbox 1350 5295 1463 5362; x_wconf 81' lang='lat' dir='ltr'>lloyne:</span> <span class='ocrx_word' id='word_1_420' title='bbox 1483 5295 1559 5350; x_wconf 82' lang='lat' dir='ltr'>Unus</span> <span class='ocrx_word' id='word_1_421' title='bbox 1578 5309 1660 5351; x_wconf 75' lang='lat' dir='ltr'>entem</span> <span class='ocrx_word' id='word_1_422' title='bbox 1677 5308 1772 5350; x_wconf 65' lang='lat' dir='ltr'>eom·</span> 
     </span>
    </p>
   </div>
   <div class='ocr_carea' id='block_1_11' title="bbox 0 0 1936 6000">
    <p class='ocr_par' dir='ltr' id='par_1_14' title="bbox 0 0 1936 6000">
     <span class='ocr_line' id='line_1_56' title="bbox 0 0 1936 6000; baseline 0 0"><span class='ocrx_word' id='word_1_423' title='bbox 0 0 1936 6000; x_wconf 95' lang='lat' dir='ltr'> </span> 
     </span>
    </p>
   </div>
  </div>
 </body>
</html>
