3764 5992
108 414 176 501 240
438 432 467 478 S·
493 431 633 479 tornato
659 427 839 476 CHRYSOST·
869 428 1025 475 Ancntttt’.
1052 428 1321 477 constantinae.

106 569 232 614 temnere
242 557 340 625 labet,
355 555 529 624 sedmulr‘er,
543 573 668 632 magnam
681 549 819 629 aqualita·
837 556 856 601 1)
872 574 920 622 την
940 551 1072 631 ἰσοτιμίαν
1091 552 1245 632 εἰσήγαγεν,
1258 551 1323 613 Ὅτι
1343 553 1455 633 ἐνταῦθα
1477 550 1604 629 ἀναγκαία
1618 555 1634 623 ί,

105 661 159 706 tem
180 646 325 706 constituit.
348 646 384 705 Et
400 643 627 723 quemadmodum
641 643 686 703 ille
699 640 820 725 corporis
871 644 1003 725 ύπιροχνί·
1016 644 1077 703 ἔνθα
1088 645 1115 705 δὲ
1126 645 1295 726 σωφροσύνης
1308 645 1399 724 καιρὸς
1410 643 1456 703 καὶ
1470 641 1634 720 σεμνότητος,

104 740 162 817 ejus
172 751 210 797 est
220 737 357 813 deminuo,
365 736 404 795 sic
415 749 439 794 et
450 736 500 795 ista
508 734 626 816 eorporis
637 733 711 792 itlius
721 746 760 793 est
769 731 818 791 do·
872 734 946 794 οὐδὲν
968 735 1024 816 ἔχει
1046 738 1125 797 πλεόν
1147 740 1194 809 τῆς
1210 736 1332 816 γυναικὸς
1342 741 1356 796 θ
1367 734 1451 815 ἀνὴρ,
1474 735 1532 794 ἀλλ’
1546 734 1632 811 ὁμοίοις

104 831 247 889 minaces
258 829 341 910 igitur
350 843 450 888 tantam
465 828 645 907 aequalitatem
656 825 764 885 honoris
779 824 819 884 in·
872 827 959 907 ἐκείνη
972 828 1239 902 tentamentum
1250 830 1338 908 γόμου
1347 826 1530 910 παραφθείρας
1539 827 1630 905 νόμους·

103 920 245 980 traduxit?
260 919 339 993 Quod
349 919 479 979 nimirum
488 918 533 977 lric
542 916 687 979 necessaria
695 916 731 977 sit
749 915 817 975 cmi·
871 919 917 977 καί
932 920 1004 997 μάλα
1019 921 1134 989 εἰκότως.
1155 923 1196 981 Ού
1217 921 1268 1003 γὰρ
1286 920 1331 980 διλ
1349 926 1428 981 τοῦτο
1446 911 1526 992 ἦλθεν
1543 920 1628 998 ἡγωὴ

103 1011 192 1071 nentia
201 1036 208 1068 ι
217 1012 263 1071 ubi
274 1032 337 1071 tero
346 1006 819 1091 castitatistempusestetpudicitiae,
872 1011 937 1090 πρὸς
949 1010 978 1072 σὲ
985 1057 994 1085 ,
1012 1012 1057 1071 καί
1070 1012 1172 1095 πατέρα
1190 1012 1235 1072 καὶ
1251 1011 1355 1093 μητέρα
1368 1010 1526 1092 ἐγκατέλιπε
1536 1010 1579 1069 καί
1591 1011 1627 1071 τὸν

102 1102 172 1163 nihil
185 1104 302 1185 amplius
315 1103 396 1162 habet
410 1103 469 1181 vir,
484 1124 565 1182 qnam
581 1102 692 1178 mulier,
706 1102 751 1162 sed
759 1105 819 1184 pari
872 1093 942 1163 οἶκον
965 1103 1070 1163 ἅπαντα
1081 1150 1089 1176 ,
1102 1105 1146 1165 ίνα
1158 1104 1364 1185 καθυδρίζηται,
1384 1102 1428 1162 ἵνα
1448 1102 1625 1183 θεραπαινίδιον

101 1196 203 1255 ratione
216 1216 278 1255 cum
293 1195 340 1253 illa
351 1194 489 1276 plectitur,
502 1194 526 1253 si
540 1194 612 1273 leges
625 1193 745 1273 conjugii
758 1195 817 1255 vio·
872 1194 973 1262 εὐτελὲς
987 1195 1130 1277 ίπιισιίγης
1141 1200 1208 1276 αὐτῇ
1218 1242 1227 1271 ,
1237 1195 1396 1276 ίναμυρίως
1411 1198 1490 1273 ποιῇς
1501 1193 1624 1271 πολίμοος,

99 1285 208 1362 laverit,
218 1306 251 1345 ae
266 1286 361 1345 merito
369 1307 441 1346 sane.
459 1287 520 1345 Non
534 1285 606 1343 enim
624 1283 660 1343 ad
679 1297 706 1343 te
720 1285 818 1345 mulier
871 1284 1034 1367 συνέμπορον
1046 1288 1154 1361 (leder,
1163 1288 1210 1348 καί
1220 1287 1343 1347 κοινωνὸν
1355 1292 1403 1348 τοῦ
1417 1285 1493 1365 βίου,
1507 1285 1552 1345 καί
1561 1287 1621 1347 θεν·

100 1378 202 1439 idcireo
212 1379 330 1455 renit,et
344 1392 448 1460 patrem
459 1392 485 1437 et
499 1391 611 1436 matrem
622 1390 756 1456 totamque
766 1377 817 1439 do·
871 1377 959 1457 θίραν,
969 1379 1014 1438 καί
1023 1378 1161 1459 ὁμότιμον.
1175 1380 1240 1447 Πῶς
1247 1378 1300 1459 γὰρ
1309 1380 1359 1439 oda
1368 1378 1468 1439 ἄτοπον
1481 1376 1528 1451 την
1540 1384 1622 1459 προίιι

101 1490 177 1531 mum
184 1468 393 1549 derelinquit,ut
407 1491 422 1528 a
436 1484 463 1529 te
475 1468 813 1548 contumeliisaffieeretur,
871 1474 951 1542 αὐτῆς
971 1470 1174 1553 θπυδιχόμενυν,
1199 1480 1288 1532 πᾶσαν
1310 1469 1503 1532 ίιτιδείκνυαθαι
1527 1470 1621 1545 ιύνοιιν,

99 1577 126 1621 et
143 1562 225 1623 vilem
239 1562 395 1622 ancillulam
415 1562 467 1643 ipsi
479 1560 711 1643 superinduceres,
724 1576 754 1621 ut
768 1563 814 1622 in-
870 1563 916 1623 καί
935 1563 1018 1641 μηδὲν
1039 1566 1119 1636 αὐτῆς
1140 1565 1263 1625 ίλαττοῦν
1276 1586 1283 1602 ·
1296 1562 1312 1623 θ
1327 1562 1355 1622 δὲ
1371 1568 1421 1637 τῆς
1444 1561 1549 1643 προικός
1564 1566 1619 1625 loro

98 1675 224 1715 numeras
246 1675 350 1737 pugnas
370 1655 509 1728 excitares,
519 1653 643 1713 comitem
668 1667 693 1713 et
713 1655 815 1716 sociam
832 1671 852 1717 t:
870 1654 974 1727 ἁπάσης
993 1654 1160 1738 τιμιώτερον,
1180 1655 1228 1729 elo
1242 1653 1411 1737 σωφροσύνην
1425 1653 1528 1727 καίτλν
1540 1653 1618 1733 erpel-

97 1744 296 1822 titae,lilteram
309 1759 335 1805 et
350 1744 701 1827 honoreparemaoccpisti.
717 1749 813 1807 Annon
869 1771 937 1820 τητα
953 1747 998 1807 καί
1017 1747 1048 1808 τὸ
1072 1752 1151 1825 σῶμα
1173 1746 1204 1808 eir
1227 1751 1333 1821 ἑαυτοῦ,
1357 1745 1424 1825 ὅπερ
1449 1744 1517 1806 laris
1537 1744 1619 1819 θιείνης

97 1839 169 1899 enim
186 1837 340 1916 absurdum
357 1851 409 1911 est,
425 1852 455 1897 ut
479 1859 542 1897 eum
559 1836 649 1897 dotem
669 1840 813 1920 acceperis,
868 1844 976 1918 κτῆμα,
991 1839 1149 1922 διαφθείρειν
1167 1839 1256 1900 τεκαὶ
1270 1835 1458 1917 μιαίνεινςἊν
1472 1834 1521 1910 vlo
1539 1847 1617 1919 προῖκα

96 1950 206 1993 omnem
216 1931 345 1992 exhibeas
356 1928 572 1989 benevolentiam
582 1929 706 2008 nihilque
722 1953 756 1990 ex
766 1932 813 1992 illa
869 1930 1000 2013 μενούσης,
1013 1935 1051 2013 τῷ
1063 1934 1179 2012 κηδεστῇ
1193 1931 1270 2000 δίδως
1281 1930 1376 2010 λόγον·
1394 1928 1427 1989 θν
1440 1928 1488 2001 την
1504 1929 1617 2011 σωφρωύ·

97 2023 258 2084 imminuas:
278 2022 351 2102 quod
374 2035 464 2081 autem
477 2022 574 2099 quavis
595 2020 657 2081 dote
670 2022 814 2104 pretiosius
868 2049 916 2097 νην
936 2024 1067 2106 μειώσης,
1086 2029 1125 2104 τῷ
1138 2027 1201 2107 Θεῷ
1220 2022 1268 2091 τὰς
1285 2021 1394 2090 εὐθύνας
1410 2018 1527 2101 ὑφέξεις,
1540 2020 1618 2101 nisio

96 2128 146 2187 est,
163 2115 310 2175 castitatem
327 2128 353 2173 et
370 2112 539 2194 pudicitiam,
554 2126 683 2192 tuumque
705 2136 813 2196 corpus,
868 2117 952 2195 γόμον
978 2116 1164 2197 εἰσαγαγόντι,
1183 2114 1229 2176 καί
1249 2114 1299 2187 τὴν
1319 2120 1433 2195 γυναῖκα
1452 2112 1619 2194 ίγχιιρίσαντι.

95 2209 169 2287 quod
183 2208 257 2268 illius
270 2222 309 2267 est
321 2205 463 2287 possessio,
479 2206 812 2287 corrumpasetpolluas?
868 2207 921 2268 Καὶ
938 2208 979 2267 ότι
1000 2207 1078 2267 τοῦτό
1110 2212 1180 2269 ἔστιν
1209 2205 1321 2281 ἀληθὲς,
1349 2204 1463 2265 ιίκουσον
1483 2203 1510 2263 τί
1527 2208 1621 2284 φησινθ

95 2300 126 2361 Si
144 2300 236 2360 dotem
256 2297 524 2373 imminueris,socero
543 2298 672 2357 rationem
691 2297 787 2358 reddes
803 2322 810 2356 r
867 2301 974 2368 Παῦλος
991 2300 1054 2379 περί
1069 2304 1122 2360 τῶν
1136 2299 1327 2380 μοιχευόντων·
1341 2297 1377 2358 Ὁ
1390 2295 1445 2379 γὰρ
1460 2299 1567 2371 ἀθετῶν,
1582 2296 1621 2356 σία

95 2393 117 2452 si
128 2393 278 2452 castitatem
286 2389 539 2463 imminueris,Deus
549 2404 597 2449 ate
610 2411 700 2471 poenas
709 2389 810 2470 exiget,
821 2450 859 2489 m
867 2392 1004 2471 deoperitur
1014 2394 1114 2464 ἀθετεῖ,
1128 2391 1197 2452 ἀλλὰ
1207 2391 1253 2451 τὸν
1263 2389 1332 2452 Θεὸν
1341 2389 1386 2449 τὸν
1397 2388 1478 2450 δόντα
1485 2389 1517 2449 τὸ
1527 2390 1622 2467 Πνεῦμα

95 2485 143 2563 qui
157 2484 265 2566 nuptias
278 2481 441 2558 introduxit,
456 2496 482 2541 et
496 2503 608 2541 uxorem
622 2482 672 2541 tibi
689 2481 811 2544 tradidit.
830 2510 850 2553 ς
867 2486 945 2544 αὐτοῦ
960 2485 990 2545 τὸ
1003 2485 1077 2566 όγιον
1089 2487 1126 2553 εἰς
1136 2488 1214 2563 ὑμᾶς.
1228 2482 1311 2564 Ὁρᾷς
1321 2484 1355 2542 δι’
1366 2482 1435 2543 deoru
1449 2485 1464 2540 θ
1478 2480 1553 2561 λόγος
1563 2480 1621 2541 θαί-

97 2583 186 2655 atque
201 2575 252 2635 hoe
272 2595 366 2634 rerum
386 2594 443 2633 csse
460 2572 570 2653 colliges
585 2594 619 2633 ex
639 2574 686 2651 iis',
700 2597 760 2653 quae
779 2576 814 2637 de
867 2574 948 2645 δεῖξεν
969 2576 1011 2638 ότι
1033 2575 1141 2658 μοιχεία
1155 2575 1236 2651 ἐστίν,
1250 2577 1279 2635 οὗ
1294 2573 1371 2653 μόνον
1391 2573 1423 2634 τὸ
1442 2572 1568 2653 θπανδρον
1580 2596 1622 2652 γε·

2 2667 224 2748 tes.4.adultcris
238 2667 276 2726 ait
295 2666 413 2725 Paulust
437 2667 494 2744 Qui
516 2668 591 2724 enim
610 2671 731 2746 spernit,
753 2689 813 2727 nort
864 2677 943 2729 ναῐκα
964 2669 1131 2751 διαφθείρειν,
1154 2666 1222 2727 ἀλλὰ
1248 2664 1294 2726 καί
1317 2664 1348 2724 τὸ
1368 2670 1508 2738 ἡντιναοῦν
1528 2664 1625 2746 πόρνην,

96 2763 244 2821 hominem
254 2763 375 2841 spernit,
390 2759 442 2819 sed
455 2760 549 2817 Deum
560 2762 612 2839 qui
627 2759 708 2819 dedit
721 2761 811 2841 Spe'rr‘-
865 2761 960 2841 ἔχοντα
978 2769 1103 2842 γυναῖκας
1124 2759 1231 2841 Ὥσπερ
1252 2757 1304 2839 γὰρ
1328 2756 1502 2838 μοιχεύεσθαι
1526 2765 1625 2836 γυναῖκα

95 2867 157 2913 tam
166 2873 251 2914 suum
262 2865 398 2911 sanctum
407 2855 439 2911 t‘n
449 2854 544 2911 vobis.
557 2849 641 2912 Vides
650 2872 731 2929 quam
742 2853 812 2913 mul·
866 2856 989 2935 λόγομεν,
1001 2853 1049 2913 κᾶν
1068 2856 1105 2922 είς
1118 2851 1235 2927 οἰκέτην,
1246 2850 1295 2911 κᾶν
1315 2852 1351 2917 είς
1364 2854 1500 2909 ὁντιναοῦν
1512 2847 1626 2929 θμίρτη,

94 2946 131 3007 εἰει
141 2945 233 3007 verbis
246 2958 381 3005 ostensum
394 2965 428 3004 ex
441 2942 581 3025 Scriptura
595 2944 630 3002 sit
645 2944 811 3006 adulterium
866 2948 948 3029 ἄνδρα
962 2947 1092 3028 ἔχουσαν·
1108 2945 1175 3008 ούτω
1191 2945 1237 3005 καί
1254 2944 1336 3026 ἄνδρα
1350 2941 1483 3023 μοιχεύειν
1503 2942 1533 3001 διν
1552 2942 1626 3002 ιίποι-

94 3058 162 3117 esse,
176 3060 228 3098 nan
253 3037 342 3097 solum
362 3036 385 3096 si
407 3034 506 3095 marito
513 3035 637 3115 junctam
653 3035 810 3115 mulierem,
866 3064 925 3120 μεν,
938 3039 988 3099 κᾶν
1002 3043 1039 3108 είς
1055 3040 1243 3123 θεραπαινίδα,
1256 3037 1305 3095 κᾶν
1321 3040 1357 3103 εἰς
1371 3040 1510 3107 ἡντιναοῦν
1528 3033 1629 3113 landola

95 3129 142 3188 sed
155 3130 237 3189 etiam
250 3128 276 3189 si
294 3127 418 3209 quamvis
433 3126 600 3186 meretricem
618 3144 774 3208 corrumpat
790 3129 813 3189 is
864 3142 977 3212 γυναῖκα
996 3131 1154 3211 ἀσελγαίνῃ,
1172 3139 1286 3209 γυναῖκα
1298 3127 1368 3209 ἔχων
1387 3126 1474 3195 αθτός.
1486 3126 1534 3201 Μὴ
1552 3125 1628 3187 τοίνυν

97 3222 142 3299 qui
168 3221 204 3281 sit
231 3222 343 3302 junctus
369 3219 470 3279 uxori?
492 3220 562 3278 Nam
584 3217 812 3298 quemadmodum
866 3226 1007 3302 ἀμελῶμεν
1027 3228 1075 3296 τῆς
1095 3225 1195 3284 ἑαυτῶν
1210 3218 1361 3301 σωτηρίας,
1376 3218 1444 3298 μηδὲ
1464 3223 1505 3301 τῷ
1524 3216 1629 3297 διαδόλην

96 3311 230 3372 adulterio
249 3310 338 3395 pollui
361 3310 503 3371 mulierem
525 3309 653 3386 dicimus,
672 3310 730 3370 sive
751 3333 813 3371 eum
865 3315 1044 3398 προτείνωμιν
1067 3317 1145 3393 ἡμῶν
1175 3313 1224 3386 τλν
1248 3311 1337 3393 ψυχὴν
1362 3310 1407 3370 διθι
1431 3314 1481 3381 τῆς
1509 3307 1629 3391 ἁμαρτίας

95 3425 184 3478 servo,
198 3403 258 3465 sire
280 3422 343 3463 euru
364 3401 419 3463 alio
443 3423 614 3481 quocumque
636 3416 747 3482 peccet:
774 3403 814 3463 sic
865 3406 973 3479 ταύτης.
994 3407 1047 3466 Καὶ
1059 3404 1111 3487 γθιρ
1125 3409 1239 3466 ἐντεῦθεν
1253 3408 1282 3463 αῖ
1298 3402 1392 3485 μυρίαι
1405 3407 1458 3462 τῶν
1477 3402 1556 3463 οίκονν
1569 3406 1628 3462 θνα·

96 3494 178 3554 etiam
200 3493 290 3555 virum
309 3490 476 3552 adulterium
498 3489 665 3551 committere
688 3490 815 3568 dicimus,
866 3500 979 3580 τροπαὶ,
993 3504 1018 3560 οί
1031 3499 1120 3578 μυρίοι
1135 3498 1261 3577 πόλεμοι·
1284 3499 1401 3556 ἐντεῦθεν
1422 3495 1456 3555 τὰ
1470 3501 1518 3569 τῆς
1535 3496 1632 3576 θγίπης

97 3587 155 3649 sire
167 3608 229 3647 eam
243 3584 445 3660 ancillula,sire
454 3605 517 3644 eum
526 3605 698 3664 quocumque
707 3583 814 3666 vulgari
867 3596 990 3674 οποῤῥςῑ,
1004 3592 1050 3652 καὶ
1063 3591 1096 3652 ολ
1110 3596 1158 3665 τῆς
1172 3590 1273 3657 εὐνοίας
1286 3587 1457 3670 ὑποσύρεται.
1467 3586 1573 3668 Ὦοτιρ
1585 3586 1631 3667 γθρ

99 3692 187 3739 scorto
202 3698 316 3739 uxorem
327 3676 430 3737 habens
442 3675 584 3736 libidinem
591 3676 707 3757 expleat.
714 3678 754 3736 Ne
764 3677 813 3756 igi·
835 3709 851 3753 η
868 3684 1006 3765 ἀμήχανον
1018 3682 1139 3765 σύρροια
1159 3683 1295 3763 ἄνθρωπον
1310 3681 1441 3762 ὑπεριδεῖν
1456 3679 1577 3759 γυναικός
1591 3676 1632 3737 καί

103 3783 147 3828 tur
159 3768 273 3829 salutem
285 3781 405 3829 nostram
415 3768 598 3849 negligamus,
612 3788 681 3829 nere
698 3783 816 3830 nostram
868 3775 1065 3857 χατορρονῆοοί
1076 3799 1153 3836 ποτε·
1165 3773 1249 3841 οὕτως
1260 3773 1398 3854 ἀμήχανον
1413 3772 1553 3853 ἄνθρωπον
1562 3772 1633 3831 θειλ-

100 3859 218 3918 animam
237 3882 286 3941 per
301 3859 621 3941 lrocpeceatumdiabolo
641 3882 815 3943 exponamus.
867 3875 901 3948 γῆ
921 3869 967 3929 καί
988 3867 1134 3929 ἀκόλαστον
1155 3870 1239 3949 φιλεῖν
1261 3865 1311 3938 τὴν
1333 3870 1448 3944 γυναῖκα
1467 3864 1518 3937 τὴν
1538 3866 1632 3937 ἱππεῦ,

101 3950 171 4011 llinc
183 3952 254 4011 enim
268 3953 414 4011 innumera
426 3951 591 4011 familiarum
602 3954 725 4013 oriuntur
737 3975 815 4015 erer-
867 3962 916 4022 κᾶν
936 3961 1061 4022 ἁπάντων
1082 3957 1261 4041 εὐμορφοτίρα
1273 3949 1303 4038 ᾗ
1320 3956 1386 4018 Ἀπὸ
1399 3956 1452 4036 γὰρ
1473 3952 1632 4037 σωφροσύνης

101 4043 197 4121 siones,
221 4057 246 4103 et
261 4042 333 4103 bella
350 4042 509 4102 innumera:
531 4043 597 4103 hine
616 4045 816 4122 scrutarius
868 4053 959 4133 ἀγάπη
982 4052 1116 4124 τίκτεται,
1139 4051 1192 4112 aad
1212 4048 1240 4110 δί
1258 4049 1363 4127 ἀγάπης
1382 4046 1418 4107 τὰ
1443 4046 1528 4129 μυρία
1545 4046 1631 4127 mart

99 4135 254 4207 dilabatur,
263 4149 290 4196 et
300 4133 489 4196 benevolentia
502 4136 692 4209 ,subnahatux
703 4140 773 4198 Nam
786 4154 816 4198 ut
868 4145 976 4213 Λιοίνας
989 4145 1074 4203 τοίνυν
1085 4144 1173 4221 νόμιζε
1187 4140 1236 4209 τθς
1247 4139 1342 4208 λοιπὰς
1351 4147 1497 4218 γυναῖκας,
1512 4136 1585 4205 ιίδθς
1595 4136 1631 4197 ότι

101 4226 161 4287 fieri
182 4227 291 4308 nequit,
304 4241 335 4287 ut
355 4226 437 4287 lromo
459 4239 550 4288 castus
567 4249 677 4288 uxorem
698 4231 816 4312 negligat
868 4238 1049 4317 precipitare,
1067 4236 1116 4297 κᾶν
1136 4235 1292 4303 ἀκολάστοις
1312 4233 1370 4314 ίδης
1383 4234 1530 4314 ὀφθαλμοῖς
1548 4231 1631 4311 ίτίρτν

99 4342 229 4402 umquam
241 4343 273 4382 ac
284 4318 415 4402 despiciat
430 4343 437 4376 ι
451 4318 491 4379 sic
502 4338 589 4398 neque
602 4319 661 4379 lieri
676 4336 772 4403 potest,
785 4338 816 4383 ut
867 4340 996 4409 γυναῖκα,
1026 4328 1074 4387 κᾶν
1098 4327 1238 4406 δημοσίαν,
1264 4325 1313 4386 κδιν
1343 4324 1488 4405 ύπανδρον,
1511 4334 1565 4394 τοῖς
1585 4326 1631 4383 ri'rr

98 4415 180 4474 homo
191 4413 369 4497 intemperans
380 4423 407 4471 et
424 4410 542 4472 lascivas
557 4432 669 4471 uxorem
683 4435 759 4473 suam
769 4414 814 4473 di·
868 4426 969 4505 μοι-χῶν
981 4421 1145 4501 ἐγκλήμασιν
1155 4418 1295 4487 ὑπεύθυνος
1304 4419 1423 4501 γε’γονας.
1433 4420 1529 4477 Ταῦτα
1537 4418 1632 4497 aare?

98 4507 178 4589 ligat,
192 4507 228 4566 sit
247 4506 311 4566 lieet
334 4503 456 4564 omnium
479 4503 680 4564 formosissima.
693 4507 761 4565 Nam
781 4529 815 4568 ex
867 4492 1055 4587 anteferam
1069 4514 1151 4597 ἔπρδε
1162 4511 1196 4573 τὰ
1212 4512 1338 4594 ῥήματα·
1352 4510 1403 4571 κᾶν
1420 4508 1480 4590 ίδης
1499 4508 1633 4588 ἐπιθυμίαν

98 4599 219 4659 castitate
230 4597 327 4658 caritas
339 4597 434 4673 oritur,
445 4617 480 4655 ex
493 4595 681 4657 caritatebona
693 4598 816 4663 innume·
867 4608 949 4681 ἄλλης
966 4606 1089 4687 γυναικός
1105 4604 1273 4687 ίγιιρομόνην
1287 4605 1314 4662 ίν
1333 4600 1392 4677 σοί,
1418 4592 1478 4661 elea
1501 4603 1533 4661 ίκ
1549 4600 1632 4661 ταύταν

98 4712 136 4749 ra.
152 4692 207 4751 Fae
222 4690 306 4772 igitar
326 4688 446 4770 lapideas
467 4688 593 4747 mulieres
613 4689 729 4770 reliquas
743 4695 815 4754 arbi·
832 4710 851 4759 c
867 4723 909 4759 σοι
929 4698 979 4771 τὴν
998 4706 1111 4779 γυναῖκα
1132 4698 1201 4768 ἀηδῆ
1224 4692 1397 4776 φαινομίνην,
1413 4692 1516 4754 είαιλθι
1538 4694 1575 4761 είς
1594 4690 1634 4752 rit

97 4784 253 4861 meriacum
268 4782 419 4862 intelligas,
429 4781 454 4841 si
468 4780 577 4841 lascivis
592 4782 678 4842 oeulis
699 4785 815 4847 ahenam
868 4791 997 4867 θοίλαμυν,
1011 4788 1056 4848 καὶ
1069 4786 1100 4846 τὸ
1112 4786 1212 4865 βιόλίον
1228 4782 1378 4854 ἀναπτύξας
1388 4788 1486 4859 τοῦτο,
1495 4782 1635 4845 aelle&

97 4876 237 4935 mulierem
253 4874 382 4935 intuearis
399 4872 457 4933 sire
466 4873 605 4955 publicam
624 4875 681 4937 sire
692 4878 814 4957 junctam
868 4883 975 4943 Παῦλον
990 4879 1110 4960 μεσίτην,
1127 4878 1173 4939 καί
1191 4880 1309 4959 συνεχῶς
1324 4875 1430 4957 ἐπᾴδων
1444 4882 1532 4939 ταῦτα
1543 4872 1579 4937 τί
1591 4872 1636 4957 ῥεί-

98 4969 174 5042 νίεο,
185 4981 211 5027 te
224 4965 407 5026 adulterorum
426 4965 533 5026 crimini
547 4967 696 5028 obnoxium
708 4973 812 5031 essela·
868 4997 950 5051 ματα,
960 4970 1124 5032 κατοίσόεσον
1136 4966 1185 5044 clu
1197 4968 1293 5052 φλόγα.
1312 4967 1366 5029 Καὶ
1383 4966 1456 5027 οθτω
1474 4966 1524 5029 καὶ
1539 4972 1560 5041 ἡ
1574 4962 1637 5047 μονὴ

97 5075 181 5120 ctum.
191 5058 255 5119 llaee
266 5058 316 5118 tibi
327 5057 380 5140 ipsi
391 5056 600 5136 quotidieverba
611 5061 702 5120 omine
714 5084 722 5118 r
738 5066 812 5140 quod
865 5067 946 5126 πόλιν
960 5065 1034 5124 ἔσται
1048 5086 1092 5124 σοι
1104 5060 1289 5146 ποθεινοτίρα,
1299 5061 1424 5139 οθδιμνῦς
1438 5058 1585 5139 temple<
1593 5056 1640 5131 τὴν

96 5152 119 5211 si
131 5149 241 5210 alterius
255 5149 348 5209 uxoris
356 5149 384 5209 in
400 5164 425 5208 te
436 5151 532 5209 sentias
543 5150 720 5233 cupiditatem
734 5176 810 5217 exar-
865 5158 929 5239 πρὸς
944 5158 1025 5231 αὐτὴν
1036 5158 1137 5219 εὔνοιαν
1149 5152 1338 5235 ὓποσυρούαης·
1349 5156 1399 5235 οὐχ
1408 5156 1428 5225 ἡ
1438 5151 1508 5233 γυνὴ
1524 5153 1554 5213 dl
1569 5153 1642 5215 ἔσται

95 5244 211 5323 desecte,
225 5238 461 5303 acdcindeminus
475 5243 576 5305 idcirco
591 5243 808 5311 tihituamuxo-
864 5250 1032 5331 ποθεινοτέρα
1056 5250 1144 5327 μόνον,
1166 5232 1235 5309 ἀλλὰ
1254 5246 1301 5307 καὶ
1321 5245 1354 5305 σύ
1373 5244 1532 5329 σεμνότερος
1553 5248 1642 5325 πολλῇ
