3764 5992
92 465 163 539 51'0
431 495 457 541 S.
479 494 619 542 toannts
645 491 822 542 cttntsosr.
846 495 1002 544 atteritur.
1029 497 1298 549 consummor.

92 635 202 696 gregem
215 615 372 698 dissipasti?
381 619 514 679 Amovisti
526 618 733 698 gubernatorem
744 639 808 679 :cur
860 619 909 693 ele
931 621 1026 699 μανίαν
1046 629 1092 682 τοῦ
1107 623 1253 704 βαρόάρον.
1282 622 1422 703 Ἐξέβαλες
1439 622 1485 682 τὸν
1499 623 1631 701 ποιμένα·

87 706 272 786 gubemacula
288 710 462 789 confregisti?
473 710 625 772 Vinitorcm
636 711 749 792 ejecisti,
759 732 808 771 cur
861 711 887 771 τί
900 712 949 784 etp
962 713 1059 793 ἀγέλην
1079 714 1240 789 διίσπαοαςς
1262 714 1427 788 Ἀπίσεησας
1437 716 1484 776 τὸν
1501 713 1630 796 aedepol-

92 797 162 857 vites
179 799 328 859 avulsisti?
343 822 392 860 cur
403 801 562 862 monasteria
577 802 807 882 pessumdedisti?
860 827 927 878 την·
942 804 968 864 τί
989 803 1048 875 τοὺς
1061 806 1152 875 οίακας
1166 808 1352 882 κατέκλασαςς
1372 809 1426 869 Τὸν
1446 807 1630 888 ἀμπελωργδν

93 889 276 951 Barbarorum
287 891 452 953 iuvasionem
466 892 586 954 imitatus
598 915 634 954 es.
861 895 991 966 ἐξέόαλες·
1008 897 1034 957 τί
1047 897 1094 966 τίς
1107 899 1241 978 ἀμπέλους
1262 899 1428 971 ἀνίσπαοαςς
1450 898 1479 958 τί
1497 897 1534 957 τὰ
1552 920 1630 977 μονα·

860 988 956 1071 στήρια
968 990 1128 1072 διέφθειρας;
1145 991 1292 1072 Βαρόάρων
1306 991 1397 1070 ἔφοδον
1410 991 1551 1070 ἐμιμήσω.

130 1082 159 1138 9.
172 1079 237 1139 llaec
250 1081 340 1140 omnia
355 1081 418 1142 fecit
441 1081 496 1158 ille,
511 1095 542 1141 ut
558 1082 647 1143 virtus
665 1095 808 1163 appareret
900 1080 1042 1154 Ἐποίησεν
1065 1083 1189 1155 ἅπαντα,
1212 1083 1256 1143 feo
1273 1085 1364 1164 δειχθῇ
1383 1087 1458 1162 ὑμῶν
1477 1081 1629 1165 ἡάνδρεία·

91 1183 197 1249 σατίνας
210 1173 299 1232 omnia
313 1174 385 1248 fecit,
399 1188 430 1234 ut
444 1174 573 1235 edisceret
581 1174 627 1234 bic
636 1174 729 1234 adesse
742 1195 804 1255 gre-
858 1172 981 1245 ίπυίηαεν
995 1174 1109 1256 ἅπαντα,
1121 1177 1165 1234 ἵνα
1180 1177 1250 1256 μέθη
1263 1174 1303 1234 δτι
1316 1175 1416 1253 ποίμνη
1430 1174 1503 1234 ἐστίν
1518 1175 1630 1232 ἐνταῦθα

90 1286 151 1347 gem
162 1290 178 1327 a
189 1270 297 1331 Christo
314 1286 421 1355 pastore
435 1272 557 1333 ductum.
573 1271 689 1331 absente
702 1285 807 1351 pastore
859 1265 911 1324 barb
925 1267 1041 1347 Χριστοῦ
1059 1267 1262 1346 ποιμαινομένη.
1286 1266 1359 1335 Ἐξω
1380 1272 1394 1327 δ
1414 1265 1538 1345 ποιμὴν,
1554 1264 1628 1336 mltl

90 1378 158 1438 grex
165 1363 246 1422 simul
258 1367 395 1442 manebat,
406 1378 431 1424 et
441 1364 603 1446 apostolicus
613 1383 700 1423 sermo
710 1360 840 1442 imple-E
860 1354 941 1432 ἀγέλη
963 1368 1149 1438 συνεκροτεῖτο,
1171 1358 1216 1419 καλ
1231 1359 1263 1419 rb
1283 1357 1458 1419 ἀποπαλμὸν
1481 1359 1630 1436 ἐπληροῦτο

4 1472 44 1518 rr·
57 1469 79 1502 ²·
90 1451 193 1511 batur:
218 1458 287 1514 Nou
305 1461 509 1537 inpraesentia
529 1458 587 1513 mei
608 1467 735 1530 tantum,
755 1453 807 1511 secl
860 1450 948 1526 ῥῆμα·
972 1452 1031 1508 Οὐκ
1044 1454 1116 1530 ἐντῇ
1135 1449 1267 1533 παρουσίᾳ
1284 1475 1333 1530 μου
1348 1449 1445 1529 μόνον,
1460 1448 1532 1509 ἀλλὰ
1545 1448 1628 1507 καὶέν

91 1547 179 1603 etiam
191 1549 224 1603 in
232 1550 376 1618 absentia,
391 1568 457 1606 cum
470 1551 573 1605 tr'more
586 1557 615 1604 et
628 1556 806 1602 tremorem·
858 1544 891 1618 τῇ
912 1542 1025 1622 ἀπουσίᾳ
1040 1567 1100 1621 μου,
1123 1543 1191 1622 μετὰ
1204 1543 1285 1624 φόόου
1298 1543 1345 1603 καί
1358 1543 1457 1625 τρόμου
1467 1541 1519 1614 τὴν
1529 1544 1630 1600 ἑαυτῶν

90 1636 181 1694 lutem-
192 1651 322 1697 vestram
334 1642 446 1718 operati
459 1642 537 1697 estis.
555 1637 618 1695 Haec
634 1634 806 1694 minabantur
858 1633 991 1715 σωτηρίαν
1001 1635 1200 1716 κατεργάζεσθε.
1218 1635 1270 1695 Καὶ
1280 1641 1391 1696 τοιαῦτα
1402 1634 1531 1707 ἠπείλουν
1543 1634 1629 1693 δεδοι-

88 1840 198 1898 remque
209 1821 271 1881 mei.
285 1821 360 1881 Nihil
382 1820 523 1895 audemus,
537 1819 654 1896 aiebant,
672 1819 699 1877 in
719 1819 802 1878 urbe:
856 1813 956 1873 καὶτὸν
966 1817 1047 1876 πόθον
1058 1817 1102 1877 τὸν
1116 1818 1177 1899 περλ
1194 1818 1251 1896 ἐμέ.
1274 1817 1360 1879 Οὐδὲν
1372 1821 1527 1896 τολμῶμεν,
1539 1816 1629 1896 φησὶν,

88 1932 150 1971 curn
164 1911 397 1972 nobisdateforis.
413 1912 508 1992 Capite
518 1933 560 1973 me
573 1911 648 1986 foris,
658 1909 803 1970 utdiscatis
855 1907 882 1965 ἒν
897 1911 930 1987 τῇ
944 1908 1037 1968 πόλει·
1053 1909 1111 1969 δότε
1128 1914 1192 1989 ἡμῖν
1211 1911 1288 1971 αὐτὸν
1307 1909 1365 1978 ἔξω.
1390 1909 1496 1970 Λάόετί
1517 1933 1553 1987 με
1569 1906 1629 1978 ἔξω,

87 2002 214 2062 Ecclesiae
228 2025 355 2079 amorem,
372 2004 522 2083 agnoscatis
541 2004 661 2063 filiorum
680 2023 803 2062 meorum
854 1995 897 2057 bc
915 1999 1016 2077 μάθητε
1032 1999 1077 2059 τὸν
1095 2001 1175 2063 πόθον
1192 2006 1240 2074 τῆς
1258 2001 1438 2073 Ἐκκλησίας,
1460 2001 1565 2080 μάθητε
1577 2003 1630 2059 τῶν

86 2116 241 2175 generosam
255 2096 382 2172 indolem,
394 2096 514 2156 militum
529 2097 666 2172 virtutem,
681 2109 800 2155 armato-
854 2090 925 2168 ίμῶν
934 2092 1032 2154 τέκνων
1040 2097 1089 2168 τὴν
1097 2095 1237 2174 εὐγένειαν,
1249 2098 1476 2177 τῶνοτρατιωτῶν
1483 2093 1534 2168 τὴν
1543 2093 1629 2175 ἰσχὺν,

85 2203 148 2240 rum
161 2183 253 2257 robur,
262 2181 446 2243 diadematum
453 2184 632 2266 splendorem,
641 2184 801 2245 divitiarum
856 2187 910 2244 τῶν
922 2186 1039 2245 ὁπλιτῶν
1050 2186 1098 2258 την
1112 2187 1232 2266 δύναμιν,
1246 2191 1299 2246 τῶν
1314 2186 1486 2265 διαδημάτων
1496 2185 1547 2258 τὴν
1557 2209 1632 2268 περι·

85 2274 250 2349 facultatem,
265 2276 367 2334 amoris
390 2276 617 2356 magnitudinem,
636 2291 801 2337 constantem
855 2277 974 2357 φάνειαν,
996 2284 1042 2337 τοῦ
1062 2278 1177 2339 πλούτου
1197 2279 1246 2352 τὴν
1265 2272 1426 2361 περιουσίαν,
1451 2282 1500 2350 τῆς
1523 2278 1628 2358 ἀγάπης

84 2365 265 2449 patientiam,
293 2366 426 2428 libertatis
446 2370 540 2430 florem
552 2416 562 2449 ,
594 2370 715 2431 victorie
743 2370 801 2449 glo·
808 2366 885 2453 mab
899 2370 1018 2450 μέγεθος,
1034 2376 1083 2444 τῆς
1093 2371 1233 2452 καρτερίας
1244 2371 1293 2444 τὴν
1304 2369 1447 2450 ὑπομονὴν,
1461 2374 1511 2442 τῆς
1522 2373 1627 2431 ἐλευθε-

84 2457 163 2533 riam,
188 2457 274 2517 cladis
299 2473 351 2520 tuae
373 2460 535 2524 ludibrium.
559 2466 584 2525 0
604 2484 646 2523 res
670 2484 753 2522 novas
775 2469 837 2523 ert
856 2460 913 2543 ρίας
926 2463 957 2523 τό
969 2463 1060 2534 ἄνθος,
1074 2467 1122 2536 τῆς
1131 2463 1205 2536 νίκης
1217 2464 1248 2525 rb
1258 2462 1409 2545 περιφανὲς,
1421 2468 1470 2536 τῆς
1482 2461 1566 2534 ἥττης
1580 2484 1626 2522 σου

84 2548 273 2610 admirandas!
289 2565 380 2632 pastor
387 2552 471 2630 abest,
479 2568 505 2614 ct
513 2576 581 2634 grex
593 2554 713 2616 exsultat
724 2578 731 2612 t
742 2554 801 2615 dux
854 2555 898 2613 τὸν
912 2552 1026 2634 γέλωτα.
1037 2551 1074 2616 Ὦ
1087 2560 1184 2616 καινῶν
1195 2555 1240 2615 καλ
1254 2554 1406 2637 παραδόξων
1420 2553 1598 2634 πραγμάτων·
1612 2559 1626 2614 ό

84 2640 189 2724 procul,
205 2655 231 2701 et
241 2641 340 2703 milites
353 2660 500 2705 armantur.
516 2648 577 2707 Non
591 2647 679 2708 solum
690 2647 800 2708 ecclesia
854 2645 954 2726 ποιμὴν
964 2646 1025 2721 ἔξω,
1039 2647 1086 2706 καλ
1098 2653 1114 2720 ἡ
1127 2647 1209 2727 ἀγέλη
1220 2657 1325 2728 σκιρτᾷ·
1337 2646 1513 2727 δστρατηγὸτ
1523 2647 1624 2727 πόρρω,

85 2735 234 2795 exercitum
245 2734 351 2812 habuit,
365 2737 412 2796 sed
432 2751 487 2797 tota
500 2739 595 2800 civitas
607 2739 718 2800 ecclesia
737 2739 799 2799 fuit.
854 2724 898 2785 '‘“l
922 2731 947 2787 σῖ
965 2732 1126 2808 σσρσῑσνῗντνσ
1149 2727 1303 2796 ὧπλίίσνσσ·
1336 2726 1435 2787 uerter
1454 2733 1471 2799 tl
1495 2726 1626 2797 moneta

84 2825 160 2905 Vici,
176 2827 244 2900 fora,
257 2848 302 2885 aer
319 2829 558 2890 sanctificabantur
571 2855 577 2888 ι
598 2831 715 2891 hererici
732 2853 799 2892 oon·
853 2807 908 2898 σίχσ
919 2818 1135 2900 τὸσσρσσόσσσδσν
1147 2819 1237 2898 μόνον,
1249 2817 1484 2890 suarattaratae
1495 2816 1625 2890 ἔννλησίσ

84 2918 267 2994 vertebantur,
275 2919 364 2981 ludaei
374 2921 497 2981 meliores
506 2922 701 2999 efficiebantur,
713 2945 799 2984 sacer-
854 2910 964 2989 ίΥίνσσσ·
981 2915 1016 2971 dl
1028 2917 1125 2993 ρῦρσν,
1142 2915 1170 2972 σί
1180 2911 1290 2993 ἄγσρσῖ,
1306 2910 1385 2991 llll?
1397 2910 1535 2990 ἦγνσῖίντσ·
1552 2914 1624 2992 “let-

85 3010 162 3071 dotes
176 3008 383 3086 damnabantur,
394 3025 419 3072 et
446 3013 625 3075 JudaeiDeum
634 3014 799 3093 laudabant,
854 3002 922 3064 σῑνσσλ
943 3005 1150 3085 ίπσσσρίρσνσσ,
1178 3007 1201 3064 σί
1222 3005 1344 3064 ’Ῑσνδσῖσῑ
1358 3001 1625 3084 βσλτίσνιὲγὲνοντο·

84 3116 164 3182 atque
176 3101 213 3162 ad
228 3123 276 3161 nos
298 3105 482 3164 accurrebant,
500 3106 541 3164 lta
558 3105 659 3166 Christi
681 3120 801 3189 tempore
854 3098 879 3155 of
891 3097 967 3175 ἱερεῖς
979 3095 1178 3166 κατεδικάζοντο
1189 3141 1197 3171 ,
1210 3095 1256 3156 καλ
1266 3100 1291 3156 ol
1304 3095 1426 3156 Ἰουδαῖοι
1439 3095 1482 3155 abr
1500 3095 1570 3156 Θεὸν
1586 3099 1626 3154 εὖ·

83 3195 186 3255 factum
197 3209 246 3255 est.
259 3196 376 3277 Caiphas
387 3197 458 3257 cruci
468 3197 569 3276 affixit,
583 3211 609 3258 ct
622 3199 691 3258 latro
700 3201 802 3260 confes·
855 3187 968 3266 φῆμσνν,
989 3188 1034 3249 καλ
1054 3193 1119 3267 ἡμῖν
1137 3188 1324 3270 πρσσὲσρσχσν·
1344 3186 1424 3247 Οῧσνν
1447 3187 1493 3247 ml
1515 3186 1559 3246 lai
1579 3190 1624 3245 τῶ

85 3308 131 3348 sus
145 3301 193 3348 est.
206 3290 231 3347 0
244 3310 329 3348 novas
348 3310 390 3348 res
404 3303 430 3348 et
443 3288 636 3352 admirandas!
651 3291 801 3351 sacerdotes
855 3282 972 3362 Χριστοῦ
994 3280 1105 3360 ἐγένετο·
1144 3280 1249 3362 Kalaa<
1270 3280 1436 3361 ἐσταύρωσεν
1460 3280 1506 3339 καί
1527 3277 1627 3361 brimbs

83 3372 250 3447 occiderunt,
265 3389 292 3435 et
311 3374 383 3463 magi
409 3376 598 3438 adoraverunt.
618 3378 681 3438 Hac
696 3401 729 3439 ne
743 3380 800 3440 Ec·
854 3373 1034 3453 ὡμολόγησεν.
1055 3371 1093 3433 Ὦ
1106 3372 1264 3434 sueabraed
1279 3372 1433 3454 παραδόξων
1450 3372 1626 3454 σρσΥμᾶσννν·

84 3467 193 3528 clesiam
207 3469 373 3550 perturbent.
399 3470 459 3530 Nisi
472 3472 530 3530 hec
552 3471 734 3552 contigissent,
757 3472 801 3532 di·
855 3472 932 3551 ίεριῖτ
949 3466 1114 3538 ἀπέκτειναν,
1133 3466 1178 3525 καί
1194 3465 1275 3545 μάγον
1289 3463 1498 3546 προσεκύνησαν·
1524 3461 1571 3534 Μὴ
1585 3460 1625 3530 ξε·

85 3558 159 3619 vitiae
177 3574 286 3639 nostrae,
307 3582 367 3640 quae
393 3584 456 3623 rere
472 3563 594 3639 aderant,
614 3586 668 3624 non
689 3579 800 3625 ostense
817 3563 834 3609 Β
853 3559 945 3628 ννζὲτω
965 3563 1048 3617 ταῦτα
1066 3557 1113 3632 τὴν
1128 3557 1301 3630 Ἐκκλησίαν·
1316 3560 1351 3617 Εἰ
1364 3556 1401 3635 μὴ
1416 3563 1500 3616 ταῦτα
1515 3553 1626 3635 ἐγένετο,

85 3650 207 3711 fuissent.
222 3653 298 3714 Sicut
311 3652 384 3714 enim
398 3655 467 3729 lob,
481 3655 530 3714 etsi
551 3656 641 3737 justus
655 3671 733 3733 esset,
747 3678 800 3717 non
853 3655 867 3711 θ
886 3653 996 3718 πλοῦτος
1018 3652 1095 3728 ἡμῶν
1113 3653 1159 3710 οὖν
1180 3649 1211 3708 ἂν
1232 3649 1330 3731 ἐφάνη·
1344 3639 1377 3721 ἦν
1401 3648 1458 3722 uto,
1479 3648 1530 3706 σῦκ
1549 3645 1580 3704 ἂν
1598 3645 1625 3704 8?

83 3741 650 3820 talisvisusfuisset,nisivulncraetrermes
662 3748 801 3829 apparuis·
855 3743 946 3825 latito·
967 3739 1074 3822 Ὥσπερ
1088 3740 1139 3826 γὰρ
1150 3745 1164 3801 ὅ
1176 3740 1239 3801 Ἰῶὅ
1254 3741 1353 3809 lime
1365 3739 1413 3819 μὲν
1427 3730 1478 3813 ἦν,
1492 3743 1541 3798 ⁰3²
1555 3735 1625 3797 ἃνδί

84 3847 151 3911 sent,
158 3833 195 3894 ita
205 3848 231 3895 et
238 3836 444 3897 restraedivitiae
452 3860 602 3917 numquam
612 3852 680 3898 notae
687 3839 801 3899 fuissent
855 3835 955 3916 ἐφάνη,
977 3833 1051 3913 εἰμὴ
1067 3832 1102 3893 τό
1120 3832 1277 3915 τραύματα,
1290 3832 1337 3893 καλ
1350 3834 1374 3893 of
1389 3830 1544 3905 σκώληκες·
1558 3829 1625 3892 οὕτω

83 3924 137 3987 nisi
149 3927 251 4008 paratis
264 3926 379 3988 insidiis.
394 3929 469 3988 Deus
482 3950 545 3990 sane
557 3930 635 4008 quasi
650 3951 799 3991 seseexcu-
855 3927 900 3986 καλ
914 3929 928 3984 δ
946 3925 1069 4008 ὑμέτερος
1082 3927 1209 3998 πλοῦτος,
1231 3928 1253 3985 εἰ
1270 3923 1308 4003 μὴ
1329 3924 1356 3982 αἱ
1368 3921 1523 3994 ίπιόουλαὶ,
1535 3925 1582 3982 οὐκ
1594 3921 1624 3980 ἂν

2 4047 38 4082 ο.
50 4030 146 4082 taam
158 4018 229 4080 Jobo
239 4018 307 4078 dicit
323 4042 330 4074 ε
356 4021 489 4079 Putasne
514 4023 662 4081 metaliter
682 4025 736 4080 tibi
756 4045 801 4083 re-
855 4015 949 4097 ἐφάνη.
970 4015 1189 4096 Ἀπολογούμενος
1207 4015 1234 4077 δὲ
1248 4021 1287 4096 τῷ
1298 4014 1362 4076 'le
1376 4018 1390 4074 θ
1403 4014 1472 4081 Θεός
1483 4036 1575 4094 φησιν,
1584 4011 1625 4071 δτι

46 4168 52 4183 ,
84 4111 245 4193 spondfsse,
259 4131 350 4190 quam
369 4122 401 4168 ut
411 4113 510 4190 justus
528 4113 707 4192 appareres?
731 4114 801 4173 lusi·
855 4109 916 4169 Olet
936 4133 969 4188 με
993 4109 1079 4177 άλλως
1100 4132 1140 4168 σοι
1164 4106 1409 4190 κεχρηματικέναι,
1429 4105 1447 4178 ἢ
1467 4103 1511 4164 tre
1527 4103 1625 4170 δίκαιος

84 4200 225 4293 diatisttnt
241 4202 294 4276 illi,
315 4200 418 4260 bellurn
430 4218 581 4277 moverunt,
595 4215 621 4261 ct
640 4202 706 4262 victi
725 4219 797 4265 sunt.
854 4203 1006 4281 ἀναφανῇςς
1027 4199 1238 4261 'Boscotrecase
1253 4205 1360 4272 ἐκεῖνον,
1381 4197 1567 4275 ἐπολέμησαν,
1580 4195 1624 4255 καὶ

86 4295 228 4370 Quomodo
238 4295 341 4357 bellum
354 4294 511 4375 gesserunt?
524 4293 660 4355 Fustibus.
675 4296 800 4368 Quomo-
854 4292 1016 4366 ἡττήθησαν.
1036 4294 1099 4359 Πῶς
1113 4293 1301 4371 ίπολέμηοανγ
1319 4289 1470 4357 Ῥοτόλοις.
1494 4291 1559 4356 Πῶς
1572 4293 1624 4360 ἠτ-

4 4423 20 4448 r.
37 4401 60 4450 5.
86 4386 123 4448 do
133 4387 199 4447 vieti
213 4393 297 4451 sunt?
309 4386 446 4446 Precibus.
463 4387 494 4445 Si
510 4390 575 4466 quis
590 4399 618 4445 te
629 4393 803 4467 percusserit
854 4384 989 4460 τόθησανς
1002 4386 1112 4464 Εὖχαῖς.
1131 4383 1197 4443 Ἐάν
1211 4383 1251 4452 τίς
1265 4408 1295 4443 σε
1310 4382 1409 4464 ραπίση
1424 4384 1461 4448 είς
1476 4380 1526 4453 τὴν
1540 4377 1624 4449 δεξιόν

87 4484 119 4539 in
128 4481 279 4539 dexteram
295 4478 463 4552 maxillam,
483 4491 567 4538 uerte
584 4478 632 4537 illi
644 4491 673 4538 et
695 4480 798 4540 aliam.
855 4475 983 4554 σιαγόνα,
997 4475 1109 4557 στρέψον
1126 4478 1198 4556 αὐτῷ
1221 4473 1267 4534 καλ
1280 4474 1327 4547 τὴν
1342 4474 1435 4546 όλλην.
1459 4469 1499 4532 Σίν
1521 4471 1624 4552 ῥόπαλα

87 4570 222 4630 Tufustes
233 4569 261 4627 in
280 4568 421 4628 ecclesiam
434 4567 516 4629 infers
530 4583 556 4629 et
568 4590 627 4629 eam
641 4591 798 4653 oppugnas5
855 4568 982 4651 εἰσφέρεις
996 4570 1032 4635 εἰς
1045 4565 1094 4639 την
1115 4566 1259 4637 ἐκκλησίαν
1280 4567 1325 4626 καλ
1343 4567 1481 4643 πολεμεῖς·
1503 4562 1569 4624 ὅπου
1585 4567 1624 4623 εἰ·

85 4661 134 4723 ubi
146 4682 201 4744 pax
210 4674 250 4720 est
264 4659 399 4734 omuibus,
412 4660 516 4720 bellum
523 4682 636 4721 moves:
652 4681 700 4721 nec
710 4662 798 4725 locum
816 4675 834 4722 C
855 4660 921 4744 ρηνη
935 4669 1018 4729 πᾶσι,
1038 4657 1155 4737 πολέμου
1172 4659 1257 4741 όρχη·
1271 4659 1329 4719 οὐδὲ
1342 4658 1387 4718 τόν
1402 4656 1484 4717 τόπον
1502 4655 1623 4736 ᾐδέσθης,

83 4753 224 4829 revereris,
235 4752 316 4813 miser
329 4765 356 4811 et
371 4752 478 4832 infelix,
493 4773 546 4814 non
560 4752 702 4813 sacerdotii
708 4753 799 4835 digni·
853 4753 928 4813 ἄθλιε
938 4751 984 4812 καλ
996 4751 1160 4831 ταλαίπωρε,
1173 4750 1232 4811 οὐδὲ
1243 4754 1291 4823 τῆς
1306 4748 1448 4832 ίιρωσίνης
1461 4748 1493 4808 τὸ
1506 4747 1621 4826 ἀξίωμα,

84 4862 177 4924 tatem,
188 4867 241 4906 non
255 4844 424 4927 principatus
433 4845 649 4927 amplitudinem.
665 4846 798 4928 baptiste-
853 4845 911 4908 οδδί
925 4849 973 4917 τῆς
987 4847 1071 4926 ἀρχῆς
1082 4843 1114 4904 τὸ
1124 4842 1240 4922 μέγεθος.
1262 4843 1303 4904 Ta
1313 4842 1490 4923 φωτιοτήριον
1501 4840 1623 4919 αἱμάτων

83 4941 154 5003 rium
166 4937 295 5019 sauguine
307 4937 439 5018 repletum
451 4951 501 5016 est,
515 4938 563 4998 ubi
574 4952 743 5020 peccatorum
756 4962 798 5002 rc-
853 4937 1053 5018 ίμπίπλησται·
1078 4932 1143 4995 όπου
1157 4934 1358 5016 ἁμαρτημάτων
1377 4933 1486 5015 ἄφεσις,
1501 4931 1623 5010 αἱμάτων

83 5029 236 5108 missi0,tbi
248 5027 503 5109 sauguiniseffusio.
517 5029 797 5108 lnquanamaciehaec
851 5030 967 5112 ίκχυσις,
991 5030 1038 5089 Ἐν
1057 5024 1120 5107 ποία
1139 5025 1287 5108 παρατάξει
1299 5033 1384 5087 ταῦτα
1399 5025 1518 5106 γίνεταις
1537 5026 1623 5085 Βασι-

81 5122 249 5187 factasunt?
266 5120 796 5206 Imperatorintratetprojicitclipeum
851 5120 911 5191 λεὺς
923 5122 1071 5202 εἰσέρχεται
1090 5118 1135 5178 καὶ
1154 5118 1241 5201 ῥίπτει
1261 5118 1361 5180 ἀσπίδα
1376 5118 1421 5178 καλ
1440 5117 1571 5196 διάδημα·
1589 5115 1622 5176 ob

81 5228 108 5281 et
117 5212 255 5283 diadema3
269 5222 298 5268 tu
309 5209 427 5282 intrasti,
446 5208 574 5270 etclavas
583 5209 731 5292 arripuisti.
744 5210 796 5272 Ille
850 5215 985 5287 εἰσῆλθες,
1005 5213 1050 5271 καλ
1079 5209 1183 5291 ῥόπαλα
1206 5211 1339 5293 ἥρπασας.
1372 5209 1489 5278 Ἐκεῖνος
1514 5209 1560 5269 καλ
1585 5207 1621 5267 εδ

81 5304 189 5387 lmpcrii
203 5300 325 5386 symbola
338 5300 408 5365 foras
427 5298 568 5389 relinquit3
589 5299 700 5362 trebelli
715 5323 792 5385 syrn-
850 5304 1005 5389 συνθήματα
1020 5307 1069 5374 τῆς
1083 5300 1218 5382 βασιλείας
1233 5301 1282 5371 ἔξω
1297 5301 1404 5389 ἀφίησι·
1425 5299 1457 5360 ab
1472 5299 1506 5359 ed
1520 5299 1621 5376 συνθιί·
