<?xml version="1.0" encoding="UTF-8"?>
<!DOCTYPE html PUBLIC "-//W3C//DTD XHTML 1.0 Transitional//EN"
    "http://www.w3.org/TR/xhtml1/DTD/xhtml1-transitional.dtd">
<html xmlns="http://www.w3.org/1999/xhtml" xml:lang="en" lang="en">
 <head>
  <title>
</title>
<meta http-equiv="Content-Type" content="text/html;charset=utf-8" />
  <meta name='ocr-system' content='tesseract 3.04.00' />
  <meta name='ocr-capabilities' content='ocr_page ocr_carea ocr_par ocr_line ocrx_word'/>
</head>
<body>
  <div class='ocr_page' id='page_1' title='image "./sanctipatrisnos03chrygoog_0490.png"; bbox 0 0 3764 5992; ppageno 0'>
   <div class='ocr_carea' id='block_1_1' title="bbox 371 437 1700 532">
    <p class='ocr_par' dir='ltr' id='par_1_1' title="bbox 371 437 1700 532">
     <span class='ocr_line' id='line_1_1' title="bbox 371 437 1700 532; baseline -0.002 -27"><span class='ocrx_word' id='word_1_1' title='bbox 371 459 511 507; x_wconf 72' lang='lat' dir='ltr'>nonunt</span> <span class='ocrx_word' id='word_1_2' title='bbox 538 459 583 505; x_wconf 87' lang='lat' dir='ltr'>nn</span> <span class='ocrx_word' id='word_1_3' title='bbox 608 459 718 508; x_wconf 72' lang='lat' dir='ltr'>carro</span> <span class='ocrx_word' id='word_1_4' title='bbox 742 457 908 508; x_wconf 80' lang='lat' dir='ltr'>nurnonio</span> <span class='ocrx_word' id='word_1_5' title='bbox 932 458 1044 506; x_wconf 79' lang='lat' dir='ltr'>arna</span> <span class='ocrx_word' id='word_1_6' title='bbox 1070 457 1272 506; x_wconf 77' lang='lat' dir='ltr'>ntvirturuu</span> <span class='ocrx_word' id='word_1_7' title='bbox 1296 456 1481 506; x_wconf 70' lang='lat' dir='ltr'>ventrina.</span> <span class='ocrx_word' id='word_1_8' title='bbox 1628 437 1700 532; x_wconf 72' lang='lat'>479</span> 
     </span>
    </p>
   </div>
   <div class='ocr_carea' id='block_1_2' title="bbox 161 585 1858 5143">
    <p class='ocr_par' dir='ltr' id='par_1_2' title="bbox 161 585 1788 850">
     <span class='ocr_line' id='line_1_2' title="bbox 161 585 1701 668; baseline 0.001 -23"><span class='ocrx_word' id='word_1_9' title='bbox 161 586 267 645; x_wconf 90' lang='grc' dir='ltr'>θυσίαν.</span> <span class='ocrx_word' id='word_1_10' title='bbox 281 587 375 645; x_wconf 75' lang='grc' dir='ltr'>Ταῦτα</span> <span class='ocrx_word' id='word_1_11' title='bbox 388 588 415 646; x_wconf 87' lang='grc' dir='ltr'>έν</span> <span class='ocrx_word' id='word_1_12' title='bbox 430 586 526 668; x_wconf 74' lang='grc' dir='ltr'>πείρφ·</span> <span class='ocrx_word' id='word_1_13' title='bbox 540 587 622 663; x_wconf 88' lang='grc' dir='ltr'>βλέπε</span> <span class='ocrx_word' id='word_1_14' title='bbox 636 585 674 646; x_wconf 82' lang='grc' dir='ltr'>δέ.</span> <span class='ocrx_word' id='word_1_15' title='bbox 686 586 727 646; x_wconf 57' lang='grc' dir='ltr'>,Τί</span> <span class='ocrx_word' id='word_1_16' title='bbox 742 585 933 665; x_wconf 75' lang='grc' dir='ltr'>ίπηγγείλατο,</span> <span class='ocrx_word' id='word_1_17' title='bbox 986 590 1068 646; x_wconf 82' lang='lat' dir='ltr'>auris</span> <span class='ocrx_word' id='word_1_18' title='bbox 1091 607 1151 644; x_wconf 83' lang='lat' dir='ltr'>non</span> <span class='ocrx_word' id='word_1_19' title='bbox 1171 586 1304 660; x_wconf 78' lang='lat' dir='ltr'>audivit,</span> <span class='ocrx_word' id='word_1_20' title='bbox 1316 597 1345 645; x_wconf 85' lang='lat' dir='ltr'>et</span> <span class='ocrx_word' id='word_1_21' title='bbox 1361 590 1394 644; x_wconf 83' lang='lat' dir='ltr'>in</span> <span class='ocrx_word' id='word_1_22' title='bbox 1416 607 1468 646; x_wconf 88' lang='lat' dir='ltr'>cor</span> <span class='ocrx_word' id='word_1_23' title='bbox 1490 586 1617 647; x_wconf 77' lang='lat' dir='ltr'>tomtnts</span> <span class='ocrx_word' id='word_1_24' title='bbox 1641 606 1701 646; x_wconf 84' lang='lat' dir='ltr'>non</span> 
     </span>
     <span class='ocr_line' id='line_1_3' title="bbox 163 676 1788 772; baseline 0.001 -36"><span class='ocrx_word' id='word_1_25' title='bbox 163 676 329 748; x_wconf 85' lang='grc' dir='ltr'>Ἀνόστασιν,</span> <span class='ocrx_word' id='word_1_26' title='bbox 350 678 483 755; x_wconf 82' lang='grc' dir='ltr'>σωμάτων</span> <span class='ocrx_word' id='word_1_27' title='bbox 498 678 656 759; x_wconf 91' lang='grc' dir='ltr'>ἀφθαρσίαν,</span> <span class='ocrx_word' id='word_1_28' title='bbox 666 679 715 750; x_wconf 68' lang='lat' dir='ltr'>riu</span> <span class='ocrx_word' id='word_1_29' title='bbox 730 677 798 756; x_wconf 80' lang='grc' dir='ltr'>μετὰ</span> <span class='ocrx_word' id='word_1_30' title='bbox 812 679 931 757; x_wconf 86' lang='grc' dir='ltr'>ἀγγέλων</span> <span class='ocrx_word' id='word_1_31' title='bbox 941 733 978 772; x_wconf 55' lang='lat'>4⁰2</span> <span class='ocrx_word' id='word_1_32' title='bbox 986 679 1193 754; x_wconf 80' lang='lat' dir='ltr'>ascenderunt,</span> <span class='ocrx_word' id='word_1_33' title='bbox 1209 699 1274 758; x_wconf 81' lang='lat' dir='ltr'>quoe</span> <span class='ocrx_word' id='word_1_34' title='bbox 1285 681 1464 758; x_wconf 80' lang='lat' dir='ltr'>proeparavt&#39;t</span> <span class='ocrx_word' id='word_1_35' title='bbox 1479 680 1561 739; x_wconf 85' lang='lat' dir='ltr'>Deus</span> <span class='ocrx_word' id='word_1_36' title='bbox 1576 679 1701 760; x_wconf 74' lang='lat' dir='ltr'>diligen·</span> <span class='ocrx_word' id='word_1_37' title='bbox 1784 707 1788 714; x_wconf 62' lang='grc'><em>’</em></span> 
     </span>
     <span class='ocr_line' id='line_1_4' title="bbox 162 768 1116 850; baseline 0.002 -23"><span class='ocrx_word' id='word_1_38' title='bbox 162 770 270 840; x_wconf 73' lang='grc' dir='ltr'>ἕνωσιν,</span> <span class='ocrx_word' id='word_1_39' title='bbox 297 768 345 842; x_wconf 76' lang='grc' dir='ltr'>πλν</span> <span class='ocrx_word' id='word_1_40' title='bbox 367 770 435 846; x_wconf 73' lang='grc' dir='ltr'>μετὰ</span> <span class='ocrx_word' id='word_1_41' title='bbox 458 769 632 849; x_wconf 86' lang='grc' dir='ltr'>ἀρχαγγίλιυν</span> <span class='ocrx_word' id='word_1_42' title='bbox 652 768 768 850; x_wconf 88' lang='grc' dir='ltr'>χορείαν,</span> <span class='ocrx_word' id='word_1_43' title='bbox 799 769 848 843; x_wconf 71' lang='grc' dir='ltr'>τὴν</span> <span class='ocrx_word' id='word_1_44' title='bbox 875 773 933 849; x_wconf 86' lang='grc' dir='ltr'>μετ’</span> <span class='ocrx_word' id='word_1_45' title='bbox 950 790 969 833; x_wconf 80' lang='grc' dir='ltr'><strong>Α</strong></span> <span class='ocrx_word' id='word_1_46' title='bbox 987 770 1065 828; x_wconf 83' lang='lat' dir='ltr'>tibus</span> <span class='ocrx_word' id='word_1_47' title='bbox 1077 788 1116 829; x_wconf 87' lang='lat' dir='ltr'>se.</span> 
     </span>
    </p>

    <p class='ocr_par' dir='ltr' id='par_1_3' title="bbox 164 859 934 942">
     <span class='ocr_line' id='line_1_5' title="bbox 164 859 934 942; baseline 0.003 -24"><span class='ocrx_word' id='word_1_48' title='bbox 164 862 245 919; x_wconf 81' lang='grc' dir='ltr'>αὐτοῦ</span> <span class='ocrx_word' id='word_1_49' title='bbox 258 860 406 934; x_wconf 77' lang='grc' dir='ltr'><strong>πολιτείαν,</strong></span> <span class='ocrx_word' id='word_1_50' title='bbox 417 861 465 931; x_wconf 78' lang='grc' dir='ltr'>τὴν</span> <span class='ocrx_word' id='word_1_51' title='bbox 479 859 548 932; x_wconf 76' lang='grc' dir='ltr'>ζωὴν</span> <span class='ocrx_word' id='word_1_52' title='bbox 558 860 607 933; x_wconf 74' lang='grc' dir='ltr'>τὴν</span> <span class='ocrx_word' id='word_1_53' title='bbox 623 859 815 942; x_wconf 82' lang='grc' dir='ltr'>ἀκήρατον,τά</span> <span class='ocrx_word' id='word_1_54' title='bbox 830 859 934 940; x_wconf 80' lang='grc' dir='ltr'>ἀγαθδ,</span> 
     </span>
    </p>

    <p class='ocr_par' dir='ltr' id='par_1_4' title="bbox 163 943 934 1031">
     <span class='ocr_line' id='line_1_6' title="bbox 163 943 934 1031; baseline -0.003 -19"><span class='ocrx_word' id='word_1_55' title='bbox 163 951 197 1012; x_wconf 76' lang='grc' dir='ltr'>’Δ</span> <span class='ocrx_word' id='word_1_56' title='bbox 210 951 344 1031; x_wconf 78' lang='grc' dir='ltr'>ὀφθαλμὸς</span> <span class='ocrx_word' id='word_1_57' title='bbox 367 954 415 1012; x_wconf 87' lang='grc' dir='ltr'>οὐκ</span> <span class='ocrx_word' id='word_1_58' title='bbox 436 943 505 1021; x_wconf 87' lang='grc' dir='ltr'>είδε,</span> <span class='ocrx_word' id='word_1_59' title='bbox 518 944 617 1019; x_wconf 68' lang='lat' dir='ltr'>sotei&lt;</span> <span class='ocrx_word' id='word_1_60' title='bbox 629 954 677 1013; x_wconf 81' lang='grc' dir='ltr'>οὐκ</span> <span class='ocrx_word' id='word_1_61' title='bbox 687 951 800 1027; x_wconf 81' lang='grc' dir='ltr'>ἤκουσε,</span> <span class='ocrx_word' id='word_1_62' title='bbox 822 951 868 1011; x_wconf 86' lang='grc' dir='ltr'>καί</span> <span class='ocrx_word' id='word_1_63' title='bbox 890 952 934 1012; x_wconf 67' lang='lat' dir='ltr'>tot</span> 
     </span>
    </p>

    <p class='ocr_par' dir='ltr' id='par_1_5' title="bbox 164 1042 935 1123">
     <span class='ocr_line' id='line_1_7' title="bbox 164 1042 935 1123; baseline 0.003 -23"><span class='ocrx_word' id='word_1_64' title='bbox 164 1042 276 1121; x_wconf 80' lang='grc' dir='ltr'>καρδίαν</span> <span class='ocrx_word' id='word_1_65' title='bbox 286 1044 424 1122; x_wconf 75' lang='grc' dir='ltr'>ἀνθρώπω</span> <span class='ocrx_word' id='word_1_66' title='bbox 435 1046 483 1103; x_wconf 86' lang='grc' dir='ltr'>οὐκ</span> <span class='ocrx_word' id='word_1_67' title='bbox 492 1043 584 1118; x_wconf 79' lang='grc' dir='ltr'>ἀνέὸη,</span> <span class='ocrx_word' id='word_1_68' title='bbox 595 1044 766 1123; x_wconf 79' lang='grc' dir='ltr'>ἀὴτοίμασεν</span> <span class='ocrx_word' id='word_1_69' title='bbox 778 1049 792 1104; x_wconf 83' lang='grc' dir='ltr'>θ</span> <span class='ocrx_word' id='word_1_70' title='bbox 803 1044 873 1111; x_wconf 78' lang='grc' dir='ltr'>Θεὸς</span> <span class='ocrx_word' id='word_1_71' title='bbox 881 1052 935 1111; x_wconf 87' lang='grc' dir='ltr'>τοῖς</span> 
     </span>
    </p>

    <p class='ocr_par' dir='ltr' id='par_1_6' title="bbox 165 1135 402 1213">
     <span class='ocr_line' id='line_1_8' title="bbox 165 1135 402 1213; baseline 0.008 -22"><span class='ocrx_word' id='word_1_72' title='bbox 165 1136 305 1213; x_wconf 84' lang='grc' dir='ltr'>ἀγαπῶσιν</span> <span class='ocrx_word' id='word_1_73' title='bbox 315 1135 402 1194; x_wconf 83' lang='grc' dir='ltr'>αὐτόν.</span> 
     </span>
    </p>

    <p class='ocr_par' dir='ltr' id='par_1_7' title="bbox 164 1222 1858 5143">
     <span class='ocr_line' id='line_1_9' title="bbox 205 1222 1703 1305; baseline 0 -21"><span class='ocrx_word' id='word_1_74' title='bbox 205 1224 303 1285; x_wconf 89' lang='grc' dir='ltr'>Σύνετε</span> <span class='ocrx_word' id='word_1_75' title='bbox 325 1227 356 1286; x_wconf 85' lang='grc' dir='ltr'>τὸ</span> <span class='ocrx_word' id='word_1_76' title='bbox 376 1225 528 1305; x_wconf 79' lang='grc' dir='ltr'>λεγόμενον,</span> <span class='ocrx_word' id='word_1_77' title='bbox 551 1225 588 1305; x_wconf 85' lang='grc' dir='ltr'>μὴ</span> <span class='ocrx_word' id='word_1_78' title='bbox 614 1227 762 1298; x_wconf 70' lang='grc' dir='ltr'>ἀπολέσητε</span> <span class='ocrx_word' id='word_1_79' title='bbox 785 1227 866 1287; x_wconf 87' lang='grc' dir='ltr'>αὗτό·</span> <span class='ocrx_word' id='word_1_80' title='bbox 890 1226 933 1286; x_wconf 78' lang='grc' dir='ltr'>διδ</span> <span class='ocrx_word' id='word_1_81' title='bbox 1028 1225 1075 1295; x_wconf 73' lang='lat' dir='ltr'>iti.</span> <span class='ocrx_word' id='word_1_82' title='bbox 1089 1223 1236 1303; x_wconf 76' lang='lat' dir='ltr'>intelligite</span> <span class='ocrx_word' id='word_1_83' title='bbox 1249 1222 1278 1282; x_wconf 92' lang='lat' dir='ltr'>id</span> <span class='ocrx_word' id='word_1_84' title='bbox 1283 1268 1292 1295; x_wconf 89' lang='lat'><em>,</em></span> <span class='ocrx_word' id='word_1_85' title='bbox 1308 1222 1382 1303; x_wconf 90' lang='lat' dir='ltr'>quod</span> <span class='ocrx_word' id='word_1_86' title='bbox 1394 1223 1496 1283; x_wconf 89' lang='lat' dir='ltr'>dicitur</span> <span class='ocrx_word' id='word_1_87' title='bbox 1509 1234 1520 1280; x_wconf 74' lang='grc' dir='ltr'>ι’</span> <span class='ocrx_word' id='word_1_88' title='bbox 1532 1245 1566 1285; x_wconf 87' lang='lat' dir='ltr'>ne</span> <span class='ocrx_word' id='word_1_89' title='bbox 1583 1224 1703 1305; x_wconf 81' lang='lat' dir='ltr'>perdatis</span> 
     </span>
     <span class='ocr_line' id='line_1_10' title="bbox 164 1310 1704 1396; baseline 0 -21"><span class='ocrx_word' id='word_1_90' title='bbox 164 1321 245 1376; x_wconf 76' lang='grc' dir='ltr'>τοῦτο</span> <span class='ocrx_word' id='word_1_91' title='bbox 265 1316 377 1392; x_wconf 85' lang='grc' dir='ltr'>κόμνω,</span> <span class='ocrx_word' id='word_1_92' title='bbox 395 1316 438 1376; x_wconf 90' lang='grc' dir='ltr'>ίνα</span> <span class='ocrx_word' id='word_1_93' title='bbox 454 1317 574 1390; x_wconf 75' lang='grc' dir='ltr'>νοήσητε.</span> <span class='ocrx_word' id='word_1_94' title='bbox 587 1321 634 1386; x_wconf 86' lang='grc' dir='ltr'>Εἰς</span> <span class='ocrx_word' id='word_1_95' title='bbox 646 1317 692 1377; x_wconf 88' lang='grc' dir='ltr'>δύο</span> <span class='ocrx_word' id='word_1_96' title='bbox 703 1310 747 1378; x_wconf 59' lang='lat' dir='ltr'>oti</span> <span class='ocrx_word' id='word_1_97' title='bbox 768 1310 800 1391; x_wconf 72' lang='grc' dir='ltr'>ἦν</span> <span class='ocrx_word' id='word_1_98' title='bbox 822 1322 934 1391; x_wconf 76' lang='grc' dir='ltr'>αύτῆςὴ</span> <span class='ocrx_word' id='word_1_99' title='bbox 987 1313 1073 1375; x_wconf 87' lang='lat' dir='ltr'>illud:</span> <span class='ocrx_word' id='word_1_100' title='bbox 1086 1315 1147 1374; x_wconf 88' lang='lat' dir='ltr'>ideo</span> <span class='ocrx_word' id='word_1_101' title='bbox 1156 1316 1262 1392; x_wconf 86' lang='lat' dir='ltr'>laboro,</span> <span class='ocrx_word' id='word_1_102' title='bbox 1272 1328 1303 1374; x_wconf 90' lang='lat' dir='ltr'>ut</span> <span class='ocrx_word' id='word_1_103' title='bbox 1316 1315 1483 1394; x_wconf 80' lang='lat' dir='ltr'>intelligatis.</span> <span class='ocrx_word' id='word_1_104' title='bbox 1497 1317 1528 1375; x_wconf 90' lang='lat' dir='ltr'>ln</span> <span class='ocrx_word' id='word_1_105' title='bbox 1540 1315 1609 1376; x_wconf 83' lang='lat' dir='ltr'>duas</span> <span class='ocrx_word' id='word_1_106' title='bbox 1618 1316 1704 1396; x_wconf 82' lang='lat' dir='ltr'>igitur</span> 
     </span>
     <span class='ocr_line' id='line_1_11' title="bbox 164 1405 1702 1492; baseline 0.002 -29"><span class='ocrx_word' id='word_1_107' title='bbox 164 1405 245 1486; x_wconf 77' lang='grc' dir='ltr'>προῖξ</span> <span class='ocrx_word' id='word_1_108' title='bbox 268 1409 429 1488; x_wconf 73' lang='grc' dir='ltr'>διῃρημένη,</span> <span class='ocrx_word' id='word_1_109' title='bbox 448 1408 529 1477; x_wconf 72' lang='grc' dir='ltr'>είςτά</span> <span class='ocrx_word' id='word_1_110' title='bbox 544 1409 680 1492; x_wconf 82' lang='grc' dir='ltr'>παρόντα,</span> <span class='ocrx_word' id='word_1_111' title='bbox 699 1409 745 1469; x_wconf 84' lang='grc' dir='ltr'>καλ</span> <span class='ocrx_word' id='word_1_112' title='bbox 759 1412 795 1477; x_wconf 83' lang='grc' dir='ltr'>είς</span> <span class='ocrx_word' id='word_1_113' title='bbox 814 1408 850 1470; x_wconf 65' lang='grc' dir='ltr'>τὰ</span> <span class='ocrx_word' id='word_1_114' title='bbox 872 1410 935 1487; x_wconf 78' lang='grc' dir='ltr'>μέλ-</span> <span class='ocrx_word' id='word_1_115' title='bbox 987 1419 1077 1487; x_wconf 77' lang='lat' dir='ltr'>partes</span> <span class='ocrx_word' id='word_1_116' title='bbox 1090 1407 1208 1466; x_wconf 81' lang='lat' dir='ltr'>eratdos</span> <span class='ocrx_word' id='word_1_117' title='bbox 1221 1408 1279 1486; x_wconf 85' lang='lat' dir='ltr'>ejus</span> <span class='ocrx_word' id='word_1_118' title='bbox 1294 1405 1440 1479; x_wconf 71' lang='lat' dir='ltr'>di&#39;tisa3in</span> <span class='ocrx_word' id='word_1_119' title='bbox 1462 1406 1617 1486; x_wconf 66' lang='lat' dir='ltr'>praesentia,</span> <span class='ocrx_word' id='word_1_120' title='bbox 1635 1408 1702 1467; x_wconf 81' lang='lat' dir='ltr'>etin</span> 
     </span>
     <span class='ocr_line' id='line_1_12' title="bbox 164 1497 1704 1580; baseline -0.001 -23"><span class='ocrx_word' id='word_1_121' title='bbox 164 1500 261 1557; x_wconf 89' lang='grc' dir='ltr'>λοντα·</span> <span class='ocrx_word' id='word_1_122' title='bbox 272 1501 308 1566; x_wconf 83' lang='grc' dir='ltr'>είς</span> <span class='ocrx_word' id='word_1_123' title='bbox 321 1498 356 1556; x_wconf 79' lang='grc' dir='ltr'>τὰ</span> <span class='ocrx_word' id='word_1_124' title='bbox 368 1499 490 1579; x_wconf 83' lang='grc' dir='ltr'>ὁρώμενα</span> <span class='ocrx_word' id='word_1_125' title='bbox 498 1544 507 1575; x_wconf 98' lang='grc'>,</span> <span class='ocrx_word' id='word_1_126' title='bbox 521 1500 660 1568; x_wconf 71' lang='grc' dir='ltr'>καλεῖςτί</span> <span class='ocrx_word' id='word_1_127' title='bbox 675 1500 842 1580; x_wconf 75' lang='grc' dir='ltr'>ἀκουόμενα·</span> <span class='ocrx_word' id='word_1_128' title='bbox 854 1500 935 1567; x_wconf 81' lang='grc' dir='ltr'>είςτὰ</span> <span class='ocrx_word' id='word_1_129' title='bbox 987 1499 1095 1573; x_wconf 81' lang='lat' dir='ltr'>futura3</span> <span class='ocrx_word' id='word_1_130' title='bbox 1107 1497 1136 1556; x_wconf 89' lang='lat' dir='ltr'>in</span> <span class='ocrx_word' id='word_1_131' title='bbox 1152 1519 1182 1556; x_wconf 86' lang='lat' dir='ltr'>ea</span> <span class='ocrx_word' id='word_1_132' title='bbox 1203 1518 1265 1575; x_wconf 79' lang='lat' dir='ltr'>qua</span> <span class='ocrx_word' id='word_1_133' title='bbox 1287 1497 1367 1572; x_wconf 86' lang='lat' dir='ltr'>visu,</span> <span class='ocrx_word' id='word_1_134' title='bbox 1387 1509 1413 1555; x_wconf 85' lang='lat' dir='ltr'>et</span> <span class='ocrx_word' id='word_1_135' title='bbox 1433 1499 1463 1555; x_wconf 93' lang='lat' dir='ltr'>in</span> <span class='ocrx_word' id='word_1_136' title='bbox 1483 1519 1513 1556; x_wconf 86' lang='lat' dir='ltr'>ea</span> <span class='ocrx_word' id='word_1_137' title='bbox 1526 1519 1588 1576; x_wconf 75' lang='lat' dir='ltr'>qua</span> <span class='ocrx_word' id='word_1_138' title='bbox 1607 1498 1704 1558; x_wconf 87' lang='lat' dir='ltr'>auditu</span> 
     </span>
     <span class='ocr_line' id='line_1_13' title="bbox 165 1586 1703 1671; baseline 0.002 -24"><span class='ocrx_word' id='word_1_139' title='bbox 165 1590 309 1667; x_wconf 75' lang='grc' dir='ltr'>δεδομένα,</span> <span class='ocrx_word' id='word_1_140' title='bbox 322 1590 367 1648; x_wconf 86' lang='grc' dir='ltr'>καί</span> <span class='ocrx_word' id='word_1_141' title='bbox 381 1593 417 1658; x_wconf 79' lang='grc' dir='ltr'>είς</span> <span class='ocrx_word' id='word_1_142' title='bbox 431 1591 466 1651; x_wconf 73' lang='grc' dir='ltr'>τὰ</span> <span class='ocrx_word' id='word_1_143' title='bbox 478 1592 670 1670; x_wconf 92' lang='grc' dir='ltr'>πιστευόμενα·</span> <span class='ocrx_word' id='word_1_144' title='bbox 692 1596 728 1659; x_wconf 82' lang='grc' dir='ltr'>εἰς</span> <span class='ocrx_word' id='word_1_145' title='bbox 746 1593 781 1653; x_wconf 70' lang='lat' dir='ltr'>ed</span> <span class='ocrx_word' id='word_1_146' title='bbox 794 1597 821 1653; x_wconf 83' lang='grc' dir='ltr'>έν</span> <span class='ocrx_word' id='word_1_147' title='bbox 835 1592 935 1671; x_wconf 72' lang='grc' dir='ltr'>πείρᾳ,</span> <span class='ocrx_word' id='word_1_148' title='bbox 987 1589 1187 1670; x_wconf 83' lang='lat' dir='ltr'>percipiuntur;</span> <span class='ocrx_word' id='word_1_149' title='bbox 1201 1589 1229 1647; x_wconf 90' lang='lat' dir='ltr'>in</span> <span class='ocrx_word' id='word_1_150' title='bbox 1250 1609 1281 1647; x_wconf 86' lang='lat' dir='ltr'>ea</span> <span class='ocrx_word' id='word_1_151' title='bbox 1296 1608 1356 1666; x_wconf 83' lang='lat' dir='ltr'>quae</span> <span class='ocrx_word' id='word_1_152' title='bbox 1370 1586 1486 1666; x_wconf 87' lang='lat' dir='ltr'>dantur,</span> <span class='ocrx_word' id='word_1_153' title='bbox 1502 1603 1528 1649; x_wconf 90' lang='lat' dir='ltr'>et</span> <span class='ocrx_word' id='word_1_154' title='bbox 1545 1589 1573 1649; x_wconf 91' lang='lat' dir='ltr'>in</span> <span class='ocrx_word' id='word_1_155' title='bbox 1587 1611 1618 1648; x_wconf 88' lang='lat' dir='ltr'>ea</span> <span class='ocrx_word' id='word_1_156' title='bbox 1643 1611 1703 1668; x_wconf 85' lang='lat' dir='ltr'>qute</span> 
     </span>
     <span class='ocr_line' id='line_1_14' title="bbox 164 1679 1704 1764; baseline 0.003 -27"><span class='ocrx_word' id='word_1_157' title='bbox 164 1679 213 1738; x_wconf 81' lang='grc' dir='ltr'>καί</span> <span class='ocrx_word' id='word_1_158' title='bbox 225 1682 262 1747; x_wconf 85' lang='grc' dir='ltr'>είς</span> <span class='ocrx_word' id='word_1_159' title='bbox 275 1680 309 1740; x_wconf 75' lang='grc' dir='ltr'>τὰ</span> <span class='ocrx_word' id='word_1_160' title='bbox 321 1684 348 1739; x_wconf 85' lang='grc' dir='ltr'>ἐν</span> <span class='ocrx_word' id='word_1_161' title='bbox 362 1681 521 1741; x_wconf 80' lang='grc' dir='ltr'>ἀπολαύσει·</span> <span class='ocrx_word' id='word_1_162' title='bbox 541 1686 577 1750; x_wconf 83' lang='grc' dir='ltr'>εἰς</span> <span class='ocrx_word' id='word_1_163' title='bbox 591 1681 625 1742; x_wconf 82' lang='grc' dir='ltr'>τδι</span> <span class='ocrx_word' id='word_1_164' title='bbox 639 1688 665 1743; x_wconf 83' lang='grc' dir='ltr'>ἐν</span> <span class='ocrx_word' id='word_1_165' title='bbox 680 1687 714 1762; x_wconf 77' lang='grc' dir='ltr'>τῇ</span> <span class='ocrx_word' id='word_1_166' title='bbox 728 1683 850 1764; x_wconf 75' lang='grc' dir='ltr'>παρούσῃ</span> <span class='ocrx_word' id='word_1_167' title='bbox 864 1686 935 1760; x_wconf 82' lang='grc' dir='ltr'>ζωῇ,</span> <span class='ocrx_word' id='word_1_168' title='bbox 987 1679 1153 1755; x_wconf 76' lang='lat' dir='ltr'>creduntur3</span> <span class='ocrx_word' id='word_1_169' title='bbox 1168 1680 1197 1738; x_wconf 91' lang='lat' dir='ltr'>in</span> <span class='ocrx_word' id='word_1_170' title='bbox 1219 1700 1249 1738; x_wconf 92' lang='lat' dir='ltr'>ea</span> <span class='ocrx_word' id='word_1_171' title='bbox 1267 1700 1328 1758; x_wconf 75' lang='lat' dir='ltr'>quae</span> <span class='ocrx_word' id='word_1_172' title='bbox 1342 1679 1370 1737; x_wconf 88' lang='lat' dir='ltr'>in</span> <span class='ocrx_word' id='word_1_173' title='bbox 1383 1680 1561 1760; x_wconf 79' lang='lat' dir='ltr'>experientia,</span> <span class='ocrx_word' id='word_1_174' title='bbox 1574 1694 1601 1741; x_wconf 91' lang='lat' dir='ltr'>et</span> <span class='ocrx_word' id='word_1_175' title='bbox 1620 1681 1649 1741; x_wconf 92' lang='lat' dir='ltr'>in</span> <span class='ocrx_word' id='word_1_176' title='bbox 1672 1702 1704 1741; x_wconf 87' lang='lat' dir='ltr'>ea</span> 
     </span>
     <span class='ocr_line' id='line_1_15' title="bbox 165 1770 1704 1852; baseline 0.003 -23"><span class='ocrx_word' id='word_1_177' title='bbox 165 1770 213 1829; x_wconf 82' lang='grc' dir='ltr'>καί</span> <span class='ocrx_word' id='word_1_178' title='bbox 230 1774 267 1839; x_wconf 84' lang='grc' dir='ltr'>είς</span> <span class='ocrx_word' id='word_1_179' title='bbox 289 1771 323 1830; x_wconf 76' lang='lat' dir='ltr'>ed</span> <span class='ocrx_word' id='word_1_180' title='bbox 347 1770 417 1849; x_wconf 73' lang='lat' dir='ltr'>perd</span> <span class='ocrx_word' id='word_1_181' title='bbox 438 1771 487 1844; x_wconf 76' lang='grc' dir='ltr'>τλν</span> <span class='ocrx_word' id='word_1_182' title='bbox 512 1774 666 1836; x_wconf 81' lang='grc' dir='ltr'>ἀνάστασιν.</span> <span class='ocrx_word' id='word_1_183' title='bbox 688 1776 782 1834; x_wconf 78' lang='grc' dir='ltr'>Ταῦτα</span> <span class='ocrx_word' id='word_1_184' title='bbox 810 1775 934 1852; x_wconf 85' lang='grc' dir='ltr'>βλέπεις,</span> <span class='ocrx_word' id='word_1_185' title='bbox 988 1794 1048 1850; x_wconf 82' lang='lat' dir='ltr'>quae</span> <span class='ocrx_word' id='word_1_186' title='bbox 1061 1772 1284 1851; x_wconf 46' lang='lat' dir='ltr'>infruitionepiu</span> <span class='ocrx_word' id='word_1_187' title='bbox 1299 1793 1330 1830; x_wconf 88' lang='lat' dir='ltr'>ea</span> <span class='ocrx_word' id='word_1_188' title='bbox 1344 1791 1403 1849; x_wconf 80' lang='lat' dir='ltr'>quae</span> <span class='ocrx_word' id='word_1_189' title='bbox 1417 1772 1581 1852; x_wconf 75' lang='lat' dir='ltr'>inpraesenti</span> <span class='ocrx_word' id='word_1_190' title='bbox 1595 1773 1663 1851; x_wconf 84' lang='lat' dir='ltr'>vita,</span> <span class='ocrx_word' id='word_1_191' title='bbox 1678 1789 1704 1833; x_wconf 91' lang='lat' dir='ltr'>et</span> 
     </span>
     <span class='ocr_line' id='line_1_16' title="bbox 165 1857 1704 1945; baseline 0.003 -25"><span class='ocrx_word' id='word_1_192' title='bbox 165 1863 254 1923; x_wconf 83' lang='grc' dir='ltr'>ίκεῖνα</span> <span class='ocrx_word' id='word_1_193' title='bbox 275 1863 385 1931; x_wconf 83' lang='grc' dir='ltr'>ἀκούεις.</span> <span class='ocrx_word' id='word_1_194' title='bbox 408 1865 495 1924; x_wconf 81' lang='grc' dir='ltr'>Βλέπε</span> <span class='ocrx_word' id='word_1_195' title='bbox 516 1857 570 1940; x_wconf 79' lang='grc' dir='ltr'>σύν,</span> <span class='ocrx_word' id='word_1_196' title='bbox 593 1867 620 1926; x_wconf 87' lang='grc' dir='ltr'>τί</span> <span class='ocrx_word' id='word_1_197' title='bbox 640 1867 713 1945; x_wconf 86' lang='grc' dir='ltr'>λέγει</span> <span class='ocrx_word' id='word_1_198' title='bbox 732 1870 818 1940; x_wconf 71' lang='grc' dir='ltr'>αὐτῇ,</span> <span class='ocrx_word' id='word_1_199' title='bbox 831 1867 876 1925; x_wconf 79' lang='grc' dir='ltr'>ἵνα</span> <span class='ocrx_word' id='word_1_200' title='bbox 897 1869 934 1945; x_wconf 80' lang='grc' dir='ltr'>μὴ</span> <span class='ocrx_word' id='word_1_201' title='bbox 953 1884 970 1930; x_wconf 82' lang='lat' dir='ltr'>a</span> <span class='ocrx_word' id='word_1_202' title='bbox 990 1861 1019 1923; x_wconf 91' lang='lat' dir='ltr'>in</span> <span class='ocrx_word' id='word_1_203' title='bbox 1033 1886 1064 1924; x_wconf 87' lang='lat' dir='ltr'>ea</span> <span class='ocrx_word' id='word_1_204' title='bbox 1080 1885 1139 1943; x_wconf 85' lang='lat' dir='ltr'>quae</span> <span class='ocrx_word' id='word_1_205' title='bbox 1153 1876 1215 1943; x_wconf 88' lang='lat' dir='ltr'>post</span> <span class='ocrx_word' id='word_1_206' title='bbox 1230 1862 1462 1922; x_wconf 80' lang='lat' dir='ltr'>resurrectionem.</span> <span class='ocrx_word' id='word_1_207' title='bbox 1477 1863 1540 1921; x_wconf 77' lang='lat' dir='ltr'>Haec</span> <span class='ocrx_word' id='word_1_208' title='bbox 1553 1863 1640 1942; x_wconf 83' lang='lat' dir='ltr'>vides,</span> <span class='ocrx_word' id='word_1_209' title='bbox 1655 1865 1704 1926; x_wconf 82' lang='lat' dir='ltr'>itta</span> 
     </span>
     <span class='ocr_line' id='line_1_17' title="bbox 164 1949 1704 2036; baseline 0.004 -26"><span class='ocrx_word' id='word_1_210' title='bbox 164 1954 280 2035; x_wconf 83' lang='grc' dir='ltr'>νομίσῃ,</span> <span class='ocrx_word' id='word_1_211' title='bbox 294 1955 335 2014; x_wconf 82' lang='grc' dir='ltr'>ότι</span> <span class='ocrx_word' id='word_1_212' title='bbox 344 1960 428 2014; x_wconf 78' lang='grc' dir='ltr'>ταῦτα</span> <span class='ocrx_word' id='word_1_213' title='bbox 440 1957 518 2033; x_wconf 89' lang='grc' dir='ltr'>μόνον</span> <span class='ocrx_word' id='word_1_214' title='bbox 528 1956 621 2017; x_wconf 70' lang='grc' dir='ltr'>ἔλαθε·</span> <span class='ocrx_word' id='word_1_215' title='bbox 632 1957 720 2018; x_wconf 89' lang='grc' dir='ltr'>καίτοι</span> <span class='ocrx_word' id='word_1_216' title='bbox 734 1958 840 2036; x_wconf 77' lang='grc' dir='ltr'>μεγάλα</span> <span class='ocrx_word' id='word_1_217' title='bbox 848 1949 881 2030; x_wconf 69' lang='grc' dir='ltr'>ἧν</span> <span class='ocrx_word' id='word_1_218' title='bbox 891 1958 937 2024; x_wconf 81' lang='grc' dir='ltr'>καί</span> <span class='ocrx_word' id='word_1_219' title='bbox 989 1955 1076 2017; x_wconf 87' lang='lat' dir='ltr'>audis.</span> <span class='ocrx_word' id='word_1_220' title='bbox 1090 1955 1163 2016; x_wconf 91' lang='lat' dir='ltr'>Vide</span> <span class='ocrx_word' id='word_1_221' title='bbox 1175 1954 1261 2034; x_wconf 78' lang='lat' dir='ltr'>igitur</span> <span class='ocrx_word' id='word_1_222' title='bbox 1273 1953 1341 2033; x_wconf 90' lang='lat' dir='ltr'>quid</span> <span class='ocrx_word' id='word_1_223' title='bbox 1353 1952 1427 2012; x_wconf 77' lang='lat' dir='ltr'>dieat</span> <span class='ocrx_word' id='word_1_224' title='bbox 1441 1953 1494 2024; x_wconf 88' lang='lat' dir='ltr'>iili,</span> <span class='ocrx_word' id='word_1_225' title='bbox 1508 1968 1538 2013; x_wconf 92' lang='lat' dir='ltr'>ut</span> <span class='ocrx_word' id='word_1_226' title='bbox 1550 1976 1584 2015; x_wconf 90' lang='lat' dir='ltr'>ue</span> <span class='ocrx_word' id='word_1_227' title='bbox 1598 1970 1704 2035; x_wconf 86' lang='lat' dir='ltr'>putaret</span> 
     </span>
     <span class='ocr_line' id='line_1_18' title="bbox 166 2044 1704 2130; baseline 0.002 -27"><span class='ocrx_word' id='word_1_228' title='bbox 166 2044 306 2125; x_wconf 77' lang='grc' dir='ltr'>ἀπόρρητα</span> <span class='ocrx_word' id='word_1_229' title='bbox 316 2045 363 2105; x_wconf 85' lang='grc' dir='ltr'>καί</span> <span class='ocrx_word' id='word_1_230' title='bbox 373 2056 462 2106; x_wconf 82' lang='grc' dir='ltr'>πᾶσαν</span> <span class='ocrx_word' id='word_1_231' title='bbox 472 2048 589 2107; x_wconf 86' lang='grc' dir='ltr'>διάνυιαν</span> <span class='ocrx_word' id='word_1_232' title='bbox 599 2048 937 2130; x_wconf 77' lang='grc' dir='ltr'>ὑπερόαίνοντα.Ἄκουσσν,</span> <span class='ocrx_word' id='word_1_233' title='bbox 989 2049 1065 2128; x_wconf 91' lang='lat' dir='ltr'>quod</span> <span class='ocrx_word' id='word_1_234' title='bbox 1079 2049 1139 2108; x_wconf 81' lang='lat' dir='ltr'>haec</span> <span class='ocrx_word' id='word_1_235' title='bbox 1151 2048 1240 2107; x_wconf 87' lang='lat' dir='ltr'>solum</span> <span class='ocrx_word' id='word_1_236' title='bbox 1250 2046 1409 2127; x_wconf 80' lang='lat' dir='ltr'>accepisset:</span> <span class='ocrx_word' id='word_1_237' title='bbox 1420 2044 1470 2105; x_wconf 85' lang='lat' dir='ltr'>etsi</span> <span class='ocrx_word' id='word_1_238' title='bbox 1482 2067 1579 2126; x_wconf 82' lang='lat' dir='ltr'>magua</span> <span class='ocrx_word' id='word_1_239' title='bbox 1592 2061 1667 2108; x_wconf 83' lang='lat' dir='ltr'>eraut</span> <span class='ocrx_word' id='word_1_240' title='bbox 1678 2061 1704 2106; x_wconf 90' lang='lat' dir='ltr'>et</span> 
     </span>
     <span class='ocr_line' id='line_1_19' title="bbox 165 2136 1702 2219; baseline 0.003 -23"><span class='ocrx_word' id='word_1_241' title='bbox 165 2137 300 2216; x_wconf 82' lang='grc' dir='ltr'>θύγατερ,</span> <span class='ocrx_word' id='word_1_242' title='bbox 315 2138 360 2197; x_wconf 81' lang='grc' dir='ltr'>καί</span> <span class='ocrx_word' id='word_1_243' title='bbox 373 2136 428 2196; x_wconf 64' lang='lat' dir='ltr'>te.-</span> <span class='ocrx_word' id='word_1_244' title='bbox 443 2138 554 2198; x_wconf 84' lang='grc' dir='ltr'>ἄκουσον</span> <span class='ocrx_word' id='word_1_245' title='bbox 569 2143 657 2200; x_wconf 83' lang='grc' dir='ltr'>έκεῐνα</span> <span class='ocrx_word' id='word_1_246' title='bbox 667 2186 676 2214; x_wconf 91' lang='grc'>,</span> <span class='ocrx_word' id='word_1_247' title='bbox 688 2141 734 2199; x_wconf 90' lang='grc' dir='ltr'>καί</span> <span class='ocrx_word' id='word_1_248' title='bbox 749 2140 831 2219; x_wconf 87' lang='grc' dir='ltr'>βλέπε</span> <span class='ocrx_word' id='word_1_249' title='bbox 843 2145 937 2201; x_wconf 81' lang='grc' dir='ltr'>ταῦτα·</span> <span class='ocrx_word' id='word_1_250' title='bbox 990 2140 1180 2213; x_wconf 85' lang='lat' dir='ltr'>ineffabilia‚et</span> <span class='ocrx_word' id='word_1_251' title='bbox 1189 2152 1306 2198; x_wconf 85' lang='lat' dir='ltr'>mentem</span> <span class='ocrx_word' id='word_1_252' title='bbox 1315 2158 1422 2197; x_wconf 82' lang='lat' dir='ltr'>omnem</span> <span class='ocrx_word' id='word_1_253' title='bbox 1432 2139 1595 2218; x_wconf 78' lang='lat' dir='ltr'>superantia.</span> <span class='ocrx_word' id='word_1_254' title='bbox 1606 2141 1702 2213; x_wconf 82' lang='lat' dir='ltr'>Audi,</span> 
     </span>
     <span class='ocr_line' id='line_1_20' title="bbox 164 2226 1701 2312; baseline 0.004 -28"><span class='ocrx_word' id='word_1_255' title='bbox 164 2226 211 2286; x_wconf 83' lang='grc' dir='ltr'>ἵνα</span> <span class='ocrx_word' id='word_1_256' title='bbox 221 2226 260 2305; x_wconf 77' lang='grc' dir='ltr'>μὴ</span> <span class='ocrx_word' id='word_1_257' title='bbox 271 2229 365 2307; x_wconf 80' lang='grc' dir='ltr'>λέγῃς,</span> <span class='ocrx_word' id='word_1_258' title='bbox 376 2228 458 2288; x_wconf 83' lang='grc' dir='ltr'>πόλιν</span> <span class='ocrx_word' id='word_1_259' title='bbox 469 2231 511 2290; x_wconf 84' lang='grc' dir='ltr'>ἐπ’</span> <span class='ocrx_word' id='word_1_260' title='bbox 522 2229 624 2303; x_wconf 77' lang='grc' dir='ltr'>ἐλπίδι,</span> <span class='ocrx_word' id='word_1_261' title='bbox 636 2230 717 2290; x_wconf 84' lang='grc' dir='ltr'>πόλιν</span> <span class='ocrx_word' id='word_1_262' title='bbox 732 2234 759 2291; x_wconf 86' lang='grc' dir='ltr'>έν</span> <span class='ocrx_word' id='word_1_263' title='bbox 771 2230 859 2292; x_wconf 86' lang='grc' dir='ltr'>πίστει</span> <span class='ocrx_word' id='word_1_264' title='bbox 866 2255 876 2308; x_wconf 90' lang='lat'>;</span> <span class='ocrx_word' id='word_1_265' title='bbox 885 2232 938 2291; x_wconf 69' lang='lat' dir='ltr'>ua·</span> <span class='ocrx_word' id='word_1_266' title='bbox 987 2233 1065 2312; x_wconf 74' lang='lat' dir='ltr'>filia,</span> <span class='ocrx_word' id='word_1_267' title='bbox 1073 2245 1102 2290; x_wconf 87' lang='lat' dir='ltr'>et</span> <span class='ocrx_word' id='word_1_268' title='bbox 1112 2233 1198 2290; x_wconf 82' lang='lat' dir='ltr'>uide:</span> <span class='ocrx_word' id='word_1_269' title='bbox 1206 2229 1270 2289; x_wconf 91' lang='lat' dir='ltr'>audi</span> <span class='ocrx_word' id='word_1_270' title='bbox 1280 2229 1369 2304; x_wconf 86' lang='lat' dir='ltr'>illa,et</span> <span class='ocrx_word' id='word_1_271' title='bbox 1377 2229 1434 2287; x_wconf 81' lang='lat' dir='ltr'>hac</span> <span class='ocrx_word' id='word_1_272' title='bbox 1443 2229 1519 2306; x_wconf 80' lang='lat' dir='ltr'>vide3</span> <span class='ocrx_word' id='word_1_273' title='bbox 1528 2244 1557 2290; x_wconf 93' lang='lat' dir='ltr'>ut</span> <span class='ocrx_word' id='word_1_274' title='bbox 1568 2253 1602 2291; x_wconf 86' lang='lat' dir='ltr'>ue</span> <span class='ocrx_word' id='word_1_275' title='bbox 1610 2231 1701 2292; x_wconf 79' lang='lat' dir='ltr'>diors:</span> 
     </span>
     <span class='ocr_line' id='line_1_21' title="bbox 164 2319 1704 2403; baseline 0.003 -27"><span class='ocrx_word' id='word_1_276' title='bbox 164 2322 208 2377; x_wconf 91' lang='grc' dir='ltr'>λιν</span> <span class='ocrx_word' id='word_1_277' title='bbox 228 2320 255 2378; x_wconf 82' lang='grc' dir='ltr'>έν</span> <span class='ocrx_word' id='word_1_278' title='bbox 277 2324 316 2399; x_wconf 81' lang='grc' dir='ltr'>τῷ</span> <span class='ocrx_word' id='word_1_279' title='bbox 329 2319 467 2398; x_wconf 72' lang='grc' dir='ltr'>μέλλοντι,</span> <span class='ocrx_word' id='word_1_280' title='bbox 484 2320 538 2380; x_wconf 84' lang='grc' dir='ltr'>Καί</span> <span class='ocrx_word' id='word_1_281' title='bbox 551 2320 647 2399; x_wconf 86' lang='grc' dir='ltr'>βλέπε·</span> <span class='ocrx_word' id='word_1_282' title='bbox 662 2321 697 2381; x_wconf 75' lang='lat' dir='ltr'>ed</span> <span class='ocrx_word' id='word_1_283' title='bbox 713 2321 761 2399; x_wconf 80' lang='grc' dir='ltr'>μίν</span> <span class='ocrx_word' id='word_1_284' title='bbox 775 2322 890 2401; x_wconf 88' lang='grc' dir='ltr'>δίδωμι,</span> <span class='ocrx_word' id='word_1_285' title='bbox 903 2323 937 2384; x_wconf 80' lang='grc' dir='ltr'>τδ</span> <span class='ocrx_word' id='word_1_286' title='bbox 990 2325 1109 2383; x_wconf 70' lang='lat' dir='ltr'>numum</span> <span class='ocrx_word' id='word_1_287' title='bbox 1122 2321 1223 2403; x_wconf 76' lang='lat' dir='ltr'>inspe?</span> <span class='ocrx_word' id='word_1_288' title='bbox 1237 2341 1344 2379; x_wconf 87' lang='lat' dir='ltr'>rursum</span> <span class='ocrx_word' id='word_1_289' title='bbox 1356 2319 1466 2379; x_wconf 80' lang='lat' dir='ltr'>infide?</span> <span class='ocrx_word' id='word_1_290' title='bbox 1475 2341 1584 2380; x_wconf 83' lang='lat' dir='ltr'>rursum</span> <span class='ocrx_word' id='word_1_291' title='bbox 1593 2322 1621 2381; x_wconf 91' lang='lat' dir='ltr'>in</span> <span class='ocrx_word' id='word_1_292' title='bbox 1630 2324 1704 2381; x_wconf 83' lang='lat' dir='ltr'>tntu·</span> 
     </span>
     <span class='ocr_line' id='line_1_22' title="bbox 165 2402 1704 2492; baseline 0.003 -23"><span class='ocrx_word' id='word_1_293' title='bbox 165 2410 195 2470; x_wconf 77' lang='grc' dir='ltr'>δὲ</span> <span class='ocrx_word' id='word_1_294' title='bbox 208 2412 424 2490; x_wconf 82' lang='grc' dir='ltr'>έπαγγίλλομαι·</span> <span class='ocrx_word' id='word_1_295' title='bbox 437 2416 526 2472; x_wconf 79' lang='grc' dir='ltr'>ἐκεῖνα</span> <span class='ocrx_word' id='word_1_296' title='bbox 537 2411 585 2490; x_wconf 87' lang='grc' dir='ltr'>μίν</span> <span class='ocrx_word' id='word_1_297' title='bbox 598 2402 642 2472; x_wconf 81' lang='grc' dir='ltr'>σύν</span> <span class='ocrx_word' id='word_1_298' title='bbox 654 2418 681 2473; x_wconf 81' lang='grc' dir='ltr'>ἐν</span> <span class='ocrx_word' id='word_1_299' title='bbox 693 2414 796 2486; x_wconf 78' lang='grc' dir='ltr'>ἐλπίδι,</span> <span class='ocrx_word' id='word_1_300' title='bbox 811 2421 896 2474; x_wconf 78' lang='grc' dir='ltr'>ταῦτα</span> <span class='ocrx_word' id='word_1_301' title='bbox 910 2415 937 2475; x_wconf 83' lang='lat' dir='ltr'>u</span> <span class='ocrx_word' id='word_1_302' title='bbox 989 2416 1034 2475; x_wconf 76' lang='lat' dir='ltr'>ro?</span> <span class='ocrx_word' id='word_1_303' title='bbox 1044 2415 1081 2474; x_wconf 89' lang='lat' dir='ltr'>Et</span> <span class='ocrx_word' id='word_1_304' title='bbox 1090 2413 1228 2475; x_wconf 86' lang='lat' dir='ltr'>vide:alia</span> <span class='ocrx_word' id='word_1_305' title='bbox 1243 2412 1289 2478; x_wconf 82' lang='lat' dir='ltr'>do,</span> <span class='ocrx_word' id='word_1_306' title='bbox 1300 2411 1354 2470; x_wconf 88' lang='lat' dir='ltr'>alia</span> <span class='ocrx_word' id='word_1_307' title='bbox 1367 2411 1510 2491; x_wconf 88' lang='lat' dir='ltr'>promitto:</span> <span class='ocrx_word' id='word_1_308' title='bbox 1519 2411 1666 2492; x_wconf 88' lang='lat' dir='ltr'>illaitaque</span> <span class='ocrx_word' id='word_1_309' title='bbox 1676 2415 1704 2474; x_wconf 92' lang='lat' dir='ltr'>in</span> 
     </span>
     <span class='ocr_line' id='line_1_23' title="bbox 165 2494 1793 2586; baseline 0.004 -26"><span class='ocrx_word' id='word_1_310' title='bbox 165 2501 233 2560; x_wconf 79' lang='grc' dir='ltr'>λέύε</span> <span class='ocrx_word' id='word_1_311' title='bbox 246 2502 372 2584; x_wconf 79' lang='grc' dir='ltr'>ἐνέχυρα,</span> <span class='ocrx_word' id='word_1_312' title='bbox 384 2509 469 2562; x_wconf 79' lang='grc' dir='ltr'>ταῦτα</span> <span class='ocrx_word' id='word_1_313' title='bbox 478 2502 544 2561; x_wconf 81' lang='grc' dir='ltr'>λάόε</span> <span class='ocrx_word' id='word_1_314' title='bbox 556 2503 715 2583; x_wconf 72' lang='grc' dir='ltr'>ἀρραβῶνα,</span> <span class='ocrx_word' id='word_1_315' title='bbox 726 2513 811 2565; x_wconf 86' lang='grc' dir='ltr'>ταῦτα</span> <span class='ocrx_word' id='word_1_316' title='bbox 823 2506 889 2566; x_wconf 69' lang='lat' dir='ltr'>tate</span> <span class='ocrx_word' id='word_1_317' title='bbox 900 2510 939 2575; x_wconf 82' lang='grc' dir='ltr'>είς</span> <span class='ocrx_word' id='word_1_318' title='bbox 988 2528 1045 2586; x_wconf 85' lang='lat' dir='ltr'>spe,</span> <span class='ocrx_word' id='word_1_319' title='bbox 1053 2507 1180 2567; x_wconf 78' lang='lat' dir='ltr'>haecvem</span> <span class='ocrx_word' id='word_1_320' title='bbox 1188 2503 1468 2583; x_wconf 75' lang='lat' dir='ltr'>accipepignora,haec</span> <span class='ocrx_word' id='word_1_321' title='bbox 1477 2503 1570 2585; x_wconf 86' lang='lat' dir='ltr'>accipe</span> <span class='ocrx_word' id='word_1_322' title='bbox 1577 2505 1604 2564; x_wconf 92' lang='lat' dir='ltr'>in</span> <span class='ocrx_word' id='word_1_323' title='bbox 1612 2507 1704 2566; x_wconf 78' lang='lat' dir='ltr'>arriu-</span> <span class='ocrx_word' id='word_1_324' title='bbox 1770 2494 1775 2503; x_wconf 84' lang='lat'>.</span> <span class='ocrx_word' id='word_1_325' title='bbox 1788 2509 1793 2518; x_wconf 72' lang='lat'><em>&#39;</em></span> 
     </span>
     <span class='ocr_line' id='line_1_24' title="bbox 165 2592 1706 2676; baseline 0.003 -24"><span class='ocrx_word' id='word_1_326' title='bbox 165 2592 313 2661; x_wconf 78' lang='grc' dir='ltr'>ἀπόδειξιν.</span> <span class='ocrx_word' id='word_1_327' title='bbox 336 2594 559 2673; x_wconf 84' lang='grc' dir='ltr'>Ἐπαγγέλλομαί</span> <span class='ocrx_word' id='word_1_328' title='bbox 586 2618 627 2653; x_wconf 93' lang='grc' dir='ltr'>σοι</span> <span class='ocrx_word' id='word_1_329' title='bbox 653 2597 803 2674; x_wconf 87' lang='grc' dir='ltr'>βασιλείαν·</span> <span class='ocrx_word' id='word_1_330' title='bbox 829 2598 937 2658; x_wconf 86' lang='grc' dir='ltr'>πίστευε</span> <span class='ocrx_word' id='word_1_331' title='bbox 988 2598 1196 2674; x_wconf 80' lang='lat' dir='ltr'>boucm‚hteciu</span> <span class='ocrx_word' id='word_1_332' title='bbox 1206 2596 1341 2676; x_wconf 85' lang='lat' dir='ltr'>specimen</span> <span class='ocrx_word' id='word_1_333' title='bbox 1350 2595 1450 2674; x_wconf 87' lang='lat' dir='ltr'>accipe.</span> <span class='ocrx_word' id='word_1_334' title='bbox 1462 2595 1595 2656; x_wconf 82' lang='lat' dir='ltr'>Promitte</span> <span class='ocrx_word' id='word_1_335' title='bbox 1603 2597 1706 2657; x_wconf 84' lang='lat' dir='ltr'>tibire·</span> 
     </span>
     <span class='ocr_line' id='line_1_25' title="bbox 165 2684 1707 2771; baseline 0.004 -29"><span class='ocrx_word' id='word_1_336' title='bbox 165 2684 222 2743; x_wconf 79' lang='grc' dir='ltr'>ἀπὸ</span> <span class='ocrx_word' id='word_1_337' title='bbox 232 2690 285 2743; x_wconf 85' lang='grc' dir='ltr'>τῶν</span> <span class='ocrx_word' id='word_1_338' title='bbox 297 2685 446 2765; x_wconf 84' lang='grc' dir='ltr'>παρόντων,</span> <span class='ocrx_word' id='word_1_339' title='bbox 456 2686 565 2745; x_wconf 87' lang='grc' dir='ltr'>πίστευέ</span> <span class='ocrx_word' id='word_1_340' title='bbox 575 2709 631 2764; x_wconf 86' lang='grc' dir='ltr'>μοι.</span> <span class='ocrx_word' id='word_1_341' title='bbox 645 2687 788 2746; x_wconf 87' lang='grc' dir='ltr'>Βασιλείαν</span> <span class='ocrx_word' id='word_1_342' title='bbox 797 2711 843 2767; x_wconf 92' lang='grc' dir='ltr'>μοι</span> <span class='ocrx_word' id='word_1_343' title='bbox 855 2692 938 2771; x_wconf 88' lang='grc' dir='ltr'>ίπσγ-</span> <span class='ocrx_word' id='word_1_344' title='bbox 989 2690 1172 2771; x_wconf 79' lang='lat' dir='ltr'>gnum:crede</span> <span class='ocrx_word' id='word_1_345' title='bbox 1178 2710 1212 2748; x_wconf 80' lang='lat' dir='ltr'>ex</span> <span class='ocrx_word' id='word_1_346' title='bbox 1218 2686 1405 2768; x_wconf 58' lang='lat' dir='ltr'>praesentibus</span> <span class='ocrx_word' id='word_1_347' title='bbox 1411 2684 1490 2746; x_wconf 87' lang='lat' dir='ltr'>crede</span> <span class='ocrx_word' id='word_1_348' title='bbox 1496 2686 1573 2745; x_wconf 88' lang='lat' dir='ltr'>mihi.</span> <span class='ocrx_word' id='word_1_349' title='bbox 1581 2689 1707 2768; x_wconf 79' lang='lat' dir='ltr'>Regnum</span> 
     </span>
     <span class='ocr_line' id='line_1_26' title="bbox 164 2774 1706 2864; baseline 0.003 -30"><span class='ocrx_word' id='word_1_350' title='bbox 164 2774 263 2854; x_wconf 82' lang='grc' dir='ltr'>γέλλη;</span> <span class='ocrx_word' id='word_1_351' title='bbox 277 2775 340 2835; x_wconf 88' lang='grc' dir='ltr'>Ναί.</span> <span class='ocrx_word' id='word_1_352' title='bbox 353 2774 394 2834; x_wconf 89' lang='grc' dir='ltr'>Τδ</span> <span class='ocrx_word' id='word_1_353' title='bbox 408 2777 496 2855; x_wconf 84' lang='grc' dir='ltr'>μεῖζόν</span> <span class='ocrx_word' id='word_1_354' title='bbox 511 2799 552 2836; x_wconf 92' lang='grc' dir='ltr'>σοι</span> <span class='ocrx_word' id='word_1_355' title='bbox 566 2777 667 2850; x_wconf 86' lang='grc' dir='ltr'>ἔδωκα,</span> <span class='ocrx_word' id='word_1_356' title='bbox 681 2778 725 2837; x_wconf 82' lang='grc' dir='ltr'>τὸν</span> <span class='ocrx_word' id='word_1_357' title='bbox 737 2779 876 2852; x_wconf 85' lang='grc' dir='ltr'>Δεσπότην</span> <span class='ocrx_word' id='word_1_358' title='bbox 889 2785 937 2851; x_wconf 84' lang='grc' dir='ltr'>τῆς</span> <span class='ocrx_word' id='word_1_359' title='bbox 989 2782 1056 2842; x_wconf 88' lang='lat' dir='ltr'>mihi</span> <span class='ocrx_word' id='word_1_360' title='bbox 1068 2780 1223 2864; x_wconf 78' lang='lat' dir='ltr'>promittis?</span> <span class='ocrx_word' id='word_1_361' title='bbox 1232 2775 1415 2850; x_wconf 85' lang='lat' dir='ltr'>EtiamQuod</span> <span class='ocrx_word' id='word_1_362' title='bbox 1421 2778 1706 2858; x_wconf 86' lang='lat' dir='ltr'>majnserattibidedi,</span> 
     </span>
     <span class='ocr_line' id='line_1_27' title="bbox 166 2866 1858 2954; baseline -0.001 -27"><span class='ocrx_word' id='word_1_363' title='bbox 166 2866 323 2945; x_wconf 82' lang='grc' dir='ltr'>βασιλείας,</span> <span class='ocrx_word' id='word_1_364' title='bbox 336 2867 363 2934; x_wconf 83' lang='grc' dir='ltr'>ός</span> <span class='ocrx_word' id='word_1_365' title='bbox 377 2891 406 2945; x_wconf 93' lang='grc' dir='ltr'>γε</span> <span class='ocrx_word' id='word_1_366' title='bbox 423 2873 469 2928; x_wconf 84' lang='grc' dir='ltr'>τοῦ</span> <span class='ocrx_word' id='word_1_367' title='bbox 484 2869 550 2927; x_wconf 82' lang='grc' dir='ltr'>ἰδίου</span> <span class='ocrx_word' id='word_1_368' title='bbox 568 2871 634 2928; x_wconf 81' lang='grc' dir='ltr'>Υίοῦ</span> <span class='ocrx_word' id='word_1_369' title='bbox 651 2873 699 2929; x_wconf 82' lang='grc' dir='ltr'>οὐκ</span> <span class='ocrx_word' id='word_1_370' title='bbox 714 2870 855 2949; x_wconf 76' lang='grc' dir='ltr'>ἐρείσατο,</span> <span class='ocrx_word' id='word_1_371' title='bbox 877 2875 937 2932; x_wconf 90' lang='grc' dir='ltr'>ἀλλ’</span> <span class='ocrx_word' id='word_1_372' title='bbox 952 2886 971 2931; x_wconf 82' lang='lat' dir='ltr'>C</span> <span class='ocrx_word' id='word_1_373' title='bbox 990 2895 1087 2954; x_wconf 87' lang='lat' dir='ltr'>nempe</span> <span class='ocrx_word' id='word_1_374' title='bbox 1097 2872 1244 2932; x_wconf 90' lang='lat' dir='ltr'>Dominum</span> <span class='ocrx_word' id='word_1_375' title='bbox 1254 2870 1340 2951; x_wconf 79' lang='lat' dir='ltr'>regni,</span> <span class='ocrx_word' id='word_1_376' title='bbox 1356 2872 1414 2950; x_wconf 85' lang='lat' dir='ltr'>Qui</span> <span class='ocrx_word' id='word_1_377' title='bbox 1423 2874 1542 2950; x_wconf 86' lang='lat' dir='ltr'>proprio</span> <span class='ocrx_word' id='word_1_378' title='bbox 1553 2871 1635 2930; x_wconf 81' lang='lat' dir='ltr'>Filio</span> <span class='ocrx_word' id='word_1_379' title='bbox 1646 2880 1858 2931; x_wconf 63' lang='lat' dir='ltr'>nonacensis.</span> 
     </span>
     <span class='ocr_line' id='line_1_28' title="bbox 165 2957 1706 3046; baseline 0.004 -29"><span class='ocrx_word' id='word_1_380' title='bbox 165 2957 235 3037; x_wconf 74' lang='grc' dir='ltr'>ὑπὲρ</span> <span class='ocrx_word' id='word_1_381' title='bbox 248 2962 325 3036; x_wconf 80' lang='grc' dir='ltr'>ἡμῶν</span> <span class='ocrx_word' id='word_1_382' title='bbox 340 2959 448 3018; x_wconf 83' lang='grc' dir='ltr'>πάντων</span> <span class='ocrx_word' id='word_1_383' title='bbox 462 2960 617 3039; x_wconf 86' lang='grc' dir='ltr'>παρέδωκεν</span> <span class='ocrx_word' id='word_1_384' title='bbox 634 2961 727 3021; x_wconf 85' lang='grc' dir='ltr'>αὐτόν·</span> <span class='ocrx_word' id='word_1_385' title='bbox 743 2967 800 3029; x_wconf 80' lang='grc' dir='ltr'>πῶς</span> <span class='ocrx_word' id='word_1_386' title='bbox 817 2964 877 3044; x_wconf 83' lang='grc' dir='ltr'>οθχί</span> <span class='ocrx_word' id='word_1_387' title='bbox 893 2965 940 3024; x_wconf 86' lang='grc' dir='ltr'>καί</span> <span class='ocrx_word' id='word_1_388' title='bbox 988 2969 1142 3046; x_wconf 78' lang='lat' dir='ltr'>perpercit,</span> <span class='ocrx_word' id='word_1_389' title='bbox 1150 2966 1259 3042; x_wconf 77' lang='lat' dir='ltr'>sedpro</span> <span class='ocrx_word' id='word_1_390' title='bbox 1266 2964 1488 3023; x_wconf 78' lang='lat' dir='ltr'>nobisomnibus</span> <span class='ocrx_word' id='word_1_391' title='bbox 1497 2964 1620 3023; x_wconf 78' lang='lat' dir='ltr'>tradidit</span> <span class='ocrx_word' id='word_1_392' title='bbox 1627 2985 1706 3034; x_wconf 85' lang='lat' dir='ltr'>eum,·</span> 
     </span>
     <span class='ocr_line' id='line_1_29' title="bbox 166 3047 1707 3139; baseline 0.005 -31"><span class='ocrx_word' id='word_1_393' title='bbox 166 3047 346 3129; x_wconf 79' lang='grc' dir='ltr'>σὺναῦτῷτά</span> <span class='ocrx_word' id='word_1_394' title='bbox 360 3051 449 3110; x_wconf 86' lang='grc' dir='ltr'>πόντα</span> <span class='ocrx_word' id='word_1_395' title='bbox 465 3056 530 3127; x_wconf 78' lang='grc' dir='ltr'>ἡμῖν</span> <span class='ocrx_word' id='word_1_396' title='bbox 544 3051 707 3133; x_wconf 74' lang='grc' dir='ltr'>χαρίσεται,</span> <span class='ocrx_word' id='word_1_397' title='bbox 721 3053 877 3115; x_wconf 83' lang='grc' dir='ltr'>Ἀνόστασιν</span> <span class='ocrx_word' id='word_1_398' title='bbox 898 3055 938 3115; x_wconf 88' lang='grc' dir='ltr'>δί·</span> <span class='ocrx_word' id='word_1_399' title='bbox 992 3058 1137 3139; x_wconf 82' lang='lat' dir='ltr'>quomodo</span> <span class='ocrx_word' id='word_1_400' title='bbox 1152 3059 1316 3115; x_wconf 69' lang='lat' dir='ltr'>nemetiam</span> <span class='ocrx_word' id='word_1_401' title='bbox 1336 3075 1403 3114; x_wconf 85' lang='lat' dir='ltr'>eum</span> <span class='ocrx_word' id='word_1_402' title='bbox 1424 3054 1479 3112; x_wconf 85' lang='lat' dir='ltr'>ttto</span> <span class='ocrx_word' id='word_1_403' title='bbox 1501 3058 1603 3114; x_wconf 80' lang='lat' dir='ltr'>omnia</span> <span class='ocrx_word' id='word_1_404' title='bbox 1625 3059 1707 3116; x_wconf 80' lang='lat' dir='ltr'>nobis</span> 
     </span>
     <span class='ocr_line' id='line_1_30' title="bbox 166 3141 1708 3228; baseline 0.005 -29"><span class='ocrx_word' id='word_1_405' title='bbox 166 3142 220 3208; x_wconf 82' lang='grc' dir='ltr'>δως</span> <span class='ocrx_word' id='word_1_406' title='bbox 239 3141 390 3219; x_wconf 53' lang='lat' dir='ltr'>ceptrum</span> <span class='ocrx_word' id='word_1_407' title='bbox 407 3141 470 3201; x_wconf 86' lang='grc' dir='ltr'>Ναί.</span> <span class='ocrx_word' id='word_1_408' title='bbox 486 3142 526 3201; x_wconf 85' lang='grc' dir='ltr'>Τὸ</span> <span class='ocrx_word' id='word_1_409' title='bbox 544 3143 632 3219; x_wconf 86' lang='grc' dir='ltr'>μεῖζόν</span> <span class='ocrx_word' id='word_1_410' title='bbox 653 3168 697 3205; x_wconf 85' lang='grc' dir='ltr'>σοι</span> <span class='ocrx_word' id='word_1_411' title='bbox 720 3144 817 3206; x_wconf 87' lang='grc' dir='ltr'>ίδωκα.</span> <span class='ocrx_word' id='word_1_412' title='bbox 841 3147 940 3219; x_wconf 88' lang='grc' dir='ltr'>Ποῖον;</span> <span class='ocrx_word' id='word_1_413' title='bbox 993 3152 1139 3209; x_wconf 83' lang='lat' dir='ltr'>donabit?</span> <span class='ocrx_word' id='word_1_414' title='bbox 1167 3147 1435 3207; x_wconf 83' lang='lat' dir='ltr'>Resurrectioncmne</span> <span class='ocrx_word' id='word_1_415' title='bbox 1463 3144 1512 3205; x_wconf 82' lang='lat' dir='ltr'>das</span> <span class='ocrx_word' id='word_1_416' title='bbox 1543 3149 1708 3228; x_wconf 66' lang='lat' dir='ltr'>comarum?</span> 
     </span>
     <span class='ocr_line' id='line_1_31' title="bbox 166 3231 1707 3318; baseline 0.003 -26"><span class='ocrx_word' id='word_1_417' title='bbox 166 3231 369 3309; x_wconf 77' lang='grc' dir='ltr'>Ἀπαλλαγῆναι</span> <span class='ocrx_word' id='word_1_418' title='bbox 388 3232 531 3311; x_wconf 79' lang='grc' dir='ltr'>ἁμαρτίας.</span> <span class='ocrx_word' id='word_1_419' title='bbox 553 3234 618 3300; x_wconf 85' lang='grc' dir='ltr'>Πῶς</span> <span class='ocrx_word' id='word_1_420' title='bbox 638 3235 669 3292; x_wconf 85' lang='grc' dir='ltr'>τὸ</span> <span class='ocrx_word' id='word_1_421' title='bbox 689 3238 795 3314; x_wconf 69' lang='grc' dir='ltr'>μεῖζον,</span> <span class='ocrx_word' id='word_1_422' title='bbox 811 3237 875 3296; x_wconf 85' lang='grc' dir='ltr'>Ὅτι</span> <span class='ocrx_word' id='word_1_423' title='bbox 895 3237 941 3296; x_wconf 82' lang='grc' dir='ltr'>τὸν</span> <span class='ocrx_word' id='word_1_424' title='bbox 995 3241 1096 3301; x_wconf 87' lang='lat' dir='ltr'>Etiam.</span> <span class='ocrx_word' id='word_1_425' title='bbox 1110 3239 1195 3313; x_wconf 88' lang='lat' dir='ltr'>Quod</span> <span class='ocrx_word' id='word_1_426' title='bbox 1204 3239 1292 3318; x_wconf 90' lang='lat' dir='ltr'>majus</span> <span class='ocrx_word' id='word_1_427' title='bbox 1305 3252 1362 3296; x_wconf 91' lang='lat' dir='ltr'>erat</span> <span class='ocrx_word' id='word_1_428' title='bbox 1372 3236 1423 3295; x_wconf 90' lang='lat' dir='ltr'>tihi</span> <span class='ocrx_word' id='word_1_429' title='bbox 1434 3235 1508 3295; x_wconf 92' lang='lat' dir='ltr'>dedi.</span> <span class='ocrx_word' id='word_1_430' title='bbox 1520 3237 1665 3312; x_wconf 89' lang='lat' dir='ltr'>Quodnam</span> <span class='ocrx_word' id='word_1_431' title='bbox 1676 3238 1707 3297; x_wconf 89' lang='lat' dir='ltr'>it-</span> 
     </span>
     <span class='ocr_line' id='line_1_32' title="bbox 167 3323 1708 3408; baseline 0.003 -26"><span class='ocrx_word' id='word_1_432' title='bbox 167 3326 281 3383; x_wconf 87' lang='grc' dir='ltr'>θάνατσν</span> <span class='ocrx_word' id='word_1_433' title='bbox 296 3328 312 3395; x_wconf 83' lang='grc' dir='ltr'>ἡ</span> <span class='ocrx_word' id='word_1_434' title='bbox 327 3325 447 3401; x_wconf 84' lang='grc' dir='ltr'>ἁμαρτία</span> <span class='ocrx_word' id='word_1_435' title='bbox 459 3323 558 3383; x_wconf 85' lang='grc' dir='ltr'>ἔτεκεν.</span> <span class='ocrx_word' id='word_1_436' title='bbox 574 3326 632 3398; x_wconf 75' lang='grc' dir='ltr'>Τὴν</span> <span class='ocrx_word' id='word_1_437' title='bbox 646 3327 750 3408; x_wconf 88' lang='grc' dir='ltr'>μητέρα</span> <span class='ocrx_word' id='word_1_438' title='bbox 765 3327 882 3408; x_wconf 80' lang='grc' dir='ltr'>έσφαξα,</span> <span class='ocrx_word' id='word_1_439' title='bbox 895 3330 941 3388; x_wconf 80' lang='grc' dir='ltr'>καί</span> <span class='ocrx_word' id='word_1_440' title='bbox 992 3331 1064 3391; x_wconf 79' lang='lat' dir='ltr'>luat</span> <span class='ocrx_word' id='word_1_441' title='bbox 1073 3330 1156 3406; x_wconf 89' lang='lat' dir='ltr'>Quod</span> <span class='ocrx_word' id='word_1_442' title='bbox 1166 3330 1289 3388; x_wconf 89' lang='lat' dir='ltr'>libereris</span> <span class='ocrx_word' id='word_1_443' title='bbox 1299 3349 1315 3386; x_wconf 91' lang='lat' dir='ltr'>a</span> <span class='ocrx_word' id='word_1_444' title='bbox 1326 3341 1445 3407; x_wconf 86' lang='lat' dir='ltr'>peccato.</span> <span class='ocrx_word' id='word_1_445' title='bbox 1454 3327 1518 3397; x_wconf 92' lang='lat' dir='ltr'>Quo</span> <span class='ocrx_word' id='word_1_446' title='bbox 1527 3341 1606 3406; x_wconf 90' lang='lat' dir='ltr'>pacto</span> <span class='ocrx_word' id='word_1_447' title='bbox 1620 3328 1708 3408; x_wconf 86' lang='lat' dir='ltr'>majus</span> 
     </span>
     <span class='ocr_line' id='line_1_33' title="bbox 166 3414 1708 3500; baseline 0.001 -26"><span class='ocrx_word' id='word_1_448' title='bbox 166 3416 212 3474; x_wconf 87' lang='grc' dir='ltr'>τδν</span> <span class='ocrx_word' id='word_1_449' title='bbox 226 3416 281 3475; x_wconf 89' lang='grc' dir='ltr'>υίὸν</span> <span class='ocrx_word' id='word_1_450' title='bbox 295 3418 324 3474; x_wconf 85' lang='grc' dir='ltr'>οὐ</span> <span class='ocrx_word' id='word_1_451' title='bbox 339 3414 445 3494; x_wconf 77' lang='grc' dir='ltr'>σφαίξω,</span> <span class='ocrx_word' id='word_1_452' title='bbox 458 3415 507 3487; x_wconf 69' lang='grc' dir='ltr'>τὴν</span> <span class='ocrx_word' id='word_1_453' title='bbox 520 3417 594 3496; x_wconf 83' lang='grc' dir='ltr'>βίζαν</span> <span class='ocrx_word' id='word_1_454' title='bbox 610 3418 745 3498; x_wconf 77' lang='grc' dir='ltr'>έξήρανα,</span> <span class='ocrx_word' id='word_1_455' title='bbox 759 3420 806 3480; x_wconf 85' lang='grc' dir='ltr'>καί</span> <span class='ocrx_word' id='word_1_456' title='bbox 817 3420 862 3479; x_wconf 82' lang='grc' dir='ltr'>τὸν</span> <span class='ocrx_word' id='word_1_457' title='bbox 873 3444 941 3500; x_wconf 87' lang='grc' dir='ltr'>καρ-</span> <span class='ocrx_word' id='word_1_458' title='bbox 992 3436 1032 3483; x_wconf 89' lang='lat' dir='ltr'>est</span> <span class='ocrx_word' id='word_1_459' title='bbox 1047 3420 1137 3481; x_wconf 78' lang='lat' dir='ltr'>illud?</span> <span class='ocrx_word' id='word_1_460' title='bbox 1149 3420 1222 3495; x_wconf 88' lang='lat' dir='ltr'>Quia</span> <span class='ocrx_word' id='word_1_461' title='bbox 1236 3430 1376 3499; x_wconf 79' lang='lat' dir='ltr'>peecatum</span> <span class='ocrx_word' id='word_1_462' title='bbox 1390 3431 1505 3475; x_wconf 86' lang='lat' dir='ltr'>mortem</span> <span class='ocrx_word' id='word_1_463' title='bbox 1519 3418 1634 3496; x_wconf 87' lang='lat' dir='ltr'>peperit.</span> <span class='ocrx_word' id='word_1_464' title='bbox 1644 3420 1708 3477; x_wconf 86' lang='lat' dir='ltr'>Ma-</span> 
     </span>
     <span class='ocr_line' id='line_1_34' title="bbox 166 3506 1708 3591; baseline 0 -24"><span class='ocrx_word' id='word_1_465' title='bbox 166 3508 217 3567; x_wconf 82' lang='grc' dir='ltr'>πθν</span> <span class='ocrx_word' id='word_1_466' title='bbox 230 3509 278 3565; x_wconf 84' lang='grc' dir='ltr'>οὐκ</span> <span class='ocrx_word' id='word_1_467' title='bbox 286 3511 388 3586; x_wconf 85' lang='grc' dir='ltr'>ἀναιρῶ</span> <span class='ocrx_word' id='word_1_468' title='bbox 396 3531 405 3580; x_wconf 82' lang='grc'><strong>;</strong></span> <span class='ocrx_word' id='word_1_469' title='bbox 414 3507 555 3583; x_wconf 77' lang='grc' dir='ltr'>Ἄκουσον,</span> <span class='ocrx_word' id='word_1_470' title='bbox 570 3510 695 3591; x_wconf 88' lang='grc' dir='ltr'>θύγατερ,</span> <span class='ocrx_word' id='word_1_471' title='bbox 707 3511 753 3570; x_wconf 83' lang='grc' dir='ltr'>καί</span> <span class='ocrx_word' id='word_1_472' title='bbox 767 3511 818 3570; x_wconf 87' lang='grc' dir='ltr'>ίδε.</span> <span class='ocrx_word' id='word_1_473' title='bbox 831 3511 868 3570; x_wconf 89' lang='grc' dir='ltr'>Τί</span> <span class='ocrx_word' id='word_1_474' title='bbox 878 3512 942 3586; x_wconf 74' lang='grc' dir='ltr'>ίδω,</span> <span class='ocrx_word' id='word_1_475' title='bbox 993 3529 1062 3574; x_wconf 88' lang='lat' dir='ltr'>trem</span> <span class='ocrx_word' id='word_1_476' title='bbox 1075 3511 1195 3572; x_wconf 79' lang='lat' dir='ltr'>interfeci</span> <span class='ocrx_word' id='word_1_477' title='bbox 1204 3523 1231 3570; x_wconf 91' lang='lat' dir='ltr'>et</span> <span class='ocrx_word' id='word_1_478' title='bbox 1238 3510 1328 3568; x_wconf 85' lang='lat' dir='ltr'>filium</span> <span class='ocrx_word' id='word_1_479' title='bbox 1340 3528 1394 3568; x_wconf 87' lang='lat' dir='ltr'>nou</span> <span class='ocrx_word' id='word_1_480' title='bbox 1406 3506 1708 3576; x_wconf 77' lang='lat' dir='ltr'>interficiami&#39;radioem</span> 
     </span>
     <span class='ocr_line' id='line_1_35' title="bbox 168 3597 1707 3685; baseline 0.001 -27"><span class='ocrx_word' id='word_1_481' title='bbox 168 3597 286 3681; x_wconf 75' lang='grc' dir='ltr'>Νεκραίυς</span> <span class='ocrx_word' id='word_1_482' title='bbox 296 3599 492 3677; x_wconf 80' lang='grc' dir='ltr'>ἐγειρομένους,</span> <span class='ocrx_word' id='word_1_483' title='bbox 504 3601 618 3680; x_wconf 83' lang='grc' dir='ltr'>λεπροὺς</span> <span class='ocrx_word' id='word_1_484' title='bbox 630 3603 852 3681; x_wconf 85' lang='grc' dir='ltr'>καθαιρομένους,</span> <span class='ocrx_word' id='word_1_485' title='bbox 862 3606 941 3685; x_wconf 86' lang='grc' dir='ltr'>χαλι-</span> <span class='ocrx_word' id='word_1_486' title='bbox 993 3605 1088 3665; x_wconf 76' lang='lat' dir='ltr'>arefeci</span> <span class='ocrx_word' id='word_1_487' title='bbox 1099 3649 1107 3676; x_wconf 87' lang='lat'>,</span> <span class='ocrx_word' id='word_1_488' title='bbox 1122 3617 1148 3663; x_wconf 90' lang='lat' dir='ltr'>et</span> <span class='ocrx_word' id='word_1_489' title='bbox 1159 3604 1279 3662; x_wconf 70' lang='lat' dir='ltr'>surdum</span> <span class='ocrx_word' id='word_1_490' title='bbox 1289 3619 1343 3658; x_wconf 90' lang='lat' dir='ltr'>uon</span> <span class='ocrx_word' id='word_1_491' title='bbox 1354 3597 1468 3656; x_wconf 76' lang='lat' dir='ltr'>tollam?</span> <span class='ocrx_word' id='word_1_492' title='bbox 1480 3599 1576 3671; x_wconf 76' lang='lat' dir='ltr'>Audi,</span> <span class='ocrx_word' id='word_1_493' title='bbox 1586 3600 1667 3678; x_wconf 76' lang='lat' dir='ltr'>filia,</span> <span class='ocrx_word' id='word_1_494' title='bbox 1679 3614 1707 3660; x_wconf 83' lang='lat' dir='ltr'>et</span> 
     </span>
     <span class='ocr_line' id='line_1_36' title="bbox 167 3688 1708 3773; baseline 0.005 -27"><span class='ocrx_word' id='word_1_495' title='bbox 167 3688 296 3766; x_wconf 86' lang='grc' dir='ltr'>νουμένην</span> <span class='ocrx_word' id='word_1_496' title='bbox 316 3689 463 3764; x_wconf 79' lang='grc' dir='ltr'>θάλασσαν,</span> <span class='ocrx_word' id='word_1_497' title='bbox 476 3694 660 3773; x_wconf 78' lang='grc' dir='ltr'>παραλυτικὸν</span> <span class='ocrx_word' id='word_1_498' title='bbox 679 3694 866 3773; x_wconf 77' lang='grc' dir='ltr'>σφιγγόμενον,</span> <span class='ocrx_word' id='word_1_499' title='bbox 887 3721 941 3755; x_wconf 89' lang='grc' dir='ltr'>πα·</span> <span class='ocrx_word' id='word_1_500' title='bbox 993 3695 1156 3768; x_wconf 83' lang='lat' dir='ltr'>vide.Quid</span> <span class='ocrx_word' id='word_1_501' title='bbox 1164 3692 1423 3753; x_wconf 71' lang='lat' dir='ltr'>videathortuos</span> <span class='ocrx_word' id='word_1_502' title='bbox 1433 3690 1708 3773; x_wconf 83' lang='lat' dir='ltr'>suscitatos,lep1·osus</span> 
     </span>
     <span class='ocr_line' id='line_1_37' title="bbox 169 3780 1709 3866; baseline -0.004 -27"><span class='ocrx_word' id='word_1_503' title='bbox 169 3780 290 3859; x_wconf 69' lang='lat' dir='ltr'>peitatem</span> <span class='ocrx_word' id='word_1_504' title='bbox 302 3780 481 3859; x_wconf 89' lang='grc' dir='ltr'>ἀνοιγόμενον,</span> <span class='ocrx_word' id='word_1_505' title='bbox 493 3783 770 3862; x_wconf 82' lang='grc' dir='ltr'>ἀρτουςπηγάζοντας,</span> <span class='ocrx_word' id='word_1_506' title='bbox 780 3784 942 3864; x_wconf 77' lang='grc' dir='ltr'>ἁμαρτήμα·</span> <span class='ocrx_word' id='word_1_507' title='bbox 993 3788 1149 3862; x_wconf 88' lang='lat' dir='ltr'>mundatos,</span> <span class='ocrx_word' id='word_1_508' title='bbox 1159 3806 1233 3845; x_wconf 85' lang='lat' dir='ltr'>mare</span> <span class='ocrx_word' id='word_1_509' title='bbox 1243 3784 1389 3856; x_wconf 76' lang='lat' dir='ltr'>frenatum,</span> <span class='ocrx_word' id='word_1_510' title='bbox 1400 3782 1581 3863; x_wconf 80' lang='lat' dir='ltr'>paralyticum</span> <span class='ocrx_word' id='word_1_511' title='bbox 1590 3783 1619 3844; x_wconf 84' lang='lat' dir='ltr'>in</span> <span class='ocrx_word' id='word_1_512' title='bbox 1630 3784 1709 3866; x_wconf 71' lang='lat' dir='ltr'>vigo.</span> 
     </span>
     <span class='ocr_line' id='line_1_38' title="bbox 167 3871 1708 3956; baseline 0.005 -26"><span class='ocrx_word' id='word_1_513' title='bbox 167 3894 202 3930; x_wconf 89' lang='grc' dir='ltr'>τα</span> <span class='ocrx_word' id='word_1_514' title='bbox 208 3871 335 3948; x_wconf 87' lang='grc' dir='ltr'>λυόμενα,</span> <span class='ocrx_word' id='word_1_515' title='bbox 348 3873 435 3951; x_wconf 83' lang='grc' dir='ltr'>χωλὸν</span> <span class='ocrx_word' id='word_1_516' title='bbox 450 3876 589 3950; x_wconf 81' lang='grc' dir='ltr'>πηδῶντα,</span> <span class='ocrx_word' id='word_1_517' title='bbox 602 3875 705 3951; x_wconf 68' lang='grc' dir='ltr'>λῃστὴν</span> <span class='ocrx_word' id='word_1_518' title='bbox 716 3876 879 3953; x_wconf 88' lang='grc' dir='ltr'>παραδείσου</span> <span class='ocrx_word' id='word_1_519' title='bbox 892 3901 941 3937; x_wconf 89' lang='grc' dir='ltr'>πο·</span> <span class='ocrx_word' id='word_1_520' title='bbox 994 3899 1051 3939; x_wconf 88' lang='lat' dir='ltr'>rent</span> <span class='ocrx_word' id='word_1_521' title='bbox 1061 3879 1226 3953; x_wconf 87' lang='lat' dir='ltr'>restitutum,</span> <span class='ocrx_word' id='word_1_522' title='bbox 1234 3873 1391 3956; x_wconf 83' lang='lat' dir='ltr'>paradisum</span> <span class='ocrx_word' id='word_1_523' title='bbox 1400 3887 1622 3956; x_wconf 65' lang='lat' dir='ltr'>apertumpaues</span> <span class='ocrx_word' id='word_1_524' title='bbox 1630 3878 1708 3938; x_wconf 73' lang='lat' dir='ltr'>nbu-</span> 
     </span>
     <span class='ocr_line' id='line_1_39' title="bbox 167 3957 1770 4049; baseline 0.006 -29"><span class='ocrx_word' id='word_1_525' title='bbox 167 3957 250 4035; x_wconf 67' lang='grc' dir='ltr'>λίτηυ</span> <span class='ocrx_word' id='word_1_526' title='bbox 263 3963 415 4041; x_wconf 86' lang='grc' dir='ltr'>γενόμενον,</span> <span class='ocrx_word' id='word_1_527' title='bbox 435 3965 553 4037; x_wconf 82' lang='grc' dir='ltr'>τελώνην</span> <span class='ocrx_word' id='word_1_528' title='bbox 580 3965 769 4046; x_wconf 77' lang='grc' dir='ltr'>εὐαγγελιστλν</span> <span class='ocrx_word' id='word_1_529' title='bbox 791 3967 942 4045; x_wconf 88' lang='grc' dir='ltr'>γενόμενον,</span> <span class='ocrx_word' id='word_1_530' title='bbox 994 3971 1044 4030; x_wconf 89' lang='lat' dir='ltr'>tim</span> <span class='ocrx_word' id='word_1_531' title='bbox 1056 3983 1186 4049; x_wconf 82' lang='lat' dir='ltr'>erogatus,</span> <span class='ocrx_word' id='word_1_532' title='bbox 1198 3981 1306 4049; x_wconf 85' lang='lat' dir='ltr'>peccata</span> <span class='ocrx_word' id='word_1_533' title='bbox 1316 3965 1413 4041; x_wconf 85' lang='lat' dir='ltr'>solnta,</span> <span class='ocrx_word' id='word_1_534' title='bbox 1424 3965 1554 4025; x_wconf 89' lang='lat' dir='ltr'>claudum</span> <span class='ocrx_word' id='word_1_535' title='bbox 1564 3968 1710 4029; x_wconf 79' lang='lat' dir='ltr'>subsilieu·</span> <span class='ocrx_word' id='word_1_536' title='bbox 1768 4001 1770 4005; x_wconf 51' lang='lat'>&gt;</span> 
     </span>
     <span class='ocr_line' id='line_1_40' title="bbox 167 4052 1709 4139; baseline 0.005 -27"><span class='ocrx_word' id='word_1_537' title='bbox 167 4052 300 4133; x_wconf 87' lang='grc' dir='ltr'>παρθένου</span> <span class='ocrx_word' id='word_1_538' title='bbox 314 4056 475 4136; x_wconf 90' lang='grc' dir='ltr'>σεμνοτέραν</span> <span class='ocrx_word' id='word_1_539' title='bbox 489 4057 538 4129; x_wconf 75' lang='grc' dir='ltr'>τὴν</span> <span class='ocrx_word' id='word_1_540' title='bbox 553 4056 664 4138; x_wconf 83' lang='grc' dir='ltr'>πόρνην.</span> <span class='ocrx_word' id='word_1_541' title='bbox 680 4058 817 4132; x_wconf 83' lang='grc' dir='ltr'>Ἄκουσον,</span> <span class='ocrx_word' id='word_1_542' title='bbox 831 4059 877 4117; x_wconf 82' lang='grc' dir='ltr'>καί</span> <span class='ocrx_word' id='word_1_543' title='bbox 892 4058 940 4118; x_wconf 73' lang='lat' dir='ltr'>te·</span> <span class='ocrx_word' id='word_1_544' title='bbox 957 4067 976 4112; x_wconf 84' lang='grc' dir='ltr'>Ι)</span> <span class='ocrx_word' id='word_1_545' title='bbox 994 4076 1059 4137; x_wconf 87' lang='lat' dir='ltr'>tem,</span> <span class='ocrx_word' id='word_1_546' title='bbox 1076 4063 1208 4120; x_wconf 85' lang='lat' dir='ltr'>latronem</span> <span class='ocrx_word' id='word_1_547' title='bbox 1221 4056 1341 4139; x_wconf 85' lang='lat' dir='ltr'>paradisi</span> <span class='ocrx_word' id='word_1_548' title='bbox 1355 4056 1443 4117; x_wconf 84' lang='lat' dir='ltr'>civem</span> <span class='ocrx_word' id='word_1_549' title='bbox 1455 4057 1568 4131; x_wconf 85' lang='lat' dir='ltr'>factum,</span> <span class='ocrx_word' id='word_1_550' title='bbox 1585 4058 1709 4139; x_wconf 78' lang='lat' dir='ltr'>publiea·</span> 
     </span>
     <span class='ocr_line' id='line_1_41' title="bbox 168 4145 1709 4231; baseline 0.005 -28"><span class='ocrx_word' id='word_1_551' title='bbox 168 4145 281 4204; x_wconf 83' lang='grc' dir='ltr'>ἄκουσον</span> <span class='ocrx_word' id='word_1_552' title='bbox 299 4147 402 4218; x_wconf 73' lang='grc' dir='ltr'>ἐκεῖνα,</span> <span class='ocrx_word' id='word_1_553' title='bbox 410 4147 456 4206; x_wconf 85' lang='grc' dir='ltr'>καί</span> <span class='ocrx_word' id='word_1_554' title='bbox 469 4149 551 4226; x_wconf 85' lang='grc' dir='ltr'>βλέπε</span> <span class='ocrx_word' id='word_1_555' title='bbox 560 4156 653 4208; x_wconf 79' lang='grc' dir='ltr'>ταῦτα.</span> <span class='ocrx_word' id='word_1_556' title='bbox 663 4148 728 4210; x_wconf 77' lang='grc' dir='ltr'>Ἀπὸ</span> <span class='ocrx_word' id='word_1_557' title='bbox 738 4153 791 4208; x_wconf 84' lang='grc' dir='ltr'>τῶν</span> <span class='ocrx_word' id='word_1_558' title='bbox 802 4151 940 4230; x_wconf 87' lang='grc' dir='ltr'>παρόντων</span> <span class='ocrx_word' id='word_1_559' title='bbox 994 4174 1061 4213; x_wconf 89' lang='lat' dir='ltr'>num</span> <span class='ocrx_word' id='word_1_560' title='bbox 1071 4153 1098 4212; x_wconf 90' lang='lat' dir='ltr'>in</span> <span class='ocrx_word' id='word_1_561' title='bbox 1109 4150 1304 4231; x_wconf 79' lang='lat' dir='ltr'>evangelistam</span> <span class='ocrx_word' id='word_1_562' title='bbox 1316 4160 1462 4223; x_wconf 87' lang='lat' dir='ltr'>mutatum,</span> <span class='ocrx_word' id='word_1_563' title='bbox 1470 4149 1640 4209; x_wconf 84' lang='lat' dir='ltr'>meretricem</span> <span class='ocrx_word' id='word_1_564' title='bbox 1649 4150 1709 4212; x_wconf 82' lang='lat' dir='ltr'>vir-</span> 
     </span>
     <span class='ocr_line' id='line_1_42' title="bbox 168 4236 1707 4324; baseline 0.003 -30"><span class='ocrx_word' id='word_1_565' title='bbox 168 4236 237 4295; x_wconf 78' lang='grc' dir='ltr'>λάὅε</span> <span class='ocrx_word' id='word_1_566' title='bbox 248 4236 397 4305; x_wconf 82' lang='grc' dir='ltr'>ἀπόδειξιν·</span> <span class='ocrx_word' id='word_1_567' title='bbox 411 4239 457 4297; x_wconf 84' lang='grc' dir='ltr'>καί</span> <span class='ocrx_word' id='word_1_568' title='bbox 466 4240 529 4320; x_wconf 74' lang='grc' dir='ltr'>περὶ</span> <span class='ocrx_word' id='word_1_569' title='bbox 545 4242 652 4300; x_wconf 76' lang='grc' dir='ltr'>ἐκείνων</span> <span class='ocrx_word' id='word_1_570' title='bbox 661 4242 749 4301; x_wconf 83' lang='grc' dir='ltr'>έδωκά</span> <span class='ocrx_word' id='word_1_571' title='bbox 759 4265 801 4301; x_wconf 90' lang='grc' dir='ltr'>σοι</span> <span class='ocrx_word' id='word_1_572' title='bbox 813 4243 942 4323; x_wconf 82' lang='grc' dir='ltr'>ίνέχυρα·</span> <span class='ocrx_word' id='word_1_573' title='bbox 995 4245 1057 4324; x_wconf 76' lang='lat' dir='ltr'>gine</span> <span class='ocrx_word' id='word_1_574' title='bbox 1069 4241 1302 4306; x_wconf 77' lang='lat' dir='ltr'>continentiorem.</span> <span class='ocrx_word' id='word_1_575' title='bbox 1321 4238 1407 4313; x_wconf 74' lang='lat' dir='ltr'>Audi,</span> <span class='ocrx_word' id='word_1_576' title='bbox 1422 4251 1448 4297; x_wconf 82' lang='lat' dir='ltr'>et</span> <span class='ocrx_word' id='word_1_577' title='bbox 1460 4238 1525 4298; x_wconf 79' lang='lat' dir='ltr'>vide</span> <span class='ocrx_word' id='word_1_578' title='bbox 1541 4262 1549 4297; x_wconf 78' lang='lat' dir='ltr'>t</span> <span class='ocrx_word' id='word_1_579' title='bbox 1566 4238 1631 4298; x_wconf 90' lang='lat' dir='ltr'>audi</span> <span class='ocrx_word' id='word_1_580' title='bbox 1647 4241 1707 4317; x_wconf 80' lang='lat' dir='ltr'>iila,</span> 
     </span>
     <span class='ocr_line' id='line_1_43' title="bbox 167 4327 1706 4413; baseline 0.003 -28"><span class='ocrx_word' id='word_1_581' title='bbox 167 4332 255 4386; x_wconf 78' lang='grc' dir='ltr'>ταῦτα</span> <span class='ocrx_word' id='word_1_582' title='bbox 268 4327 374 4387; x_wconf 88' lang='grc' dir='ltr'>ίκείνων</span> <span class='ocrx_word' id='word_1_583' title='bbox 389 4330 498 4407; x_wconf 88' lang='grc' dir='ltr'>ἀμείνω.</span> <span class='ocrx_word' id='word_1_584' title='bbox 513 4334 585 4392; x_wconf 78' lang='grc' dir='ltr'>ιίίαί</span> <span class='ocrx_word' id='word_1_585' title='bbox 599 4333 626 4392; x_wconf 88' lang='grc' dir='ltr'>τί</span> <span class='ocrx_word' id='word_1_586' title='bbox 637 4334 721 4401; x_wconf 87' lang='grc' dir='ltr'>θέλεις</span> <span class='ocrx_word' id='word_1_587' title='bbox 734 4333 834 4412; x_wconf 74' lang='grc' dir='ltr'>λέγειν,</span> <span class='ocrx_word' id='word_1_588' title='bbox 847 4338 942 4395; x_wconf 80' lang='grc' dir='ltr'>Ταῦτα</span> <span class='ocrx_word' id='word_1_589' title='bbox 994 4337 1052 4396; x_wconf 74' lang='lat' dir='ltr'>haec</span> <span class='ocrx_word' id='word_1_590' title='bbox 1067 4335 1177 4396; x_wconf 76' lang='lat' dir='ltr'>videt</span> <span class='ocrx_word' id='word_1_591' title='bbox 1197 4329 1376 4413; x_wconf 77' lang='lat' dir='ltr'>praesentibus</span> <span class='ocrx_word' id='word_1_592' title='bbox 1392 4343 1582 4409; x_wconf 79' lang='lat' dir='ltr'>argumentum</span> <span class='ocrx_word' id='word_1_593' title='bbox 1596 4331 1706 4412; x_wconf 84' lang='lat' dir='ltr'>accipe:</span> 
     </span>
     <span class='ocr_line' id='line_1_44' title="bbox 168 4419 1710 4505; baseline 0.003 -28"><span class='ocrx_word' id='word_1_594' title='bbox 168 4419 234 4496; x_wconf 77' lang='grc' dir='ltr'>ἐμαί.</span> <span class='ocrx_word' id='word_1_595' title='bbox 244 4419 380 4494; x_wconf 80' lang='grc' dir='ltr'>Ἄκουσον,</span> <span class='ocrx_word' id='word_1_596' title='bbox 397 4421 529 4504; x_wconf 87' lang='grc' dir='ltr'>θύγατερ,</span> <span class='ocrx_word' id='word_1_597' title='bbox 544 4425 591 4483; x_wconf 85' lang='grc' dir='ltr'>καί</span> <span class='ocrx_word' id='word_1_598' title='bbox 605 4426 652 4486; x_wconf 86' lang='grc' dir='ltr'>ίδε.</span> <span class='ocrx_word' id='word_1_599' title='bbox 668 4427 764 4485; x_wconf 79' lang='grc' dir='ltr'>Ταῦτα</span> <span class='ocrx_word' id='word_1_600' title='bbox 776 4431 792 4497; x_wconf 80' lang='grc' dir='ltr'>ἡ</span> <span class='ocrx_word' id='word_1_601' title='bbox 805 4426 891 4504; x_wconf 77' lang='grc' dir='ltr'>προῖξ.</span> <span class='ocrx_word' id='word_1_602' title='bbox 905 4429 942 4487; x_wconf 88' lang='grc' dir='ltr'>Τί</span> <span class='ocrx_word' id='word_1_603' title='bbox 994 4428 1030 4487; x_wconf 91' lang='lat' dir='ltr'>de</span> <span class='ocrx_word' id='word_1_604' title='bbox 1042 4426 1098 4486; x_wconf 86' lang='lat' dir='ltr'>illis</span> <span class='ocrx_word' id='word_1_605' title='bbox 1108 4427 1189 4485; x_wconf 85' lang='lat' dir='ltr'>etiarn</span> <span class='ocrx_word' id='word_1_606' title='bbox 1203 4423 1317 4503; x_wconf 83' lang='lat' dir='ltr'>pignora</span> <span class='ocrx_word' id='word_1_607' title='bbox 1335 4419 1399 4479; x_wconf 88' lang='lat' dir='ltr'>dedi</span> <span class='ocrx_word' id='word_1_608' title='bbox 1419 4420 1490 4479; x_wconf 90' lang='lat' dir='ltr'>tibi:</span> <span class='ocrx_word' id='word_1_609' title='bbox 1506 4421 1564 4479; x_wconf 80' lang='lat' dir='ltr'>haec</span> <span class='ocrx_word' id='word_1_610' title='bbox 1579 4420 1710 4505; x_wconf 24' lang='lat' dir='ltr'>illisame·</span> 
     </span>
     <span class='ocr_line' id='line_1_45' title="bbox 168 4510 1712 4597; baseline 0.002 -28"><span class='ocrx_word' id='word_1_611' title='bbox 168 4510 285 4590; x_wconf 75' lang='grc' dir='ltr'>εἰσφέρει</span> <span class='ocrx_word' id='word_1_612' title='bbox 307 4518 323 4584; x_wconf 80' lang='grc' dir='ltr'>ἡ</span> <span class='ocrx_word' id='word_1_613' title='bbox 346 4512 452 4593; x_wconf 69' lang='grc' dir='ltr'>νύμφης</span> <span class='ocrx_word' id='word_1_614' title='bbox 467 4514 594 4593; x_wconf 89' lang='grc' dir='ltr'>Ἰδωμεν.</span> <span class='ocrx_word' id='word_1_615' title='bbox 611 4517 666 4576; x_wconf 80' lang='grc' dir='ltr'>Καὶ</span> <span class='ocrx_word' id='word_1_616' title='bbox 688 4516 720 4575; x_wconf 81' lang='grc' dir='ltr'>σὺ</span> <span class='ocrx_word' id='word_1_617' title='bbox 742 4518 883 4597; x_wconf 80' lang='grc' dir='ltr'>εἰσένεγκε.</span> <span class='ocrx_word' id='word_1_618' title='bbox 907 4520 943 4578; x_wconf 85' lang='grc' dir='ltr'>Τί</span> <span class='ocrx_word' id='word_1_619' title='bbox 994 4519 1062 4577; x_wconf 90' lang='lat' dir='ltr'>liora</span> <span class='ocrx_word' id='word_1_620' title='bbox 1074 4531 1145 4577; x_wconf 90' lang='lat' dir='ltr'>sunt.</span> <span class='ocrx_word' id='word_1_621' title='bbox 1161 4512 1266 4592; x_wconf 86' lang='lat' dir='ltr'>Ecquid</span> <span class='ocrx_word' id='word_1_622' title='bbox 1281 4511 1391 4570; x_wconf 83' lang='lat' dir='ltr'>tandem</span> <span class='ocrx_word' id='word_1_623' title='bbox 1402 4511 1509 4570; x_wconf 90' lang='lat' dir='ltr'>dictura</span> <span class='ocrx_word' id='word_1_624' title='bbox 1523 4511 1571 4571; x_wconf 75' lang='lat' dir='ltr'>es?</span> <span class='ocrx_word' id='word_1_625' title='bbox 1581 4515 1642 4571; x_wconf 88' lang='lat' dir='ltr'>Mea</span> <span class='ocrx_word' id='word_1_626' title='bbox 1653 4512 1712 4572; x_wconf 73' lang='lat' dir='ltr'>hae</span> 
     </span>
     <span class='ocr_line' id='line_1_46' title="bbox 168 4595 1710 4689; baseline 0.004 -29"><span class='ocrx_word' id='word_1_627' title='bbox 168 4602 301 4673; x_wconf 85' lang='grc' dir='ltr'>ποτε,ίνα</span> <span class='ocrx_word' id='word_1_628' title='bbox 316 4602 354 4681; x_wconf 76' lang='grc' dir='ltr'>μὴ</span> <span class='ocrx_word' id='word_1_629' title='bbox 365 4595 398 4683; x_wconf 67' lang='grc' dir='ltr'>ᾖς</span> <span class='ocrx_word' id='word_1_630' title='bbox 410 4606 552 4688; x_wconf 88' lang='grc' dir='ltr'>ἀπροικος;</span> <span class='ocrx_word' id='word_1_631' title='bbox 564 4606 638 4685; x_wconf 85' lang='grc' dir='ltr'>Ἐγὼ</span> <span class='ocrx_word' id='word_1_632' title='bbox 649 4609 677 4666; x_wconf 90' lang='grc' dir='ltr'>τί</span> <span class='ocrx_word' id='word_1_633' title='bbox 693 4609 763 4688; x_wconf 81' lang='grc' dir='ltr'>ἔχω,</span> <span class='ocrx_word' id='word_1_634' title='bbox 779 4609 870 4689; x_wconf 87' lang='grc' dir='ltr'>φησίν,</span> <span class='ocrx_word' id='word_1_635' title='bbox 885 4613 938 4672; x_wconf 83' lang='grc' dir='ltr'>είσ·</span> <span class='ocrx_word' id='word_1_636' title='bbox 994 4626 1068 4672; x_wconf 91' lang='lat' dir='ltr'>sunt.</span> <span class='ocrx_word' id='word_1_637' title='bbox 1081 4610 1177 4681; x_wconf 80' lang='lat' dir='ltr'>Audi,</span> <span class='ocrx_word' id='word_1_638' title='bbox 1183 4608 1269 4689; x_wconf 78' lang='lat' dir='ltr'>filiu,</span> <span class='ocrx_word' id='word_1_639' title='bbox 1281 4618 1310 4664; x_wconf 87' lang='lat' dir='ltr'>et</span> <span class='ocrx_word' id='word_1_640' title='bbox 1323 4606 1403 4663; x_wconf 80' lang='lat' dir='ltr'>vide.</span> <span class='ocrx_word' id='word_1_641' title='bbox 1413 4604 1477 4663; x_wconf 82' lang='lat' dir='ltr'>Haec</span> <span class='ocrx_word' id='word_1_642' title='bbox 1487 4604 1537 4664; x_wconf 88' lang='lat' dir='ltr'>dos</span> <span class='ocrx_word' id='word_1_643' title='bbox 1550 4616 1621 4665; x_wconf 88' lang='lat' dir='ltr'>suut.</span> <span class='ocrx_word' id='word_1_644' title='bbox 1635 4604 1710 4678; x_wconf 89' lang='lat' dir='ltr'>Quid</span> 
     </span>
     <span class='ocr_line' id='line_1_47' title="bbox 168 4693 1709 4782; baseline 0.003 -32"><span class='ocrx_word' id='word_1_645' title='bbox 168 4702 286 4772; x_wconf 85' lang='grc' dir='ltr'>ενεγκεῖν</span> <span class='ocrx_word' id='word_1_646' title='bbox 298 4695 352 4754; x_wconf 83' lang='grc' dir='ltr'>ἀπὸ</span> <span class='ocrx_word' id='word_1_647' title='bbox 368 4699 477 4774; x_wconf 83' lang='grc' dir='ltr'>βωμῶν,</span> <span class='ocrx_word' id='word_1_648' title='bbox 496 4698 550 4757; x_wconf 83' lang='grc' dir='ltr'>ἀπὸ</span> <span class='ocrx_word' id='word_1_649' title='bbox 562 4697 669 4773; x_wconf 83' lang='grc' dir='ltr'>κνίσης,</span> <span class='ocrx_word' id='word_1_650' title='bbox 683 4701 737 4758; x_wconf 83' lang='grc' dir='ltr'>ἀπὸ</span> <span class='ocrx_word' id='word_1_651' title='bbox 752 4700 901 4778; x_wconf 72' lang='grc' dir='ltr'>δαιμόνων,</span> <span class='ocrx_word' id='word_1_652' title='bbox 914 4703 941 4760; x_wconf 90' lang='grc' dir='ltr'>τί</span> <span class='ocrx_word' id='word_1_653' title='bbox 996 4705 1075 4762; x_wconf 78' lang='lat' dir='ltr'>int&#39;ert</span> <span class='ocrx_word' id='word_1_654' title='bbox 1089 4700 1203 4782; x_wconf 71' lang='lat' dir='ltr'>sponsa?</span> <span class='ocrx_word' id='word_1_655' title='bbox 1214 4693 1374 4760; x_wconf 82' lang='lat' dir='ltr'>Videamus.</span> <span class='ocrx_word' id='word_1_656' title='bbox 1386 4696 1424 4754; x_wconf 83' lang='lat' dir='ltr'>Et</span> <span class='ocrx_word' id='word_1_657' title='bbox 1436 4709 1466 4753; x_wconf 89' lang='lat' dir='ltr'>tu</span> <span class='ocrx_word' id='word_1_658' title='bbox 1481 4695 1579 4754; x_wconf 85' lang='lat' dir='ltr'>inferas</span> <span class='ocrx_word' id='word_1_659' title='bbox 1593 4715 1709 4775; x_wconf 88' lang='lat' dir='ltr'>quoque.</span> 
     </span>
     <span class='ocr_line' id='line_1_48' title="bbox 168 4785 1711 4872; baseline 0.002 -29"><span class='ocrx_word' id='word_1_660' title='bbox 168 4787 225 4864; x_wconf 75' lang='grc' dir='ltr'>ἔχω</span> <span class='ocrx_word' id='word_1_661' title='bbox 243 4786 413 4865; x_wconf 71' lang='grc' dir='ltr'>εἰσενεγκεῖν,</span> <span class='ocrx_word' id='word_1_662' title='bbox 432 4789 487 4860; x_wconf 88' lang='grc' dir='ltr'>Τί;</span> <span class='ocrx_word' id='word_1_663' title='bbox 508 4788 622 4866; x_wconf 80' lang='grc' dir='ltr'>Γνώμην</span> <span class='ocrx_word' id='word_1_664' title='bbox 636 4791 682 4850; x_wconf 83' lang='grc' dir='ltr'>καί</span> <span class='ocrx_word' id='word_1_665' title='bbox 697 4791 797 4851; x_wconf 84' lang='grc' dir='ltr'>πίστιν.</span> <span class='ocrx_word' id='word_1_666' title='bbox 813 4792 939 4854; x_wconf 78' lang='grc' dir='ltr'>Ἄκουσον</span> <span class='ocrx_word' id='word_1_667' title='bbox 995 4792 1102 4872; x_wconf 88' lang='lat' dir='ltr'>Ecquid</span> <span class='ocrx_word' id='word_1_668' title='bbox 1113 4806 1143 4850; x_wconf 91' lang='lat' dir='ltr'>tu</span> <span class='ocrx_word' id='word_1_669' title='bbox 1152 4789 1275 4864; x_wconf 84' lang='lat' dir='ltr'>taudem,</span> <span class='ocrx_word' id='word_1_670' title='bbox 1290 4800 1320 4845; x_wconf 93' lang='lat' dir='ltr'>ut</span> <span class='ocrx_word' id='word_1_671' title='bbox 1332 4807 1366 4846; x_wconf 88' lang='lat' dir='ltr'>ne</span> <span class='ocrx_word' id='word_1_672' title='bbox 1375 4806 1482 4845; x_wconf 86' lang='lat' dir='ltr'>maneas</span> <span class='ocrx_word' id='word_1_673' title='bbox 1495 4785 1636 4846; x_wconf 76' lang='lat' dir='ltr'>indotata?</span> <span class='ocrx_word' id='word_1_674' title='bbox 1651 4786 1711 4866; x_wconf 82' lang='lat' dir='ltr'>Ego</span> 
     </span>
     <span class='ocr_line' id='line_1_49' title="bbox 167 4875 1712 4965; baseline 0.003 -32"><span class='ocrx_word' id='word_1_675' title='bbox 167 4875 299 4955; x_wconf 89' lang='grc' dir='ltr'>θύγατερ,</span> <span class='ocrx_word' id='word_1_676' title='bbox 320 4878 367 4935; x_wconf 86' lang='grc' dir='ltr'>καί</span> <span class='ocrx_word' id='word_1_677' title='bbox 381 4877 430 4937; x_wconf 81' lang='grc' dir='ltr'>ἴδε.</span> <span class='ocrx_word' id='word_1_678' title='bbox 443 4879 495 4939; x_wconf 85' lang='grc' dir='ltr'>Καί</span> <span class='ocrx_word' id='word_1_679' title='bbox 509 4880 536 4937; x_wconf 84' lang='grc' dir='ltr'>τί</span> <span class='ocrx_word' id='word_1_680' title='bbox 551 4879 634 4948; x_wconf 88' lang='grc' dir='ltr'>θέλεις</span> <span class='ocrx_word' id='word_1_681' title='bbox 648 4883 772 4958; x_wconf 70' lang='grc' dir='ltr'>ποιήσιος</span> <span class='ocrx_word' id='word_1_682' title='bbox 793 4883 940 4944; x_wconf 84' lang='grc' dir='ltr'>Ἐπιλύθου</span> <span class='ocrx_word' id='word_1_683' title='bbox 994 4886 1062 4965; x_wconf 88' lang='lat' dir='ltr'>qnid</span> <span class='ocrx_word' id='word_1_684' title='bbox 1073 4883 1174 4965; x_wconf 88' lang='lat' dir='ltr'>possim</span> <span class='ocrx_word' id='word_1_685' title='bbox 1186 4881 1283 4939; x_wconf 81' lang='lat' dir='ltr'>inserte</span> <span class='ocrx_word' id='word_1_686' title='bbox 1293 4878 1330 4937; x_wconf 91' lang='lat' dir='ltr'>ab</span> <span class='ocrx_word' id='word_1_687' title='bbox 1340 4877 1482 4956; x_wconf 60' lang='lat' dir='ltr'>altariiius,</span> <span class='ocrx_word' id='word_1_688' title='bbox 1491 4899 1507 4936; x_wconf 87' lang='lat' dir='ltr'>a</span> <span class='ocrx_word' id='word_1_689' title='bbox 1517 4877 1622 4954; x_wconf 88' lang='lat' dir='ltr'>nidore,</span> <span class='ocrx_word' id='word_1_690' title='bbox 1631 4900 1647 4938; x_wconf 95' lang='lat' dir='ltr'>a</span> <span class='ocrx_word' id='word_1_691' title='bbox 1656 4878 1712 4938; x_wconf 75' lang='lat' dir='ltr'>de·</span> 
     </span>
     <span class='ocr_line' id='line_1_50' title="bbox 167 4968 1712 5052; baseline 0.003 -29"><span class='ocrx_word' id='word_1_692' title='bbox 167 4971 216 5025; x_wconf 83' lang='grc' dir='ltr'>τοῶ</span> <span class='ocrx_word' id='word_1_693' title='bbox 230 4968 296 5027; x_wconf 85' lang='grc' dir='ltr'>λαοῦ</span> <span class='ocrx_word' id='word_1_694' title='bbox 306 4990 364 5027; x_wconf 92' lang='grc' dir='ltr'>σου.</span> <span class='ocrx_word' id='word_1_695' title='bbox 375 4968 457 5028; x_wconf 88' lang='grc' dir='ltr'>Ποίου</span> <span class='ocrx_word' id='word_1_696' title='bbox 468 4971 534 5029; x_wconf 80' lang='grc' dir='ltr'>λαοῦ</span> <span class='ocrx_word' id='word_1_697' title='bbox 542 4995 550 5043; x_wconf 84' lang='grc'><strong>;</strong></span> <span class='ocrx_word' id='word_1_698' title='bbox 561 4974 623 5030; x_wconf 88' lang='grc' dir='ltr'>Τῶν</span> <span class='ocrx_word' id='word_1_699' title='bbox 639 4974 784 5052; x_wconf 85' lang='grc' dir='ltr'>δαιμόνων,</span> <span class='ocrx_word' id='word_1_700' title='bbox 798 4980 850 5035; x_wconf 90' lang='grc' dir='ltr'>τῶν</span> <span class='ocrx_word' id='word_1_701' title='bbox 864 4975 941 5035; x_wconf 82' lang='grc' dir='ltr'>εἰδώ-</span> <span class='ocrx_word' id='word_1_702' title='bbox 959 4993 976 5039; x_wconf 84' lang='lat' dir='ltr'>a</span> <span class='ocrx_word' id='word_1_703' title='bbox 996 4969 1712 5051; x_wconf 75' lang='lat' dir='ltr'>monibus?qnidinferendnmhabeoi’Quid?Volun-</span> 
     </span>
     <span class='ocr_line' id='line_1_51' title="bbox 168 5059 1712 5143; baseline 0.005 -27"><span class='ocrx_word' id='word_1_704' title='bbox 168 5059 233 5131; x_wconf 90' lang='grc' dir='ltr'>λων,</span> <span class='ocrx_word' id='word_1_705' title='bbox 245 5060 291 5117; x_wconf 79' lang='grc' dir='ltr'>τοῦ</span> <span class='ocrx_word' id='word_1_706' title='bbox 301 5064 418 5132; x_wconf 81' lang='grc' dir='ltr'>καπνοῦ,</span> <span class='ocrx_word' id='word_1_707' title='bbox 431 5065 479 5132; x_wconf 79' lang='grc' dir='ltr'>τῆς</span> <span class='ocrx_word' id='word_1_708' title='bbox 493 5062 604 5136; x_wconf 91' lang='grc' dir='ltr'>κνίσης,</span> <span class='ocrx_word' id='word_1_709' title='bbox 617 5070 665 5123; x_wconf 82' lang='grc' dir='ltr'>τοῦ</span> <span class='ocrx_word' id='word_1_710' title='bbox 680 5065 800 5143; x_wconf 88' lang='grc' dir='ltr'>αίματος.</span> <span class='ocrx_word' id='word_1_711' title='bbox 812 5067 866 5127; x_wconf 79' lang='grc' dir='ltr'>Καὶ</span> <span class='ocrx_word' id='word_1_712' title='bbox 881 5067 940 5143; x_wconf 67' lang='lat' dir='ltr'>tte,</span> <span class='ocrx_word' id='word_1_713' title='bbox 995 5082 1078 5127; x_wconf 86' lang='lat' dir='ltr'>tatem</span> <span class='ocrx_word' id='word_1_714' title='bbox 1089 5080 1115 5124; x_wconf 94' lang='lat' dir='ltr'>et</span> <span class='ocrx_word' id='word_1_715' title='bbox 1125 5063 1216 5126; x_wconf 78' lang='lat' dir='ltr'>fidem.</span> <span class='ocrx_word' id='word_1_716' title='bbox 1226 5062 1312 5122; x_wconf 78' lang='lat' dir='ltr'>Audi</span> <span class='ocrx_word' id='word_1_717' title='bbox 1313 5107 1322 5135; x_wconf 82' lang='lat'><em>,</em></span> <span class='ocrx_word' id='word_1_718' title='bbox 1329 5062 1413 5142; x_wconf 79' lang='lat' dir='ltr'>filia,</span> <span class='ocrx_word' id='word_1_719' title='bbox 1423 5075 1450 5120; x_wconf 88' lang='lat' dir='ltr'>et</span> <span class='ocrx_word' id='word_1_720' title='bbox 1463 5064 1544 5123; x_wconf 82' lang='lat' dir='ltr'>vide.</span> <span class='ocrx_word' id='word_1_721' title='bbox 1553 5062 1660 5143; x_wconf 85' lang='lat' dir='ltr'>Ecquid</span> <span class='ocrx_word' id='word_1_722' title='bbox 1669 5064 1712 5124; x_wconf 78' lang='lat' dir='ltr'>vis</span> 
     </span>
    </p>
   </div>
   <div class='ocr_carea' id='block_1_3' title="bbox 202 5215 606 5286">
    <p class='ocr_par' dir='ltr' id='par_1_8' title="bbox 202 5215 606 5286">
     <span class='ocr_line' id='line_1_52' title="bbox 202 5215 606 5286; baseline 0.04 -24"><span class='ocrx_word' id='word_1_723' title='bbox 202 5230 213 5254; x_wconf 77' lang='lat'>²</span> <span class='ocrx_word' id='word_1_724' title='bbox 230 5215 324 5281; x_wconf 81' lang='lat' dir='ltr'>[Srvil.</span> <span class='ocrx_word' id='word_1_725' title='bbox 339 5225 375 5270; x_wconf 80' lang='grc' dir='ltr'>καί</span> <span class='ocrx_word' id='word_1_726' title='bbox 388 5226 409 5271; x_wconf 83' lang='grc' dir='ltr'>τί</span> <span class='ocrx_word' id='word_1_727' title='bbox 423 5225 504 5280; x_wconf 73' lang='grc' dir='ltr'>θέλεις,</span> <span class='ocrx_word' id='word_1_728' title='bbox 520 5226 577 5286; x_wconf 66' lang='lat' dir='ltr'>ton</span> <span class='ocrx_word' id='word_1_729' title='bbox 587 5223 606 5286; x_wconf 62' lang='grc' dir='ltr'>ἦ]</span> 
     </span>
    </p>
   </div>
   <div class='ocr_carea' id='block_1_4' title="bbox 0 0 1896 5992">
    <p class='ocr_par' dir='ltr' id='par_1_9' title="bbox 0 0 1896 5992">
     <span class='ocr_line' id='line_1_53' title="bbox 0 0 1896 5992; baseline 0 0"><span class='ocrx_word' id='word_1_730' title='bbox 0 0 1896 5992; x_wconf 95' lang='lat' dir='ltr'> </span> 
     </span>
    </p>
   </div>
  </div>
 </body>
</html>
