3764 5992
74 375 124 451 68
396 400 427 448 s.
455 381 595 450 soanur's
620 395 802 446 cunrsosr.
831 395 989 448 incarne.
1020 365 1289 447 consranrruoe.

120 526 152 584 ί.
167 523 245 583 Talis
258 523 360 604 quippe
369 523 458 586 virtus
466 536 506 584 est
515 522 642 604 Spiritus.
655 522 697 580 Ita
711 540 797 599 quon·
890 519 1009 594 Τοιαύτη
1032 519 1085 603 γάρ
1107 519 1130 592 ἡ,
1146 524 1192 580 τοῦ
1213 520 1370 597 Πνεύματος
1397 518 1517 597 δύναμις.
1546 516 1627 579 Ούτω

80 616 145 677 dam
164 616 219 695 egit
239 615 321 675 etiam
335 614 535 675 Davidzexivit
554 612 637 672 armis
651 611 750 683 nudus,
765 625 796 671 ut
851 609 1134 681 καλόΔαυλδάποίησί
1144 633 1225 671 ποτε·
1240 610 1333 683 ἐξῆλθε
1345 612 1443 690 γυμνὸς
1458 615 1511 670 τῶν
1526 611 1626 681 όπλων,

81 707 154 768 nuda
167 707 252 786 gratia
270 707 321 766 Dei
341 720 492 786 appareret.
510 703 588 764 Nihil
600 703 682 778 enim,
696 702 795 782 inquit,
850 703 893 762 ίνα
907 706 976 783 φανῇ
988 703 1076 784 γυμνὴ
1088 707 1107 775 ἡ
1117 709 1163 762 τοῦ
1174 705 1245 762 Θεοῦ
1255 702 1342 782 χάρις.
1358 699 1452 774 Μηδέν
1462 701 1525 782 γὰρ,
1536 701 1626 781 φησὶν,

80 798 231 857 humanum
240 797 285 873 sit,
299 797 407 876 quando
425 818 474 876 pro
495 795 574 855 nobis
585 807 691 874 pugnat
709 795 795 853 Deos.
851 791 1014 873 ἀνθρώπινον
1038 791 1124 864 tosa,
1152 792 1214 851 όταν
1234 792 1304 859 Θοδς
1320 791 1388 874 ύπθρ
1411 795 1490 870 ἡμῶν
1509 793 1626 867 πολεμῇ.

6 914 69 959 ροσε·
80 889 178 949 Exivit
187 909 251 968 ergo
262 887 351 947 nudus
361 888 452 963 armis,
459 901 485 947 et
495 887 592 946 turrim
601 886 677 945 illam
688 885 795 965 dejecit.
851 881 963 953 Ἐξῆλθε
986 882 1073 943 τοίνυν
1092 881 1189 962 γυμνδς
1213 887 1265 941 τῶν
1286 880 1386 954 ὅπλων,
1409 883 1457 942 καὶ
1478 882 1626 959 κατήνεγκε

4 962 73 1069 γ’)ζζ
82 979 186 1039 Deinde
197 1000 258 1038 eum
272 979 354 1038 armis
369 978 514 1038 destitutus
527 991 719 1054 esset,currens
734 976 795 1056 gla-
814 984 833 1031 Β
850 971 894 1032 τδν
920 973 1019 1055 πύργον
1044 977 1152 1034 ἐκεῖνον.
1190 964 1258 1033 Εἶτα
1280 973 1371 1045 ἐπειδὴ
1394 972 1466 1034 όπλα
1486 975 1536 1032 οὐκ
1558 964 1625 1052 εἶχε,

80 1069 158 1129 dium
172 1070 295 1131 Goliathi
315 1069 416 1151 rapuit,
431 1083 511 1148 atque
524 1044 567 1128 ᾖ
588 1068 698 1128 barbari
717 1082 797 1148 caput
850 1064 959 1145 δραμὼν
985 1064 1091 1148 ἥρπασε
1117 1063 1165 1137 τὴν
1193 1063 1327 1143 μάχαιραν
1338 1069 1401 1123 arod
1426 1063 1544 1135 Γολιθθ,
1580 1063 1625 1120 καὶ

81 1161 243 1242 amputarit:
252 1161 289 1219 ita
299 1159 515 1239 quoquePaulus
526 1159 553 1218 in
562 1159 614 1218 hac
626 1159 798 1239 inscriptione
850 1155 917 1215 οὕτω
938 1154 987 1227 τὴν
1004 1154 1120 1236 κεφαλὴν
1142 1153 1246 1231 ἐξέτεμε
1261 1153 1311 1226 τὴν
1325 1159 1372 1213 τοῦ
1389 1154 1545 1235 βαρόάρου·
1557 1153 1625 1214 οῦτοι

17 1292 21 1301 ·
80 1251 152 1311 iecit.
168 1257 255 1330 Atque
267 1265 298 1310 ut
311 1249 476 1309 manifestior
488 1249 537 1308 fiat
548 1249 668 1311 victoriae
686 1248 796 1326 modus,
849 1248 1040 1313 καὶθΠαῦλος
1053 1246 1175 1318 ἐποίησεν
1189 1246 1233 1306 ἐπὶ
1246 1251 1292 1304 τοῦ
1304 1245 1510 1325 ἐπιγράμματος
1519 1245 1624 1304 ταύταν.

80 1343 210 1405 virtutem
229 1342 309 1403 robis
331 1340 513 1421 inscriptionis
533 1339 684 1401 declarabo.
705 1341 798 1401 ditare
849 1338 903 1399 Καὶ
915 1341 958 1397 ἵνα
971 1337 1128 1418 σαφέστερος
1141 1335 1248 1416 γένηται
1263 1340 1278 1395 ό
1293 1341 1341 1408 τῆς
1353 1336 1429 1406 νίκης
1443 1335 1559 1417 τρόπος,
1577 1334 1624 1394 καί

80 1435 165 1515 igitur
185 1432 299 1492 Athenis
317 1432 418 1491 Paulus
442 1431 555 1510 invenit,
573 1433 616 1492 cui
636 1433 797 1514 inscriptum
849 1429 898 1502 τλν
912 1428 1021 1508 δύναμιν
1036 1432 1097 1505 ύμῖν
1113 1432 1159 1487 τοῦ
1180 1427 1381 1507 ἐπιγράμματος
1394 1429 1456 1506 ἐρῶ.
1479 1418 1552 1507 Εύρε
1566 1426 1623 1484 σοι’-

79 1537 145 1600 erat,
155 1528 260 1605 Igrwto
279 1525 352 1583 Deo.
365 1522 434 1595 Quis
446 1536 537 1583 autem
546 1522 593 1582 ille
606 1537 663 1583 erat
675 1524 796 1603 ignotus,
850 1524 924 1581 νυνό
940 1523 1047 1587 Παῦλος
1059 1521 1086 1578 ἐν
1102 1518 1222 1590 Ἀθήναις
1237 1520 1337 1597 βωμόν,
1352 1522 1379 1578 ἐν
1391 1511 1413 1599 ᾧ
1426 1519 1622 1598 ἐπεγέγραπτο,

80 1615 132 1675 nisi
141 1614 284 1675 Christus?
294 1613 441 1692 Videsquo
453 1627 533 1694 pacto
543 1613 746 1695 inscriptionem
755 1637 800 1675 ca·
853 1611 994 1694 ’ἀγνώστῳ
1007 1613 1078 1691 Θεῷ.
1093 1610 1143 1678 Tte
1163 1609 1191 1670 δέ
1210 1602 1243 1682 ἦν
1261 1611 1276 1668 ό
1293 1609 1484 1690 ἀγνοούμενος,
1499 1611 1560 1669 ἀλλ’
1580 1607 1628 1680 ἢὸ

80 1705 206 1787 ptivitate
216 1705 408 1781 liberarit,non
419 1719 450 1764 ut
460 1704 559 1764 darm
568 1705 688 1764 afficeret
697 1706 798 1786 eosqui
854 1703 987 1784 Χριστός;
1011 1693 1088 1769 Eira<
1110 1704 1167 1768 πῶς
1189 1698 1437 1780 ἐξηχμαλιύτισετδ
1456 1700 1627 1781 ἐπίγραμμα,

81 1796 312 1878 scripserunt,sed
326 1811 357 1856 ut
365 1817 411 1856 eos
423 1796 513 1857 salvos
521 1796 629 1872 iaceret,
637 1796 729 1875 eisque
738 1819 800 1878 pro·
855 1800 902 1858 ούκ
926 1795 971 1855 ἐπὶ
991 1799 1073 1874 κακῷ
1095 1798 1148 1853 τῶν
1168 1791 1336 1872 γραψάντων,
1360 1794 1419 1851 ἀλλ’
1441 1792 1487 1851 ἐπὶ
1507 1790 1628 1872 σωτηρία

81 1888 429 1968 dessetiQuidigiturian
443 1901 554 1969 propter
569 1886 718 1961 Christum,
727 1888 801 1948 dicet
855 1892 940 1948 αὐτῶν
962 1885 1007 1946 καλ
1031 1883 1160 1966 προνοίας
1184 1881 1221 1943 Τί
1241 1874 1303 1955 edu
1324 1884 1348 1944 οί
1361 1884 1494 1956 Ἀθηναῖοι
1516 1881 1562 1941 διὰ
1581 1882 1626 1940 τὸν

81 1980 189 2061 aliquis,
200 1979 274 2039 istud
284 1981 443 2060 scripserant
451 1978 681 2039 Atheniensesisi
691 1994 802 2062 propter
817 1995 837 2044 c
855 1975 970 2058 Χριστὸν
982 1976 1100 2056 ίγραψαν
1114 1983 1205 2048 τοῦτο,
1226 1974 1322 2053 ρησίνς
1342 1977 1376 2037 Εἰ
1390 1973 1434 2034 διδ
1449 1974 1495 2034 τδν
1509 1972 1626 2054 Χριστὸν

82 2072 221 2132 Christum
229 2072 289 2130 hac
299 2071 473 2130 Athenienses
491 2069 669 2151 scripsissent,
683 2092 724 2130 res
735 2070 803 2132 adeo
855 2069 973 2150 ἔγραψαν
988 2073 1013 2130 οἱ
1026 2068 1174 2139 Ἀθηναῖοι,
1187 2068 1235 2126 οὐκ
1247 2057 1280 2137 ἦν
1294 2063 1363 2124 odero
1374 2064 1544 2144 θαυμαστόν·
1558 2064 1628 2125 ἀλλά

82 2160 216 2221 mirabilis
229 2181 283 2219 non
298 2159 519 2218 tuissetz'verum
540 2158 593 2217 hoc
612 2173 652 2219 est
665 2160 801 2237 mirabile,
854 2160 931 2222 τοῦτό
953 2164 1009 2221 ἐστι
1039 2160 1070 2220 πθ
1096 2157 1258 2236 θαυμαστὸν,
1286 2156 1328 2215 ότι
1347 2158 1442 2217 ἐκεῖνον
1465 2156 1515 2235 μὲν
1541 2157 1628 2224 άλλως

82 2251 158 2330 quod
171 2251 213 2311 illi
232 2250 342 2330 quidem
366 2249 445 2309 aliter
469 2248 637 2330 scripserint,
654 2249 700 2309 hic
712 2263 803 2310 autem
855 2250 984 2333 ἔγραψαν,
1006 2241 1080 2318 οὗτος
1101 2248 1129 2329 δέ
1147 2249 1253 2330 ίσχυσεν
1269 2249 1355 2316 άλλως
1371 2250 1435 2309 αὐτὸ
1456 2248 1627 2326 μεταόσλεῑν.

39 2406 47 2415 ,
81 2342 161 2403 aliter
177 2341 247 2403 illud
260 2340 380 2424 potuerit
398 2341 551 2401 immutare.
565 2343 662 2421 Opera
686 2341 803 2422 pretium
855 2342 989 2423 Πρότερον
1010 2344 1153 2422 ἀναγκαῖον
1171 2343 1253 2400 είπεῖν
1271 2338 1341 2406 τίνος
1357 2338 1444 2399 ἴνεκεν
1457 2344 1482 2399 οἱ
1496 2337 1627 2412 Ἀθηναῖοι

82 2447 122 2494 cst
131 2433 208 2517 prius
217 2432 349 2511 dicamus,
357 2453 410 2511 qua
423 2431 460 2492 de
470 2452 549 2492 causa
558 2431 713 2514 scripserint
721 2433 804 2493 Athe-
856 2435 983 2514 ἔγραψαν,
997 2432 1134 2513 'rh-{veheres
1148 2433 1219 2513 Θεῷ.
1240 2432 1319 2498 Τίνος
1332 2422 1377 2491 ούν
1390 2430 1478 2490 ἕνεκεν
1492 2430 1627 2510 ἐγραψανς

83 2525 203 2603 aienses,
230 2529 337 2606 Ignoto
366 2526 441 2583 Deo.
469 2526 624 2598 Quamnam
657 2523 743 2604 igitur
768 2524 804 2584 ob
856 2525 976 2593 Πολλούς
990 2515 1060 2606 εἶχον
1073 2521 1145 2591 θεοὺς
1161 2526 1274 2598 ἐκεῖνον,
1290 2525 1390 2596 μᾶλλον
1405 2521 1434 2582 δέ
1447 2521 1627 2589 πολλσδςδαί-

83 2637 192 2677 causam
213 2614 511 2696 scripseruntdielultos
525 2615 566 2674 illi
577 2614 642 2673 deos
655 2612 802 2688 habehant,
858 2639 955 2696 μονας·
971 2616 1077 2682 Πάντες
1092 2614 1144 2694 γάρ
1164 2617 1188 2672 οἱ
1201 2614 1254 2674 θεολ
1263 2618 1316 2673 τῶν
1328 2618 1408 2673 ἐθνῶν
1423 2612 1559 2690 δαιμόνια.
1582 2604 1627 2672 Ei-

40 2722 73 2770 .5.
84 2707 127 2769 vel
140 2707 230 2790 potius
243 2705 343 2766 multos
359 2705 495 2764 daemones
507 2728 514 2762 ε
526 2708 633 2765 Omnes
647 2706 749 2787 quippe
762 2709 805 2766 dit
856 2731 906 2788 χον
918 2707 963 2768 καί
974 2706 1146 2788 ἐπιχωρίους,
1163 2705 1211 2766 καλ
1221 2705 1316 2774 ξένους.
1340 2705 1440 2786 Ὁρᾶτε
1451 2703 1512 2772 ὅσος
1522 2710 1537 2765 ό
1548 2703 1628 2763 κατά·

84 2803 214 2880 gentium
227 2796 535 2856 όαπεοπὶσ.λία1ισθουῑ
543 2810 570 2855 et
579 2797 682 2878 patrios
691 2811 717 2855 et
727 2818 803 2878 pere·
856 2801 947 2877 γτλως.
967 2801 1002 2860 Εἰ
1025 2799 1078 2881 γὰρ
1091 2802 1159 2866 Θεός
1182 2802 1263 2871 ἐστιν,
1285 2800 1333 2858 οῦκ
1346 2796 1403 2856 ἐστι
1417 2795 1503 2865 ξένος·
1518 2801 1567 2869 της
1578 2796 1628 2876 γάρ

86 2887 187 2967 grinos.
205 2887 312 2950 Videtis
324 2900 422 2965 quanta
434 2886 533 2946 irrisio.
543 2887 573 2948 si
585 2887 656 2946 euim
667 2889 741 2947 Deus
755 2902 804 2965 est,
858 2891 1012 2969 οἰκουμένης
1040 2890 1147 2962 ἁπάσης
1168 2890 1297 2960 δεσπότης
1317 2887 1383 2949 ἐστί.
1413 2889 1524 2949 Τούτων
1544 2888 1628 2949 τοίνυν

87 3000 140 3039 non
153 2991 191 3038 est
206 2979 527 3060 peregrinus2siquidem
538 2978 658 3039 universi
672 2993 805 3040 terrarum
857 2980 918 3050 τοθς
940 2981 988 3060 μὲν
1010 2981 1085 3062 παρά
1105 2979 1229 3061 πατέρων
1252 2971 1323 3061 είχον
1345 2979 1496 3058 δεξάμενοι,
1519 2978 1579 3047 τοθς
1602 2978 1628 3039 δέ

87 3069 161 3130 orbis
174 3083 214 3129 cst
222 3069 357 3129 dominus.
368 3068 510 3144 Quosdam
518 3069 603 3150 igitur
616 3072 728 3129 istorum
739 3072 806 3131 alios
821 3087 842 3135 t)
859 3074 913 3135 ἀπδ
939 3077 993 3132 τῶν
1021 3072 1133 3146 πλησίον
1157 3075 1248 3145 ἐθνῶν,
1273 3063 1326 3132 οἷον
1351 3072 1404 3131 ἀπὸ
1426 3074 1549 3142 Σκυθῶν,
1578 3070 1629 3130 άπδ

88 3182 104 3219 a
121 3161 243 3241 patribus
256 3161 312 3220 suis
327 3175 451 3242 acceptos
463 3161 608 3237 habehant,
622 3162 689 3221 alitis
699 3162 806 3222 adniti*
859 3166 994 3245 Θρακῶν,
1011 3163 1064 3222 ἀπὸ
1079 3164 1245 3241 Αἰγυπτίων·
1258 3163 1338 3223 καλεῖ
1352 3168 1399 3235 τῆς
1412 3162 1505 3231 έξωθεν
1516 3160 1628 3223 παιδεύ-

89 3253 141 3313 mis
162 3252 327 3331 nationibus,
343 3266 436 3334 utpote
448 3274 464 3311 a
476 3252 596 3333 Scythis,
611 3274 627 3312 a
640 3253 804 3332 Thracibus,
860 3279 926 3324 σεως
944 3248 993 3330 ἦτε
1013 3256 1148 3336 ἔμπειροι,
1161 3254 1207 3314 καὶ
1221 3255 1319 3322 ’ταύτας
1332 3253 1363 3313 ἀν
1380 3258 1441 3332 ύμῖν
1455 3253 1570 3333 ἀνέγνων
1584 3252 1630 3321 τάς

87 3344 123 3404 ab
136 3342 372 3426 AEgyptiis:quod
382 3344 406 3403 si
419 3344 536 3425 profanae
553 3344 633 3426 periti
643 3345 735 3405 essetis
747 3366 807 3405 eru·
860 3347 975 3429 ἱστορίας
997 3347 1106 3415 πάσας.
1125 3346 1204 3407 ’emt
1227 3338 1271 3405 ούν
1295 3348 1344 3405 οὐκ
1368 3344 1395 3414 ἐξ
1420 3348 1506 3426 ἀρχῆς
1530 3332 1648 3412 πάντας

87 3437 211 3514 ditionis,
219 3437 268 3496 has
278 3437 361 3497 etiam
371 3437 449 3497 vohis
463 3458 556 3497 omnes
570 3437 696 3497 historias
707 3438 807 3498 recita-
861 3441 999 3515 ἐδέξαντο,
1023 3439 1093 3500 ἀλλά
1112 3438 1182 3500 κατά
1205 3435 1298 3521 μικρὸν
1320 3438 1511 3518 εἰσηνέχθησαν
1535 3440 1631 3510 αὐτοῖς,

88 3551 157 3589 rem.
167 3529 398 3608 Quoniamigitur
411 3550 503 3589 omnes
514 3529 549 3588 ab
566 3528 644 3589 initio
655 3550 709 3589 uon
720 3551 808 3590 susee-
862 3536 887 3591 σί
907 3532 956 3613 μέν
978 3532 1022 3592 ἐπὶ
1042 3537 1096 3592 τῶν
1116 3531 1249 3611 πατέρων,
1272 3533 1297 3590 σί
1313 3529 1341 3590 δέ
1358 3530 1403 3589 ἐπὶ
1420 3535 1468 3602 τῆς
1480 3539 1572 3609 γενεᾶς
1584 3533 1632 3601 τῆς

88 3634 201 3702 perant,
215 3620 262 3680 sed
281 3620 335 3680 illis
349 3620 449 3681 invecti
469 3621 601 3702 paulatim
621 3623 740 3695 fuerant,
756 3622 804 3682 alii
862 3627 973 3700 ἑαυτῶν,
996 3623 1161 3690 συνελθόντες
1181 3615 1255 3682 εἶπον
1275 3624 1341 3703 πρὸς
1356 3621 1501 3694 ἀλλήλους·
1521 3622 1563 3680 ύτι
1576 3620 1633 3680 ῶσ-

89 3711 200 3791 quidem
224 3725 331 3792 patrum
353 3713 496 3788 aetate,alii
521 3735 584 3775 vero
608 3714 730 3796 ipsorum
744 3727 811 3774 tem·
861 3741 913 3799 περ
933 3717 1038 3786 τούτους
1058 3719 1213 3796 ἠγνοοῦμεν,
1237 3714 1326 3793 pech,
1349 3712 1441 3772 ἔπειτα
1454 3711 1562 3792 ὕστερον
1587 3715 1634 3772 αῦ-

90 3823 165 3883 pore,
180 3803 507 3864 convenientesdixerunt
521 3806 556 3865 ad
570 3806 812 3879 invicethuem·
863 3809 922 3877 τοῦς
947 3809 1092 3889 ἐδεξάμεθα
1111 3808 1157 3867 καλ
1181 3806 1370 3886 ἐγνωρίσαμεν,
1396 3804 1466 3864 οὕτω
1492 3804 1634 3882 συμθαίνει

90 3892 239 3952 admodum
269 3893 333 3953 istos
365 3895 569 3974 ignorabamus,
591 3897 810 3976 quandoquidem
864 3901 910 3962 καλ
933 3902 1012 3962 ἀλλον
1033 3892 1101 3961 εἶναι
1116 3897 1298 3978 ἀγνοούμενον,
1312 3897 1357 3956 καλ
1370 3896 1432 3954 ὄντα
1444 3895 1492 3974 μὲν
1507 3895 1588 3967 Θεὸν,
1606 3899 1636 3956 αθ

90 3985 164 4065 ipsos
173 3983 303 4063 deinceps
317 3985 469 4066 accepimus
481 4000 508 4046 et
517 3988 737 4066 agnovimus:ita
752 3990 812 4050 fieri
864 3993 1052 4074 γνωριζόμενον
1072 3991 1100 4051 δέ
1119 3993 1161 4072 ὑφ’
1176 3995 1267 4068 ἡμῶν·
1289 3988 1334 4047 καλ
1355 3989 1399 4048 διδ
1415 3992 1493 4049 τοῦτο
1512 3988 1637 4048 λανθάνει

91 4089 187 4157 potest,
197 4089 228 4134 ut
240 4075 276 4134 sit
288 4075 386 4155 aliquis
404 4076 474 4136 alius
489 4077 607 4156 ignotus,
623 4079 670 4157 qui
685 4100 764 4140 verus
777 4081 813 4140 sit
828 4093 848 4140 a
866 4082 1062 4162 ἀμελούμενος,
1080 4082 1126 4142 καλ
1144 4080 1212 4160 μηδὲ
1232 4079 1447 4161 θεραπευόμενος.
1476 4080 1513 4139 Τί
1531 4071 1576 4138 ode
1594 4079 1638 4139 ίνα

92 4169 176 4244 Deus,
190 4165 263 4226 seda
278 4166 357 4225 nobis
371 4167 481 4226 minime
503 4170 636 4249 cognitus,
649 4171 696 4249 qui
708 4192 725 4230 a
735 4172 814 4233 nohis
865 4173 994 4254 γένηται,
1012 4173 1150 4247 Ἔστησαν
1170 4174 1271 4252 βωμδν,
1287 4173 1332 4232 καὶ
1346 4172 1481 4252 ἔγραψαν,
1496 4170 1639 4252 Ἀγνώσπμ

92 4259 183 4320 insciis
197 4273 337 4340 propterea
351 4258 505 4339 negligatur
516 4274 603 4322 etnon
614 4262 814 4335 colatur.Quid
866 4269 943 4347 Θεῷ,
957 4269 1036 4324 τοῦτο
1052 4264 1173 4344 λέγοντες
1188 4264 1231 4322 διδ
1244 4271 1291 4322 τοῦ
1304 4262 1522 4344 ἐπιγράμματος·
1538 4263 1580 4323 ότι
1593 4263 1639 4323 καί

93 4351 178 4431 igitur
201 4349 341 4411 fecerunt?
361 4354 445 4409 Aram
458 4366 610 4430 erexerunt,
629 4367 655 4414 et
669 4354 814 4436 inscripse·
867 4356 891 4416 εῐ
907 4356 948 4424 τίς
967 4359 1024 4416 ἐστι
1045 4356 1101 4424 θεδς
1119 4355 1205 4437 ἕτερος
1221 4354 1323 4415 οὐδέπω
1336 4355 1488 4434 γνωρισθεὶς
1501 4360 1578 4434 ἡμῖν,
1592 4358 1640 4414 κά-

95 4458 167 4520 runt,
181 4448 287 4525 Ignoto
308 4444 383 4515 Deo,
398 4456 429 4501 ut
440 4463 487 4523 per
500 4444 701 4526 inscriptionem
711 4446 763 4506 hoc
776 4450 815 4507 si·
867 4458 951 4511 κεῖνον
974 4447 1187 4531 θεραπεύσωμεν.
1210 4444 1285 4526 Ὅρα
1308 4444 1458 4526 ῦπερόολήν
1474 4448 1639 4524 δεισιδαιμο·

95 4535 265 4614 gnificarent,
278 4535 309 4595 si
318 4535 386 4594 forte
396 4535 532 4616 quispiam
544 4537 578 4596 sit
589 4538 661 4622 alius
674 4541 757 4615 Deus,
767 4540 815 4620 qui
867 4542 932 4612 νίας.
963 4540 1016 4602 Διὰ
1042 4546 1119 4602 τοῦτο
1137 4544 1151 4599 δ
1170 4541 1276 4607 Παῦλος
1301 4538 1446 4618 ἀρχόμενος
1467 4537 1531 4617 ἔφη,
1562 4537 1641 4598 Κατὰ

96 4626 306 4686 nondumnohis
322 4625 571 4704 innotuerit,hunc
588 4629 670 4688 etiam
685 4630 812 4696 colemus.
867 4636 955 4697 πάντα
984 4640 1026 4704 ὡς
1044 4632 1327 4712 δεισιδαιμονεστέρους
1354 4636 1425 4710 ὑμᾶς
1446 4636 1516 4711 δρῶ·
1536 4634 1566 4690 οῦ
1589 4631 1641 4713 γδρ

97 4720 171 4782 Vide
184 4718 359 4779 immodicam
378 4719 603 4798 superstitionem.
617 4722 760 4803 Propterea
773 4722 816 4783 di·
868 4726 929 4796 eod<
956 4725 1103 4810 γνωρίμως
1130 4731 1192 4804 ύμῖν
1219 4725 1344 4802 δαίμονας
1370 4723 1526 4803 θεραπεύετε
1552 4723 1642 4800 μόνον,

2 4845 85 4893 ¹7⁴²·
97 4812 166 4872 xita
179 4812 313 4893 principio
323 4812 434 4884 Paulus,
446 4814 507 4871 Per
516 4818 615 4873 omnia
624 4819 711 4896 quasi
718 4837 817 4897 super·
869 4822 938 4881 ἀλλὰ
957 4820 1003 4880 καλ
1022 4819 1081 4887 voh<
1102 4817 1204 4877 οὐδέπω
1223 4815 1413 4896 γνωρισθέντος
1432 4819 1504 4893 ὑμῖν.
1527 4814 1643 4875 Ἐκεῖνοι

97 4907 332 4963 stitiosioresoos
344 4905 505 4963 videornon
516 4905 677 4966 enimvobis
688 4920 817 4968 notosso·
870 4913 918 4991 μὲν
944 4910 987 4972 διδ
1011 4917 1087 4971 τοῦτο
1113 4908 1278 4988 ἐπέγραψαν,
1302 4906 1441 4987 ’ἀγνώστῳ
1461 4909 1544 4986 Θεῷ,
1574 4911 1590 4964 ὁ
1614 4905 1641 4966 δέ

98 4993 237 5054 lummodo
251 4994 339 5055 colitis
352 4995 428 5071 deos,
442 4995 490 5055 sed
510 5017 554 5056 cos
568 4997 659 5072 etiam,
675 4998 723 5077 qui
737 5000 816 5060 vobis
829 5053 854 5093 Π
869 5005 976 5072 Παῦλος
996 5002 1167 5086 ήρμήνευσεν.
1193 5003 1229 5060 0t
1245 4999 1292 5077 μὲν
1313 4998 1365 5079 γάρ
1382 5004 1459 5058 τοῦτο
1476 4999 1538 5078 περὶ
1554 4999 1642 5057 ἄλλων

97 5085 217 5148 nondum
231 5085 404 5146 innotuerint.
426 5087 620 5168 inscripserant
639 5089 680 5149 ith'
692 5089 812 5170 quidem,
832 5094 967 5174 Αέλεγον,
989 5094 1065 5160 αὐτὸς
1082 5091 1110 5151 δὲ
1125 5092 1188 5151 αὐτὸ
1210 5091 1368 5169 μετέστησεν
1389 5089 1433 5150 ἐπὶ
1450 5090 1496 5149 τὸν
1516 5090 1643 5169 Χριστὸν,

97 5183 201 5259 Ignoto
213 5180 287 5252 Deo,
298 5175 347 5236 sed
364 5176 466 5240 Paulus
479 5179 668 5261 interpretatus
682 5195 738 5264 σοις
749 5203 814 5243 nam
870 5184 1070 5267 αἰχμαλωτίσας
1094 5183 1125 5243 τὸ
1145 5181 1248 5261 νόημα,
1272 5182 1318 5241 καὶ
1340 5185 1397 5259 μεθ’
1423 5185 1517 5242 ἑαυτοῦ
1542 5180 1641 5252 στάσας
