3764 5992
556 434 592 479 tn
623 432 862 479 PARALYTlCUll
888 433 1061 481 nntttssn'nt
1087 434 1150 480 PER
1176 434 1338 481 unctum

161 583 193 616 ιω
206 556 246 627 την
255 557 356 635 ψιιρην.
368 555 489 628 Ἐπειδὴ
501 555 555 638 γὰρ
566 556 735 616 ἀπελθόντων
749 561 801 615 τῶν
813 555 929 616 δθυνών-
985 572 1011 617 te
1038 558 1176 617 liberasset
1190 603 1198 632 ,
1212 579 1265 617 non
1285 560 1312 617 in
1335 559 1457 617 futurum
1480 558 1679 619 eonimnniisset
1696 585 1705 622 ι

162 653 284 724 resipit,
294 647 507 728 συναπέρχεται
517 648 565 706 καὶ
576 651 594 718 ἡ
607 648 700 727 μνήμη
709 647 853 721 πολλάκις,
864 651 929 726 βου·
985 649 1059 728 quod
1069 663 1160 710 autem
1170 649 1248 727 dieit,
1258 653 1304 710 Ne
1313 652 1438 710 deterius
1444 652 1562 732 aliquid
1571 655 1624 710 uti
1635 674 1706 710 eun-

161 742 246 817 ιθμενος
262 737 349 809 αὐτὴν
370 739 467 816 με’νειν
487 742 619 813 διηνεκῆ,
631 740 711 819 φησί·
726 739 832 813 Μηκέτι
843 739 931 823 ἇμάρ·
988 747 1099 822 tingat,
1115 741 1218 802 indicat
1240 763 1302 802 eum
1316 742 1414 802 suturis
1433 743 1513 802 malis
1533 743 1642 804 obviam
1656 744 1703 803 ire.

161 854 216 904 τινε,
227 829 267 888 ίνιι
282 828 323 907 μὴ
339 830 439 910 χεῖρόν
454 830 482 890 τί
497 855 540 891 σοι
553 830 674 909 γένηται.
988 834 1118 893 Morbum
1131 834 1246 914 depulit,
1257 848 1479 912 etangoremnnn
1491 833 1614 915 depulit:
1626 837 1705 915 aegri·

988 924 1111 984 tudinem
1121 925 1222 1005 abegit,
1237 940 1264 985 et
1275 939 1376 993 metum
1387 946 1440 986 non
1454 926 1556 1007 abegit,
1568 941 1598 987 ut
1609 927 1706 987 immo·

989 1029 1047 1075 tum
1058 1016 1333 1076 maneatbenelicium
1342 1017 1416 1097 quod
1435 1033 1474 1078 est
1495 1020 1631 1079 collatum.
1648 1020 1707 1080 lloc

989 1107 1096 1188 providi
1103 1122 1142 1167 est
1148 1107 1258 1187 medici,
1269 1123 1299 1169 ut
1310 1130 1363 1168 non
1372 1110 1625 1190 praesentiatantum
1635 1111 1707 1170 mala

988 1198 1114 1280 depellat,
1125 1198 1172 1260 scd
1185 1214 1211 1260 et
1223 1200 1337 1261 adversa
1347 1201 1438 1260 futura
1449 1216 1598 1283 praeeavcnt
1611 1227 1620 1279 5
1633 1202 1708 1282 qnod

989 1292 1083 1370 utique
1095 1291 1157 1351 lecit
1171 1306 1197 1351 et
1211 1293 1345 1368 Christus,
1356 1292 1424 1352 dum
1440 1295 1637 1374 praeteritorum
1652 1316 1708 1354 me-

990 1385 1076 1443 moria
1098 1384 1184 1466 ipsius
1203 1385 1321 1445 animam
1344 1384 1523 1446 confirmavit.
1543 1387 1613 1445 Nam
1637 1407 1707 1464 quo-

990 1476 1065 1536 niam
1077 1477 1125 1536 ulti
1149 1476 1326 1557 praeterierint
1340 1497 1370 1536 ea
1384 1498 1444 1556 quae
1458 1476 1536 1536 nobis
1559 1477 1708 1563 molestiam

991 1566 1167 1647 exhibebant,
1177 1568 1258 1628 simul
1271 1589 1364 1628 eorum
1375 1568 1502 1628 memoria
1524 1590 1595 1650 saepe
1604 1568 1709 1629 dilabi-

992 1677 1046 1734 tur,
1058 1658 1132 1739 quod
1141 1661 1227 1741 ipsam
1240 1676 1396 1743 perpetuam
1409 1661 1475 1721 velit
1495 1683 1610 1739 manere,
1626 1663 1706 1734 ll'oli,

993 1753 1091 1831 inquit,
1104 1755 1230 1833 amplius
1241 1770 1371 1834 peccare,
1396 1774 1432 1814 ne
1442 1755 1568 1818 deterius
1582 1758 1634 1814 tibi
1651 1755 1710 1814 att-

992 1846 1234 1927 quidcontingot.

191 1947 271 2007 θ’·ιιι
256 1971 314 2006 οπο
325 1947 430 2007 τουτου
448 1945 528 2007 δὲ
494 1970 574 2024 μονον
594 1944 643 2018 τλν
657 1945 781 2027 πρόνοιαν
802 1946 881 2005 αὐτου
864 1943 976 2004 καίί)
1033 1939 1063 1996 5.
1086 1939 1180 2017 Neque
1198 1960 1262 2000 vcro
1286 1961 1321 2000 ex
1335 1940 1387 2000 hoc
1402 1940 1490 2000 solum
1512 1939 1711 2023 providentiam

163 2040 198 2110 rip
211 2039 413 2099 ἰπιείιιειαν
380 2043 551 2099 αοτῶίστιν
567 2040 641 2111 ἰδεῖν,
654 2036 721 2097 ἀλλὰ
737 2061 783 2097 και
773 2037 942 2108 ἀπδαῦιης
994 2031 1088 2111 ejusct
1101 2030 1253 2110 aequitatem
1266 2032 1350 2091 lieet
1342 2011 1452 2111 intueri,
1464 2032 1512 2093 sed
1525 2033 1638 2114 exipsn,
1651 2053 1711 2112 quse

164 2131 340 2202 τῆιδοκοίσης
362 2122 438 2191 εἶναι
453 2128 644 2208 ἐπιτιμήσεως.
661 2128 732 2189 Οθδδ
751 2128 804 2208 γδρ
827 2127 941 2206 ἐξεπόμ-
997 2122 1107 2184 uidetur
1116 2144 1181 2200 esse,
1198 2123 1386 2205 increpatione.
1399 2126 1469 2184 Nam
1483 2125 1713 2207 peccataquidem

163 2243 241 2280 τεισεν
252 2224 340 2281 αὐτοῦ
356 2221 395 2280 τὰ
410 2221 683 2302 διμαρτήματα,ἀλλ’
697 2220 737 2279 ὅτι
750 2220 799 2299 μὲν
809 2221 843 2279 δι
855 2221 942 2301 ἁμαρ,-
994 2216 1052 2297 ejus
1068 2236 1120 2276 non
1139 2216 1308 2298 propalavit,
1327 2217 1375 2278 sed
1396 2239 1458 2277 eum
1471 2232 1581 2299 propter
1603 2232 1712 2305 peccata

163 2312 255 2388 τήματα
279 2312 402 2386 ἔπαθεν,
418 2313 489 2393 ἅπερ
509 2312 617 2387 ἔπαθεν,
641 2303 714 2384 elne}
730 2311 789 2372 τίνα
814 2311 841 2370 δὲ
857 2302 889 2384 ἦν
908 2311 943 2371 τὰ
995 2329 1104 2388 passum
1113 2330 1169 2368 esse
1179 2330 1239 2388 quae
1248 2330 1343 2390 passus
1351 2323 1401 2388 est,
1413 2309 1547 2373 indicavit
1559 2335 1566 2369 :
1577 2333 1637 2391 qun·
1651 2332 1713 2370 vero

163 2403 339 2483 ἁμαρτήματα
363 2407 417 2464 οὐκ
442 2404 588 2478 ἐδήλωσεν,
608 2402 667 2463 οὐδὲ
690 2394 766 2474 εἶπε,
790 2402 821 2463 εδ
844 2401 891 2463 καί
913 2402 944 2463 τδ
995 2414 1092 2479 essent,
1107 2414 1217 2483 peecata
1230 2423 1283 2461 non
1298 2401 1444 2463 indicavit:
1462 2423 1546 2482 neque
1560 2402 1644 2479 dixit,
1657 2404 1714 2462 Hoc

163 2494 282 2575 ἥμαρτες,
302 2495 390 2569 οὐδὲ,
414 2495 447 2555 τδ
467 2495 515 2554 καί
528 2495 560 2556 τδ
579 2495 807 2574 ίπλημμιλησας,
824 2495 883 2554 ἀλλ’
905 2492 943 2553 tu
996 2508 1022 2553 et
1032 2492 1103 2552 illud
1117 2494 1243 2574 peccasti,
1258 2515 1354 2572 neque,
1370 2496 1407 2554 ln'
1419 2495 1470 2554 hoe
1483 2508 1509 2554 et
1526 2495 1554 2553 in
1570 2495 1617 2554 illo
1641 2494 1715 2554 deli·

163 2592 222 2670 ψλῷ
235 2588 347 2670 ῥήματι
370 2596 453 2649 τοῦτο
465 2587 645 2665 ἐνδειξάμενος
659 2591 713 2668 τῷ,
726 2586 834 2660 Μηκίτι
854 2587 942 2668 δμάρ-
996 2584 1091 2664 quisti,
1107 2584 1155 2644 sed
1169 2606 1223 2644 uno
1246 2586 1364 2668 simplici
1388 2586 1471 2646 verbo
1490 2586 1520 2646 id
1542 2586 1713 2668 exprimens,

163 2702 229 2752 τινε,
250 2680 302 2739 καί
317 2685 452 2740 τοσοῦτον
478 2678 571 2752 εἰπὼν,
591 2678 651 2739 ὅσον
679 2683 832 2758 ἀναμνῆσαι
854 2677 943 2756 μόνον,
997 2678 1071 2736 Noli
1080 2678 1207 2758 amplius
1216 2699 1349 2757 peccare,
1363 2678 1630 2758 tantumquedieens,
1643 2678 1718 2757 quod

163 2771 366 2852 σεωδαιάτερον
382 2771 464 2831 αὐτὸν
477 2771 545 2851 πρὸς
559 2771 591 2832 τδ
605 2771 700 2849 μέλλον
722 2770 880 2851 εἰργάσατο,
895 2771 941 2830 καί
996 2768 1032 2827 ad
1044 2788 1107 2829 eum
1119 2769 1319 2829 admonendum
1332 2770 1510 2830 necessarium
1519 2784 1588 2846 erat,
1599 2769 1715 2851 diligen-

162 2863 201 2934 τλν
226 2864 278 2942 μὲν
306 2862 453 2941 ὑπομονὴν
483 2865 563 2922 αὐτοῦ
594 2862 640 2922 καί
671 2861 721 2936 τὴν
748 2861 871 2944 ἀνδρείαν
897 2862 943 2921 καί
996 2859 1185 2919 tioremillum
1200 2860 1319 2920 reddidit
1330 2861 1358 2920 in
1374 2862 1505 2937 futurum,
1522 2876 1549 2922 et
1568 2861 1654 2943 ipsius
1668 2885 1716 2944 pa·

165 2955 205 3025 τὴν
215 2953 384 3035 φιλοσοφίαν
398 2963 490 3013 πᾶσαν
504 2953 587 3026 δήλην
598 2959 662 3031 ημῖν
678 2952 802 3026 ἐποίησεν
813 2957 851 3021 εἰς
864 2957 943 3033 ἀναγ·
961 2965 980 3012 Ε
997 2951 1129 3027 tientiam,
1143 2951 1341 3030 fortitudinem,
1367 2974 1399 3012 ac
1421 2952 1621 3035 philosophiam
1636 2955 1714 3014 nobis

164 3071 205 3119 την
216 3048 299 3106 αὐτὸν
313 3045 494 3117 καταστήσας
505 3050 552 3104 τοῦ
567 3056 656 3105 πᾶσαν
675 3047 877 3128 ἐκτραγῳδῆσαι
893 3044 942 3118 τὴν
996 3065 1102 3104 omnem
1115 3044 1248 3124 patefecit,
1263 3067 1326 3104 eum
1337 3046 1378 3104 illi
1389 3047 1571 3106 necessitatem
1584 3047 1715 3129 imposuit

165 3137 307 3218 ωμρορδιν,
323 3135 374 3196 καί
397 3135 447 3208 τὴν
471 3136 588 3210 σπουδὴν
610 3127 804 3215 ἐπιδειξάμενος
817 3136 865 3211 τὴν
880 3141 939 3197 too·
996 3149 1080 3196 totam
1092 3137 1271 3197 calamitatem
1279 3160 1356 3197 suam
1371 3138 1526 3218 quiritando
1540 3138 1714 3220 divulgandi,

165 3221 398 3344 τῶἜνῷγὸρ,
412 3229 501 3308 φησίν,
516 3228 569 3308 ἐγὼ
588 3230 718 3311 ἔρχομαι,
728 3231 841 3299 άλλοςπ
842 3229 944 3310 ρδέμοθ
997 3230 1528 3292 aestudiumsuumostendendi:Dum
1537 3237 1715 3293 vent'nenim
1724 3253 1793 3295 Ιοωι.
1809 3249 1865 3307 5.7.

166 3322 333 3383 ιαταδαίνει·
351 3321 388 3380 τὰ
410 3320 438 3380 δὲ
462 3322 694 3403 ἅμαρτηματα’
667 3344 717 3381 ουκ
740 3319 943 3399 ἐξεπόμπευσεν.
997 3323 1460 3403 egn,aliusantemedeseendit;
1454 3339 1715 3406 ·peccatave1onon

166 3412 267 3497 ίλσιτερ
289 3414 348 3496 γὰρ
360 3418 442 3491 ἡμεῖς
458 3414 606 3492 βουλόμεθα
619 3414 654 3473 τδι
667 3413 721 3492 ἠμί
721 3437 786 3492 τερα
801 3412 944 3481 συσκιάζε-
997 3412 1162 3495 propalavit
1167 3415 1245 3476 Sient
1259 3415 1331 3474 enim
1346 3437 1395 3475 nos
1407 3416 1531 3497 obtegere
1538 3431 1627 3477 nostra
1638 3418 1716 3478 voln-

167 3511 234 3580 σθαι,
248 3506 322 3567 οὕτω
344 3505 394 3565 καί
413 3506 510 3572 ὁθεδς
532 3508 623 3585 πολλῶ
645 3505 725 3566 πλον
747 3503 765 3576 ἢ
788 3509 881 3583 ἡμεῖς·
901 3503 945 3564 διδ
998 3529 1070 3584 mus,
1080 3527 1120 3565 stc
1134 3519 1161 3565 et
1174 3507 1248 3566 Dens
1260 3507 1346 3566 multo
1360 3528 1446 3587 magis
1459 3529 1540 3585 quam
1555 3528 1620 3566 nos:
1614 3529 1715 3586 quam

168 3603 236 3657 τοῦτο
250 3598 302 3670 τὴν
319 3597 372 3674 μὲν
387 3597 530 3711 θεραπείαν
544 3597 638 3658 ἐπί
600 3620 706 3656 παντων
724 3597 881 3672 ἐποιήσατο,
895 3595 944 3668 τὴν
998 3600 1034 3659 ob
1050 3619 1159 3657 causam
1171 3612 1198 3658 et
1220 3619 1309 3658 coram
1329 3599 1455 3657 omnibus
1466 3598 1629 3658 medicinam
1640 3600 1714 3672 lecit,

169 3689 189 3748 δὲ
198 3713 357 3770 παραινεσιν
368 3688 426 3760 ἢ
398 3712 447 3762 την
459 3688 612 3766 συμθουλὴν
622 3688 744 3748 κατιδίαν
756 3698 879 3749 ποιεῖται.
891 3690 945 3750 Οὔ·
999 3691 1308 3750 adhortationemautcm
1319 3690 1492 3749 etconsilium
1501 3690 1629 3771 privatim
1637 3691 1716 3751 adhi-

168 3781 417 3863 θέτοτεγθρὴμων
430 3781 594 3859 ἐκπομπειίει
609 3780 644 3841 τὰ
660 3781 860 3863 δμαρτηματα,
874 3781 958 3862 πλην
999 3783 1055 3843 bet.
1062 3785 1218 3861 Numquam
1228 3803 1299 3843 emm
1313 3782 1422 3863 evulgat
1432 3797 1538 3864 peecata
1552 3797 1651 3858 nostra,
1664 3782 1716 3842 nisi

169 3877 186 3933 εἰ
201 3875 321 3951 μήποτε
336 3873 391 3935 ἴδοι
405 3874 572 3945 ιἰναισθητως
592 3873 701 3953 ἔχοντας
714 3873 779 3954 πρὸς
800 3873 877 3934 αὐτά.
890 3875 944 3935 Καί
960 3918 992 3964 ,7
999 3876 1067 3935 sorte
1080 3896 1104 3934 ει
1096 3873 1465 3954 'quandonosuideritnullo
1478 3896 1572 3934 eorum
1582 3895 1661 3934 sensu
1675 3874 1716 3935 al-

167 3966 213 4046 νδρ
222 3965 289 4026 ὅταν
311 3966 399 4045 λέγῃ,
412 3958 554 4025 Πεινωντα
566 3989 601 4043 με
624 3965 724 4038 εἴδετ,ε
739 3966 785 4026 καί
806 3969 853 4026 οθκ
870 3966 939 4048 ἐθρί
962 3965 1054 4026 Afici
1062 3969 1134 4026 Nam
1151 3978 1177 4026 et
1196 3987 1258 4025 cum
1272 3965 1358 4025 dicit:
1352 3968 1556 4027 ·Esurlentem
1572 3969 1714 4026 menidi·
1727 3985 1767 4029 ιιι
1771 3983 1812 4028 ιιι.
1827 3982 1865 4031 2⁵.

166 4063 243 4168 ψπι·
235 4058 308 4117 ·ιιαλ
335 4059 474 4136 διψῶντα,
493 4056 591 4116 καί’
565 4081 612 4117 ουκ
635 4056 789 4130 ἰποτίσατε,
805 4058 849 4117 διδ
868 4082 944 4119 τουτο
998 4062 1103 4137 stis,et
1119 4058 1318 4134 nouolutum,
1340 4072 1368 4118 et
1381 4063 1536 4135 sitientem,
1552 4075 1579 4120 et
1592 4082 1651 4119 non
1663 4043 1765 4140 po-l*

166 4150 233 4228 λέγει
245 4148 362 4210 md
336 4171 384 4208 τον
395 4147 516 4226 παρόντα
530 4147 683 4229 καιρδν,ίνα
692 4147 730 4228 μὴ
742 4149 811 4209 κατὰ
824 4149 869 4210 τδν
881 4149 944 4228 μίλ-
998 4156 1093 4228 tastis,
1108 4164 1253 4232 propterea
1260 4149 1350 4209 dicit
1342 4171 1370 4209 tn
1393 4154 1518 4232 praescnti
1533 4166 1662 4233 tempore,
1684 4173 1717 4210 ne

166 4242 242 4300 λατα
259 4240 370 4300 τούτων
385 4239 562 4317 dchupede
583 4245 635 4301 τῶν
660 4239 798 4321 ῥημάτων.
814 4239 945 4312 Ἀπειλεῑ,
996 4243 1094 4302 sorte
1085 4262 1114 4302 m
1128 4242 1219 4302 lutum
1234 4241 1316 4303 verba
1330 4241 1554 4303 haecaudiamus
1583 4242 1715 4318 Minatur,

166 4331 509 4411 ὰπμπεύειέντανθα
466 4330 762 4412 ,ίαμὴίκπομπεύσῃ
774 4332 873 4393 pugne
854 4356 945 4414 ωσπερ
997 4334 1290 4415 evulgatinhaevita,
1310 4334 1381 4415 nein
1395 4334 1574 4414 illaevulget,
1581 4333 1716 4413 quemad·

166 4415 209 4482 οἶν
228 4449 275 4484 και
300 4423 493 4505 καταστρέψαι
506 4424 550 4483 διδ
571 4427 689 4496 τοῦτοτί
672 4423 801 4498 ἠπείλησε
824 4425 928 4499 clu*
892 4450 945 4486 των
999 4426 1112 4486 modum
1126 4426 1343 4487 etNinivitarum
1356 4427 1493 4487 civitatem
1507 4449 1535 4486 sc
1546 4427 1666 4486 minatus
1677 4439 1717 4485 cst

168 4517 310 4575 Νινωιτῶν
325 4513 417 4589 πόλιν,
429 4514 474 4574 ἵνα
493 4515 531 4594 μὴ
547 4516 728 4600 καταστρέψῃ.
745 4519 779 4577 Εἰ
794 4516 847 4598 γὰρ
860 4506 947 4589 eldad·
999 4538 1167 4594 eversurum,
1193 4533 1224 4578 ut
1244 4539 1296 4578 non
1312 4533 1449 4579 everteret.
1469 4520 1498 4580 Si
1522 4518 1593 4578 enirn
1609 4532 1716 4600 peecata

167 4609 226 4668 λετο
236 4606 414 4687 δημοσιεύειν
428 4610 505 4684 ἡμῶν
515 4608 550 4667 τὰ
565 4608 761 4689 ἁμαρτήματα,
776 4610 824 4669 οὐκ
835 4608 867 4669 δν
878 4624 948 4691 προ,
999 4610 1080 4671 vellet
1089 4623 1178 4670 nostra
1200 4610 1351 4691 publicare,
1367 4631 1535 4689 nequaqnam
1547 4631 1576 4670 se
1589 4610 1716 4690 publica-

168 4691 248 4772 εἶπεν,
266 4699 311 4758 ὅτι
333 4697 519 4776 δημοσιειίσει·
534 4707 578 4760 νῦν
600 4700 628 4759 δὲ
651 4701 695 4760 διὰ
718 4707 795 4762 τοῦτο
808 4701 947 4783 προλέγει,
999 4716 1092 4762 turum
1115 4701 1374 4782 praedixisaetzjam
1390 4699 1564 4762 veroideirco
1582 4700 1716 4782 praedicit,

166 4790 208 4847 ἵνα
218 4795 258 4871 τῷ
270 4789 409 4871 quidqu-ii<
426 4790 747 4869 δημοσιεάσιωςίκείνης,
763 4795 787 4851 εί
800 4794 846 4853 καί
861 4793 899 4872 μὴ
909 4795 949 4874 τῷ
1000 4806 1031 4852 nt
1039 4793 1231 4876 publicationis
1245 4793 1321 4852 illius
1345 4806 1427 4867 metu,
1447 4792 1470 4851 si
1486 4793 1576 4851 minus
1590 4793 1718 4874 supplicii

169 4883 241 4962 γίδιρ
258 4887 311 4954 τῆς
335 4881 472 4950 κολάσεως
498 4883 732 4964 σωφρονισθέντες,
757 4883 949 4965 ἀπονιψώμιθα
1003 4899 1077 4947 metu
1087 4883 1219 4964 castigati,
1227 4884 1616 4963 omniaabstergantus.Hoeet
1631 4885 1658 4942 in
1668 4885 1718 4944 ba.

171 4975 284 5035 ἅπαντα.
300 4976 391 5035 Τῶτο
404 4975 451 5034 καί
465 4976 567 5037 doleno*
581 4975 766 5056 βαπτίσματος
776 4977 894 5058 γίνεται·
904 4976 950 5038 καί
1002 4977 1104 5060 ptismo
1118 4977 1150 5036 fit
1164 5001 1171 5035 ι
1183 4974 1316 5055 siquidem
1326 4975 1362 5035 ad
1374 4997 1507 5055 aquarum
1518 4976 1656 5038 lavacrum
1670 4978 1718 5037 ίιο-

174 5067 224 5145 ,tp
236 5068 297 5146 ἄγει
308 5067 376 5148 πρὸς
390 5065 440 5141 την
455 5067 647 5150 ιισλυμδήθραν
659 5072 713 5128 τῶν
723 5068 827 5129 ὑδάτων
840 5069 885 5131 τδν
900 5069 949 5130 άν-
968 5081 986 5130 n
1004 5072 1104 5131 minem
1117 5069 1237 5144 deducit,
1250 5089 1298 5127 nec
1315 5069 1366 5128 ulli
1380 5070 1438 5149 ejus
1450 5084 1559 5149 peecata
1573 5072 1717 5151 patefacit:

175 5158 382 5236 θραπαν,οιίδεν“ι
395 5161 465 5233 δῆλα
478 5159 594 5233 ποιήσας
612 5162 693 5220 αὐτοῦ
706 5161 740 5221 τὰ
753 5162 972 5242 ἁμαρτήματα,
1003 5161 1050 5223 sed
1061 5161 1163 5221 donum
1178 5158 1288 5239 quidem
1301 5160 1472 5222 manifestum
1483 5163 1609 5222 omnibns
1619 5163 1720 5237 reddit,

177 5249 243 5310 άλλδι
258 5249 307 5323 clv
328 5249 376 5330 μὲν
392 5250 497 5333 δωρεὰν
518 5260 588 5313 πᾶσι
607 5251 748 5327 καθίστησι
762 5253 887 5336 ρανερδν,
906 5253 952 5315 καί
1004 5269 1030 5316 et
1044 5268 1138 5316 notum
1151 5277 1158 5311 τ
1170 5266 1278 5334 peccata
1291 5273 1353 5318 vern
1371 5268 1470 5336 prater
1478 5277 1507 5316 se
1524 5269 1549 5315 et
1566 5256 1664 5336 ipsum,
1677 5255 1722 5315 cni
