3764 5992
201 478 248 526 nn
273 480 389 529 vensis
416 480 590 544 nrosronr,
620 482 750 530 unuin
776 482 1010 533 susrtunnnms
1037 486 1204 554 riomense,
1233 486 1309 536 nnc.
1461 468 1532 566 549

142 622 159 659 α
175 607 225 676 τῆς
237 607 333 685 άριτῆς
347 603 446 663 ἐκείνου
461 608 520 664 καθ’
537 605 651 679 ἑκάστην
659 605 762 686 ἡμέραν
815 624 987 670 monumenta
1003 610 1153 688 videamus,
1172 632 1267 693 nempe
1280 611 1413 673 Ecclesias
1431 615 1532 693 ubique

142 716 169 753 ια
184 693 345 773 βλίπωμεν,
363 694 411 763 τὰς
425 702 563 776 πανταχοῦ
576 699 624 768 τῆς
637 700 762 775 γῆςἘκ-
778 706 797 753 C
815 712 947 759 terrarum
964 702 1107 780 stabilitas,
1123 703 1269 785 impietatis
1280 703 1456 780 eversionem,
1477 705 1530 764 im·

142 788 187 856 τῆς
202 786 324 852 άσεόείσς
345 786 392 860 τὴν
413 785 574 869 ἀνατροπὴν,
588 793 633 846 τοῦ
647 794 762 867 πονηροῦ
815 792 906 872 probae
933 794 996 852 vite
1026 794 1054 853 in
1086 795 1184 854 melius
1214 795 1401 868 mutationem,
1433 798 1530 856 erroris

142 876 173 936 πί
189 877 221 936 τὸ
234 877 337 956 βέλτιον
353 877 513 956 μστσιύολὴν,
527 883 574 950 τῆς
598 880 701 952 πλάνης
714 879 762 952 τὴν
815 883 1015 961 explosionem,
1041 883 1145 943 dirutas
1176 905 1255 959 aras,
1276 885 1383 944 occlusa
1408 886 1529 966 templa,

142 992 158 1040 ε,
170 967 232 1036 τοὺς
245 969 443 1048 άνατραπίντας
456 968 573 1048 βωμούς,
585 968 645 1038 τούς
660 974 761 1030 ἀποκε-
814 970 967 1032 daemonum
990 973 1137 1034 silentium.
1161 974 1226 1033 llaee
1246 974 1348 1056 quippe
1357 975 1446 1035 omnia
1459 979 1531 1035 Pau·

142 1059 267 1133 eneis,
282 1060 331 1132 τόν
347 1066 400 1121 τῶν
414 1062 546 1140 δαιμόνων
562 1062 649 1140 σιγήν.
669 1063 762 1123 Πάντα
814 1062 834 1120 li
863 1063 960 1123 efficax
988 1065 1098 1144 lingua,
1136 1064 1229 1124 divina
1255 1066 1401 1146 inspirante
1424 1067 1531 1145 gratia,

142 1152 208 1211 ικαὶ
227 1152 263 1211 τά
284 1159 395 1212 τοιαῦτα
406 1157 452 1225 τῆς
473 1155 581 1213 Παύλου
600 1152 720 1232 γλώττης
742 1161 759 1227 ἡ
814 1152 960 1232 destruxit,
977 1177 1009 1214 ac
1036 1155 1207 1236 splendidum
1220 1156 1320 1235 uirique
1334 1155 1442 1238 pietatis
1455 1158 1531 1216 llam·

142 1242 229 1316 τθτῆς
241 1250 288 1303 τοῦ
301 1247 371 1305 Θεοῦ
384 1245 493 1326 χάριτος
504 1244 669 1321 ἐμπνεομίνη
685 1245 761 1306 κοιτί-
814 1266 886 1304 mam
900 1246 1032 1306 accendit.
1050 1249 1119 1306 (lum
1133 1261 1172 1306 tot
1196 1247 1328 1326 tantisque
1343 1247 1424 1327 gestis
1446 1248 1504 1328 ejus
1518 1292 1528 1324 ,

145 1336 273 1417 λαμπρόν
296 1341 433 1416 πανταχοῦ
453 1339 501 1406 τῆς
522 1334 656 1402 ιθσεόείας
677 1338 761 1417 ἀνῆψε
814 1336 911 1398 adsunt
931 1360 1038 1417 quoquc
1051 1360 1131 1398 sacre
1146 1339 1218 1397 illius
1233 1337 1362 1418 epistolar,
1376 1338 1529 1416 (μιαίνεσθαι

143 1446 156 1480 ι.
169 1421 292 1502 'Epopeo
306 1422 374 1501 μετὰ
396 1427 449 1482 τῶν
471 1423 684 1502 κατορθωμάτων
704 1424 760 1484 τού-
813 1429 871 1510 ejus
887 1431 984 1489 anime
998 1431 1111 1489 sormam
1131 1442 1254 1488 accurate
1274 1427 1352 1487 nobis
1367 1427 1526 1508 depingant.

143 1508 175 1576 λς
196 1512 338 1577 ἐπιστολὰς
357 1511 456 1571 ἐκείνου
478 1511 526 1578 τὰς
556 1511 652 1592 ἁγίας,
669 1513 698 1572 ei
715 1515 760 1575 τὸν
814 1527 853 1579 Ae
863 1521 885 1579 si
897 1541 960 1600 ergo
967 1542 1028 1580 cum
1043 1520 1101 1601 ipso
1112 1519 1197 1578 Paulo
1207 1521 1398 1600 jampraesente
1406 1532 1431 1577 et
1439 1518 1529 1577 nobis·

143 1627 148 1661 ι
175 1607 224 1674 τῆς
251 1604 385 1686 μακαρίας
410 1605 511 1676 ἐκείνης
537 1608 624 1686 ψυχῆς
644 1607 760 1688 άκριόιῦς
812 1631 873 1670 cum
885 1625 1008 1671 versante
1020 1610 1221 1683 dissereremus,
1233 1610 1272 1671 sic
1285 1611 1344 1690 ejus
1353 1609 1462 1690 scriptis
1472 1624 1530 1669 stu·
1564 1624 1570 1634 ·

143 1693 280 1774 Ρόφωσθ·
295 1693 343 1762 Ὡς
364 1685 410 1753 eis
429 1697 500 1775 αὐτῷ
520 1699 559 1776 τῷ
584 1696 686 1778 Παύλῳ
699 1699 760 1756 δια·
810 1701 887 1762 diose
897 1703 1122 1783 obtemperemus,
1145 1702 1240 1761 intima
1249 1715 1277 1761 et
1292 1699 1424 1782 profunda
1439 1701 1528 1781 expli-

143 1786 301 1866 παρόντικαὶ
316 1786 677 1868 συγγινομίνῳ,ούτωμετύι
691 1813 757 1868 πρα-
774 1807 793 1852 n
811 1813 917 1867 cemus,
934 1792 1070 1853 discamus
1094 1792 1161 1871 quid
1189 1791 1258 1852 illud
1284 1792 1319 1851 sit
1348 1790 1422 1869 quod
1447 1790 1529 1851 hodie

143 1878 255 1956 θώμεθα
268 1890 323 1947 τοῖς
335 1879 545 1960 perpenditur,
568 1880 757 1961 ἐναττύξωμεν
810 1884 1007 1944 vociferabatur
1020 1883 1112 1943 dicens
1125 1908 1130 1940 :
1145 1887 1266 1943 {stiriam
1278 1887 1459 1942 sustineretis
1470 1902 1526 1940 mo·
1538 1908 1560 1939 s.
1576 1895 1632 1942 cor.
1643 1907 1679 1939 ιι.

143 1972 263 2054 ρημένα,
278 1972 405 2050 μάθωμεν
421 1972 448 2031 τί
458 1971 523 2031 nori
538 1975 608 2032 ἐστιν
619 1971 684 2051 άπερ
706 1974 757 2045 σή-
810 1977 907 2034 dicum
921 1977 994 2056 quid
1006 1978 1180 2054 insipientie
1197 1995 1289 2041 πασας
1302 1975 1354 2032 sed
1364 1986 1392 2032 et
1406 1993 1527 2052 suppor—
1541 1971 1561 2002 ¹·
1577 1970 1601 2002 ²·

143 2088 152 2124 t
180 2063 280 2143 λόγων·
293 2062 408 2143 'opelos
431 2062 565 2143 ἀνείχεσθέ
588 2086 638 2141 μου
664 2065 757 2145 μικρὸν
810 2080 870 2127 tate
884 2068 1176 2128 meeoemuloreru’m
1189 2087 1245 2125 tros
1262 2068 1320 2124 Dei
1333 2066 1527 2125 emulatione.

143 2178 193 2233 νη·
216 2154 287 2214 ἀλλὰ
306 2156 352 2215 καὶ
373 2154 498 2235 άνίχεοθί
520 2176 586 2230 μου·
611 2159 683 2225 ζηλῶ
704 2156 757 2237 γάρ
811 2157 885 2231 Quid
896 2158 946 2234 ais,
957 2158 1061 2217 Paule?
1077 2157 1123 2236 qui
1134 2157 1214 2237 jubes
1226 2156 1375 2237 discipulos
1390 2157 1529 2237 insapien-

168 2246 251 2326 ζάλιρ.
273 2246 310 2306 Τί
333 2246 432 2325 λέγεις,
449 2237 595 2319 &namq
615 2250 629 2305 ό
643 2248 757 2307 κελεύων
810 2249 845 2308 tia
862 2249 1002 2308 ambulare
1013 2269 1076 2327 erga
1088 2262 1248 2321 extraneos,
1271 2246 1319 2326 qui
1332 2246 1413 2323 dicis,
1428 2248 1528 2307 &nuo
1540 2264 1590 2309 cot.
1608 2261 1679 2324 μθ.

143 2346 183 2407 αῖς
200 2342 229 2398 ἐν
242 2337 321 2418 copie
341 2347 497 2417 περιπατεῖν
513 2338 577 2417 πρὸς
591 2336 651 2405 rol<
666 2337 757 2413 ἐξω,ό
809 2352 907 2398 uester
919 2359 1031 2418 semper
1045 2342 1077 2396 iu
1090 2342 1189 2418 gratia
1201 2337 1265 2396 sale
1287 2340 1326 2395 sit
1338 2338 1484 2408 conditus,
1495 2351 1528 2395 ut

151 2429 232 2508 λόγος
260 2434 333 2507 ύμῦν
353 2432 467 2488 πάντοτε
494 2431 522 2487 ἐν
539 2430 649 2511 χάριτι,
678 2429 756 2490 ἅλατι
809 2434 909 2490 sciatis
930 2431 1075 2510 quomodo
1088 2441 1220 2508 oporteat
1238 2432 1464 2508 oosunicuique
1483 2448 1527 2486 re·

157 2521 258 2581 εἰδέναι
279 2525 336 2588 πῶς
360 2522 399 2580 δεῖ
423 2525 492 2599 ὑμᾶς
515 2521 554 2579 isi
573 2521 678 2602 ἑκάστῳ
692 2524 756 2581 uiro
808 2522 949 2600 spondere
959 2520 1030 2600 ;qui
1042 2518 1195 2600 apprecaris
1205 2517 1340 2589 omnibus,
1354 2530 1384 2575 ut
1397 2517 1528 2599 sapientia
1539 2535 1628 2582 anes.
1660 2550 1680 2581 ι.

144 2618 255 2673 θπᾶσιν
271 2612 462 2693 ἐπευγόμενος,
483 2611 527 2671 luo
540 2612 632 2692 σορίας
645 2615 754 2693 πληρω-
807 2613 961 2692 repleantur
981 2609 1128 2690 spirituali,
1138 2611 1195 2690 ipse
1211 2607 1292 2683 dicis,
1307 2611 1428 2667 Utinam
1439 2610 1560 2669 susti-⁹·

144 2706 258 2775 ατικῆς,
272 2705 349 2771 αὐτὸς
363 2703 464 2782 λε’γσις,
479 2703 521 2764 ότι
541 2703 603 2762 Εἴθε
620 2703 756 2783 ἀνείχεσθί
810 2707 915 2761 rueretis
930 2702 1074 2760 modr'eum
1086 2701 1158 2780 quid
1175 2703 1349 2778 insipientiae
1363 2705 1455 2757 meoe?
1467 2700 1528 2759 Non

152 2799 205 2867 τῆς
218 2793 326 2870 άνοίσς,
343 2797 404 2854 Ούκ
412 2796 489 2875 ἤρκει
504 2817 545 2856 σοι
556 2796 587 2855 τ“ο
598 2793 758 2874 φθέγξασθαί
808 2794 873 2852 sotis
886 2806 942 2851 crat
957 2791 1006 2852 tibi
1025 2790 1137 2869 aliquod
1150 2789 1310 2869 insipientiae
1321 2788 1434 2847 verbum
1459 2790 1529 2848 emi-

144 2909 170 2959 γς
181 2886 354 2968 ρῆμα,όλλθ
366 2886 412 2945 καλ
423 2890 461 2954 εἰς
476 2884 536 2952 τοὺς
552 2885 672 2964 μαθητάς
682 2892 758 2946 τοῦτο
809 2885 894 2962 sisse,
909 2882 996 2943 sedet
1009 2880 1152 2962 discipulis
1166 2879 1235 2939 illud
1258 2880 1361 2939 effers?
1375 2900 1423 2938 nec
1447 2879 1528 2940 modo

144 2978 171 3038 sl
183 2980 235 3037 οὐκ
252 2982 290 3045 ιές
302 2976 362 3045 τούς
387 2977 507 3055 μαθητάς
525 2979 643 3059 ἐκφέρεις
670 2979 758 3056 μόνον,
774 2984 793 3031 E
808 2976 887 3035 effers
913 2972 1067 3056 discipulis,
1083 2971 1130 3031 sed
1151 2970 1181 3031 id
1206 2970 1332 3031 omnibus
1355 2972 1528 3051 postfuturis

144 3076 193 3136 οἷς
218 3068 288 3146 μετὰ
310 3074 394 3128 ταῦτα
413 3078 480 3128 πᾶσι
493 3068 639 3149 γινομένοις
657 3069 758 3149 ἀνθρώ·
809 3066 965 3127 hominibus
978 3087 1027 3146 per
1038 3064 1178 3146 epistolam
1194 3076 1286 3121 notum
1297 3062 1529 3122 incisionimad·

144 3166 165 3231 ξς
185 3163 330 3230 ἐπιστολῆς
353 3167 429 3220 τοῦτο
450 3162 528 3232 δῆλον
552 3169 648 3234 ποιεῖς;
660 3159 759 3240 Ὁρᾶτε
809 3159 904 3220 vertite
919 3178 1001 3236 quam
1014 3177 1067 3215 non
1080 3168 1201 3236 oporteat
1213 3152 1286 3212 dicta
1308 3166 1407 3212 temere
1420 3167 1528 3233 praeter·
1567 3146 1571 3155 ’

144 3255 207 3320 πλοῦς
224 3254 264 3311 isi
280 3252 459 3333 παρατρέγειν
473 3252 507 3312 τά
520 3252 672 3332 λεγόμενα,
697 3254 757 3312 ἀλλ’
810 3271 929 3327 currere,
945 3247 1093 3308 sedunum
1115 3244 1377 3324 quodqueaccurate
1395 3244 1530 3303 scrutari?

144 3353 278 3407 ιισκοπεῑν
290 3345 423 3424 ἀκριόῶςς
435 3346 521 3404 Τοῦτο
538 3344 649 3425 μὲνγὰρ
666 3346 758 3412 ἁπλῶς
809 3340 882 3401 lllud
893 3340 964 3400 enim
976 3340 999 3398 si
1013 3336 1171 3420 simpliciter
1183 3335 1296 3414 legetur,
1310 3333 1413 3393 circum
1425 3333 1529 3392 emitti-

144 3434 292 3514 σωιόμενον
314 3435 503 3515 ’περιίσταται
519 3445 573 3501 τοῖς
596 3440 756 3515 ἀκροαταῖς,
809 3447 854 3493 tur
866 3430 1058 3493 auditoribus:
1075 3428 1116 3487 sin
1131 3447 1195 3487 vero
1210 3425 1386 3498 examinetur,
1401 3444 1528 3502 magnam

144 3526 284 3598 ίπσλλὴν
304 3526 420 3586 δείκνυσι
442 3533 488 3586 τοῦ
513 3527 620 3587 Παύλου
644 3527 693 3599 τὴν
708 3548 757 3588 σο·
809 3523 925 3583 ostendit
938 3520 1017 3581 Pauli
1028 3517 1198 3600 sapientiam,
1212 3514 1527 3595 magnamprutlcntiam,

144 3616 253 3690 θηντὴν
266 3617 380 3690 σύνεσιν,
395 3617 494 3698 ἄφατον
516 3616 565 3690 τὴν
589 3620 755 3696 κηδεμονίαν.
810 3613 978 3674 ineffabilem
1002 3630 1104 3669 curem.
1158 3605 1163 3617 ⁸

156 3698 204 3768 σῦν
224 3709 282 3767 ἐστι
299 3708 331 3769 τὸ
356 3709 514 3786 ltprimum
534 3709 756 3770 Ψευδαηόσςσλοι
849 3701 962 3774 nouis
971 3699 1079 3759 tandem
1094 3694 1163 3755 illud
1173 3709 1212 3754 est
1223 3692 1296 3772 quod
1306 3691 1427 3751 dicitur?
1442 3696 1525 3751 Pseu-

145 3800 244 3883 νπαρίι
257 3808 312 3865 τοῖς
325 3799 488 3879 Κορινθίοις,
504 3799 695 3881 διαφθείροντες
709 3803 757 3861 αύ-
809 3791 958 3876 doapostoli
969 3790 1129 3851 multierant
1142 3784 1215 3867 apud
1229 3782 1382 3844 Corinthios
1394 3783 1442 3862 qui
1456 3783 1528 3863 ipsos

145 3897 291 3972 γγορσῦντις
308 3896 354 3949 τοῦ
369 3890 487 3966 Παύλου,
500 3892 687 3973 θπσρύττοντες
708 3895 758 3951 αὐ·
765 3944 801 3983 m
810 3893 1011 3963 corrumperent
1020 3900 1051 3938 ae
1058 3876 1343 3948 Paulumaoousarent‚
1352 3874 1526 3953 ejusfamam,

145 3982 217 4052 ξαν,
238 3984 272 4054 ἣν
293 3982 368 4063 παρθ
389 3991 444 4050 τοῖς
466 3989 596 4060 μαθηταῖς
612 3973 699 4063 elpes,
719 3987 756 4049 εἰς
773 4002 793 4044 A
809 3998 861 4056 qua
873 3972 948 4056 apud
959 3970 1107 4050 discipulos
1118 3988 1180 4026 suos
1200 3965 1318 4042 valebat,
1342 3963 1455 4024 subdole
1479 3964 1527 4025 le-

145 4075 213 4135 οθτθν
228 4071 408 4146 σκώπτοντες,
431 4077 468 4141 ὡς
491 4073 614 4142 ἀλαζόνος
637 4096 756 4152 κατηγο-
808 4069 912 4142 dentes,
924 4061 1044 4123 dicteriis
1052 4060 1129 4119 illum
1138 4057 1343 4131 subsannantes,
1356 4069 1385 4114 ut
1394 4076 1525 4134 arrogan-

146 4166 191 4249 ρλς
211 4166 318 4232 τούτοις
337 4165 383 4224 καλ
406 4163 597 4243 διατεινόμενος
619 4168 755 4246 πολλαγοῦ
807 4174 862 4218 tem
872 4154 1067 4216 insimulantes.
1084 4149 1139 4209 llos
1147 4149 1306 4228 plerumque
1319 4146 1346 4205 in
1356 4146 1468 4226 epistola
1478 4166 1526 4205 sua

145 4260 197 4328 λῆς
217 4255 347 4336 φαίνεται.
372 4257 424 4315 Καὶ
451 4255 503 4336 γάρ
523 4255 586 4317 όταν
597 4255 677 4337 λέγῃ,
697 4234 756 4316 (ite
809 4253 934 4332 impetere
955 4241 1185 4327 deprehenditur:
1210 4237 1438 4318 quemadmodum
1462 4258 1525 4296 cum

145 4348 319 4431 spoliamini,
342 4348 536 4421 καπηλεύοντες
556 4348 600 4406 τόν
619 4347 695 4426 λόγον
711 4353 756 4406 τοῦ
807 4343 885 4418 dicit,
897 4342 966 4401 Non
977 4355 1075 4397 sumus
1093 4337 1167 4392 sicut
1188 4333 1297 4400 ceteri,
1322 4328 1524 4387 adulterantes
1534 4354 1558 4385 κ.
1570 4341 1624 4386 cor.
1635 4356 1658 4388 ο.

145 4438 228 4499 πάλιν
251 4436 342 4508 εἰπὼν,
355 4439 453 4521 Ἀόσρῆ
475 4443 537 4517 ύμῖν
558 4440 671 4516 ἐμαυτὸν
691 4439 755 4510 ἐτό-
807 4436 929 4494 uerbum
944 4432 1002 4488 Dei
1011 4451 1022 4495 ,·
1037 4445 1069 4483 ae
1082 4442 1177 4482 rursus
1190 4440 1252 4479 cum
1263 4417 1343 4491 dicit,
1357 4418 1426 4478 Sine
1437 4438 1523 4476 onere
1533 4416 1573 4510 {2
1595 4477 1629 4510 n·
1649 4480 1673 4526 9·

163 4528 346 4608 ὑποσχόμενος
368 4530 510 4598 διαπαντὸς
529 4538 618 4591 τοῦτον
634 4528 756 4601 ἀκίνητον
808 4546 853 4584 me
865 4525 950 4581 uobis
965 4517 1101 4578 servavi.-
1116 4532 1147 4571 ac
1161 4509 1299 4591 pollicitus
1311 4528 1340 4567 se
1357 4507 1522 4586 hanelegem

167 4621 215 4680 τόν
237 4621 316 4696 νόμον
337 4619 434 4694 (Ἔστι
450 4619 513 4700 γάρ,
536 4621 627 4701 φησὶν,
644 4621 755 4692 ἀλήθεια
807 4634 911 4694 semper
925 4612 1064 4669 immotam
1083 4615 1255 4662 servaturum
1271 4620 1345 4658 esse.-
1360 4602 1416 4657 Est
1438 4599 1521 4675 enim,
1536 4618 1569 4663 m,
1584 4637 1605 4665 ,,
1621 4634 1657 4666 10,

162 4713 240 4792 ἐμοὶ,
256 4712 326 4785 ότιὴ
343 4712 473 4791 καύχησίς
494 4736 544 4790 μου
559 4712 667 4785 αθτηού
686 4735 755 4793 ρρα-
806 4704 1030 4785 inquit,oeritas
1045 4697 1156 4756 Christi
1167 4696 1199 4750 in
1221 4712 1266 4749 me
1280 4714 1289 4746 .·
1304 4693 1445 4770 quoniam
1460 4691 1524 4748 lroee

146 4813 199 4872 τοῖς
209 4804 322 4880 κλίμασι
332 4802 559 4884 τῆςἈγαίας),ίν
571 4808 605 4884 τῇ
619 4809 667 4876 τῆς
676 4804 762 4870 αἰτίας
805 4798 943 4879 gloriatio
961 4811 1027 4850 mea
1043 4807 1102 4889 non
1123 4784 1303 4865 infringetur
1312 4784 1344 4885 ip
1356 4782 1522 4882 ropionibus

146 4896 230 4965 ιίξατσ
239 4895 299 4962 τούς
314 4893 425 4975 μισροθς
435 4894 547 4962 ἐκείνως
561 4895 643 4963 οῦτως
662 4896 760 4955 εἰπών·
805 4891 932 4951 Aelaiae
938 4909 950 4956 ,·
962 4902 1025 4942 cum
1038 4875 1137 4938 demde
1150 4894 1259 4934 causam
1272 4872 1426 4952 subjunxit,
1442 4870 1524 4930 scele-

146 4989 222 5048 ισύκ
239 4990 337 5065 ἀγαπῶ
350 4990 435 5065 ύμᾶςς
458 4985 493 5047 Ὁ
512 4987 580 5054 Θεὸς
594 4979 671 5048 οἶδεν.
690 4988 760 5046 Ἀλλ’
805 4996 877 5042 ratos
912 4976 975 5036 illos
997 4966 1150 5032 sulindicat
1169 4963 1277 5024 dicens:
1306 4963 1432 5041 Quare?
1452 4965 1522 5042 quia
1533 4983 1569 5027 tt.
1590 5000 1614 5031 ,,
1635 4997 1672 5031 1„

146 5079 163 5139 u
181 5079 303 5152 ποιήσω,
315 5078 359 5138 οι
372 5079 478 5160 πτερω
496 5079 544 5152 ην
561 5080 682 5161 respon
702 5082 755 5140 em
774 5092 793 5139 ι
812 5094 872 5135 non
886 5071 978 5148 diligo
988 5083 1043 5124 vos
1059 5061 1165 5121 rom
1182 5059 1246 5115 scu.
1265 5053 1352 5132 Quod
1360 5054 1521 5137 t*deraso
1536 5057 1571 5089 ¹²·

150 5235 219 5302 conj.
232 5235 402 5307 προσίσταται]
