3764 5992
102 477 177 571 54⁰
426 503 456 550 s.
483 500 623 550 ioannis
647 495 830 546 cunrsosr.
859 495 1015 545 ancnrnr.
1044 481 1316 553 musrnurruor.

104 626 293 708 disputatione,
307 651 367 709 qua
381 629 483 708 reliqua
497 626 599 688 suntin
614 621 984 705 mediumadlefflsodvruv
1006 622 1051 682 καί
1073 623 1224 703 πενομένων
1250 624 1435 703 ἐξετάζωμεν,
1460 623 1510 684 καί
1536 625 1650 705 ἐροίμεθα

104 739 205 793 ramus,
214 720 402 799 acrideamus,
411 742 477 780 num
486 739 568 799 quam
580 716 684 777 divitiae
692 715 819 794 volupta·
834 722 855 769 Δ
869 711 929 782 τοὺς
942 713 1132 793 ἰστιωμίνως,
1142 716 1213 784 τίνας
1226 716 1344 797 μάλιστά
1358 720 1427 776 εἰσιν
1441 720 1467 777 el
1479 717 1601 799 καθαρδν
1610 720 1650 776 καί

104 820 158 868 tem
172 802 301 886 babeant,
317 827 381 870 num
395 832 474 891 prem
486 810 631 884 bonorem,
644 806 734 868 omnia
747 806 820 864 enim
869 804 979 885 γνησίαν
993 806 1172 888 καρπούμενοι
1182 808 1294 881 ῆδονίνς
1308 813 1333 868 οἰ
1346 808 1416 890 πρὸς
1431 811 1649 890 διαμεμετρημέ-

14 905 93 978 inju-
104 902 237 962 contraria
250 902 341 962 video.
355 907 395 962 Ac
407 901 532 979 sivultis,
546 899 666 981 primum
676 898 704 957 in
716 917 820 957 mensas
869 919 917 969 νην
929 895 978 970 τλν
992 895 1095 980 ἡμέραν
1109 899 1219 959 ἐπὶτῶν
1233 899 1367 959 στιδαίδων
1381 900 1597 979 κατακείμενοι,
1609 905 1649 960 καὶ

2 982 222 1081 mimium
235 1007 262 1053 et
274 1015 425 1075 pauperum
445 992 623 1075 inquiramus,
640 991 820 1070 rogemusque
870 987 904 1048 αδ
920 989 1012 1049 δεῖπνα
1036 998 1090 1058 τοῖς
1111 991 1227 1073 ἀρίστοις
1251 992 1446 1064 συνάπτοντες,
1460 992 1510 1051 καί
1532 992 1583 1065 τὴν
1602 1019 1648 1074 γα-

1 1105 22 1132 π
67 1096 238 1144 senescentes
252 1084 362 1163 quinam
378 1085 576 1165 maximepura
595 1079 735 1160 etliquida
752 1101 818 1161 per-
871 1079 952 1160 στίρα
965 1079 1183 1161 διαρρηγνιίντες,
1196 1082 1243 1142 καί
1261 1083 1309 1151 τὰς
1333 1084 1474 1158 αἰσθήσεις
1488 1092 1646 1165 πηροῖντες,

25 1168 82 1198 '¹¹¹⁰'
102 1175 228 1236 fruantur
240 1176 397 1257 voluptate?
412 1176 459 1255 qui
472 1175 509 1235 ad
518 1173 673 1235 dimensum
686 1172 759 1232 diem
774 1192 819 1231 su·
870 1171 964 1253 καίτῷ
978 1174 1118 1254 ὑπερόγκῳ
1131 1177 1185 1233 τῶν
1208 1175 1362 1254 ἐδεσμάτων
1383 1175 1490 1257 φορτίῳ
1511 1176 1544 1236 eb
1564 1181 1648 1237 πλοῖον

102 1288 151 1348 per
161 1281 233 1328 toros
248 1268 422 1345 accumbunt,
438 1288 526 1327 ooenas
544 1287 607 1326 eum
625 1265 750 1346 prandiis
767 1285 817 1324 co·
870 1263 1118 1339 καταποντίζοντες,
1127 1266 1174 1326 καί
1186 1265 1349 1348 ὑπέραντλον
1360 1271 1504 1335 ποιοῦντες
1518 1266 1568 1340 τίην
1580 1273 1648 1342 ναῦν,

99 1360 206 1441 pulant,
221 1375 343 1421 ventrem
353 1361 538 1442 disrumpunt,
551 1380 645 1431 sensus
658 1357 817 1440 depravant,
869 1354 915 1414 καί
930 1355 1049 1438 καθάπιρ
1069 1358 1096 1416 ἰν
1118 1357 1235 1438 ναυαγίῳ
1247 1362 1286 1439 τῷ
1307 1363 1353 1418 τοῦ
1368 1357 1500 1437 σώματος
1520 1361 1649 1418 κατακλί·

99 1450 246 1511 immodico
263 1451 418 1511 eduliorum
443 1472 522 1510 onere
546 1451 687 1531 navigium
710 1449 818 1509 demer·
870 1449 957 1516 ζαντις
971 1447 1231 1522 αθτίην,καίπε’δας,
1247 1451 1293 1509 καί
1307 1449 1486 1532 γειροπίδας,
1501 1452 1648 1530 καίγλωα-

100 1557 177 1623 gunt‚
192 1544 322 1603 sentinam
332 1543 519 1603 inexhaustam
527 1555 552 1602 et
561 1541 743 1602 exundantem
756 1539 817 1599 red-
869 1538 981 1608 σοπίδας
996 1544 1175 1613 ἐπινοοῦντες,
1190 1542 1237 1601 καί
1251 1543 1321 1602 ἅπαν
1336 1545 1426 1602 αἰτῶν
1447 1545 1647 1623 καταδεσμῶν·

98 1632 209 1709 dunt,et
218 1647 343 1712 temptam
352 1633 379 1692 in
387 1633 506 1714 corporis
516 1633 656 1713 naufragio
664 1652 817 1693 navemun-
868 1655 911 1700 τες
926 1633 957 1693 τδ
976 1636 1054 1712 σῶμα
1075 1632 1192 1701 ἁλύσεως
1211 1635 1320 1715 σιδηρᾶς
1344 1636 1537 1718 χαλεπωτέρῳ
1561 1637 1648 1717 δεσμῷ

99 1721 144 1782 dis
157 1723 287 1793 obruunt,
300 1723 420 1805 pedicas,
432 1722 562 1796 manicas,
576 1738 602 1783 et
613 1725 712 1804 linguae
722 1723 817 1784 vincu·
867 1726 906 1804 τῷ
921 1729 969 1797 τῆς
988 1723 1071 1804 μίθης
1087 1725 1133 1784 καί
1153 1728 1202 1796 τῆς
1216 1729 1334 1810 τροφῆς,
1351 1727 1398 1786 καί
1416 1728 1491 1806 μήτε
1511 1727 1595 1788 ἰπνον
1607 1734 1647 1789 el·

98 1815 124 1873 la
139 1828 403 1894 nectunt,totumque
418 1835 515 1896 eorpus
528 1836 610 1875 suum
623 1814 816 1876 vinciuntvin·
832 1842 850 1889 η
869 1816 990 1897 ροιίμενοι
1009 1817 1118 1898 γνήσιον
1141 1820 1283 1900 εἰλικρινῆ,
1297 1820 1366 1897 μήτε
1385 1821 1537 1902 ὀνειράτων
1562 1823 1648 1893 ἀπηλ-

97 1908 159 1967 culo
179 1907 316 1969 ebrietatis
335 1922 361 1966 et
378 1907 462 1967 luxus
486 1907 611 1988 graviore
628 1928 710 1987 quam
731 1909 816 1966 ferrea
867 1908 995 1987 λαγμίνοι
1011 1908 1140 1989 φοὸερῶν,
1153 1912 1207 1968 τῶν
1225 1933 1255 1969 τε
1276 1909 1445 1988 μαινομένων
1461 1912 1540 1980 ὄντες
1554 1912 1646 1972 ἀθλιώ-

98 2013 242 2075 catena,ac
257 2022 306 2060 nec
319 2000 453 2060 sincerum
466 2013 492 2060 et
514 2021 616 2082 purum
637 2001 748 2082 capiunt
772 2021 815 2060 so·
866 2021 952 2081 τεροι,
965 2001 1012 2059 καί
1034 1999 1187 2082 αὐθαίρετόν
1200 2024 1261 2060 τινα
1275 2000 1388 2080 δαίμονα
1412 2003 1644 2081 ἰπεισάγσντεςτῇ

90 2113 202 2170 ¹tututm,
228 2114 315 2173 neque
331 2093 366 2153 ab
379 2092 559 2153 horribilibus
576 2092 718 2153 insomniis
740 2092 814 2152 libe-
866 2091 1333 2176 ψυχῇ,καίγίίιωςπροκείμενοιτῷ
1346 2094 1451 2175 θεάτρῳ
1459 2100 1517 2154 τῶν
1531 2098 1646 2166 οἰκετῶν,

95 2182 121 2242 ri
139 2198 211 2261 sunt,
226 2185 429 2264 furentibusque
443 2184 606 2264 miseriores,
628 2184 815 2246 voluntarium
867 2186 968 2263 μάλλον
982 2184 1011 2244 δί
1025 2183 1072 2244 καί
1091 2185 1227 2267 τραγῳδία
1248 2185 1294 2245 καί
1310 2185 1433 2266 δακρύων
1446 2186 1577 2255 ὑπόθεσις
1596 2190 1646 2254 τοῖς

94 2276 241 2355 quemdam
252 2277 402 2337 daemouem
413 2278 442 2336 in
456 2277 578 2337 animum
588 2277 732 2354 inducunt,
745 2276 814 2337 risui
866 2275 1070 2359 ἰπιεικεστίροις
1083 2280 1180 2350 αὐτῶν,
1191 2278 1237 2337 καί
1253 2277 1354 2355 μηδένα
1369 2277 1471 2346 εἰδότες
1484 2282 1541 2338 τῶν
1549 2280 1645 2360 παρόν·

95 2367 273 2448 spectantium
284 2369 449 2428 famulorum
458 2369 583 2450 expositi,
593 2369 721 2439 imovero
731 2369 813 2429 etiam
865 2391 929 2442 τιον,
944 2369 1012 2447 μήτε
1025 2372 1107 2429 εἰπεῖν
1119 2393 1145 2428 τι
1156 2368 1203 2428 καί
1216 2372 1328 2429 ἀκοῦσαι
1346 2369 1507 2448 δυνάμενοι,
1518 2371 1590 2431 ἀλλὰ
1603 2394 1644 2451 φο

94 2459 180 2519 lrrctui
192 2473 218 2519 et
228 2460 358 2543 lacrymis
368 2460 512 2520 meliorum
522 2459 593 2520 inter
603 2461 813 2538 eos;nen1inem
866 2459 947 2541 ράδην
963 2462 1016 2522 tet
1030 2465 1084 2521 τῶν
1097 2461 1230 2521 mecm»
1239 2461 1284 2522 ίπί
1298 2460 1348 2533 τὴν
1363 2460 1458 2534 κλίνην
1471 2461 1643 2542 ἀγόμενοιςῆ

94 2565 228 2612 noverunt
237 2564 343 2632 eorum,
357 2553 404 2633 qui
414 2552 526 2629 adsunt,
537 2574 625 2632 neque
635 2553 724 2613 dicere
733 2552 812 2633 quid,
865 2555 890 2612 οἰ
903 2551 1028 2633 νήφοντες
1039 2552 1086 2612 καί
1101 2557 1126 2613 ot
1139 2553 1325 2635 ἐγρηγορότες,
1339 2554 1386 2614 καί
1401 2557 1436 2632 τῇ
1457 2554 1542 2635 χρείᾳ
1553 2555 1587 2614 cb
1598 2554 1645 2632 μί·

94 2663 180 2723 neque
190 2643 286 2704 audire
297 2658 421 2726 possunt,
438 2644 486 2706 sed
497 2645 566 2705 inter
577 2645 744 2725 gestantium
755 2665 812 2704 ma·
864 2668 925 2726 τρον
941 2644 1085 2726 ὁρίζοντες,
1099 2645 1145 2705 καί
1160 2645 1186 2715 ἐξ
1203 2646 1294 2728 οὐρίας
1304 2646 1443 2718 πλέοντες,
1458 2645 1508 2705 καί
1522 2645 1644 2725 μέγιστον

85 2736 241 2795 ,ποσειοτὶε
249 2734 284 2796 ad
297 2736 427 2796 lectulum
438 2736 578 2796 seruntur?
590 2757 624 2796 an
636 2756 701 2796 vero
714 2735 810 2813 sobrii,
863 2734 972 2816 ἥδυσμα
984 2735 1015 2796 τὸ
1027 2741 1120 2817 πεινῇν
1139 2736 1185 2796 καί
1199 2737 1277 2817 διψῇν
1299 2736 1404 2819 ίγοντις
1414 2736 1466 2797 ίπί
1483 2761 1516 2797 τε
1528 2742 1584 2797 τῶν
1601 2761 1642 2797 σι-

87 2826 244 2907 -rigilantes,
258 2829 358 2909 quique
371 2828 483 2889 modurn
496 2828 652 2888 necessitate
664 2827 809 2904 deliniunt,
863 2827 937 2897 τίων,
950 2829 996 2888 ἰπί
1011 2853 1041 2889 τε
1054 2833 1108 2888 τῶν
1119 2834 1222 2903 ποτῶν,
1237 2828 1323 2890 θῦδίν
1335 2828 1387 2912 γὰρ
1397 2828 1469 2889 οὕτω
1486 2829 1535 2890 καί
1549 2829 1643 2902 sideris

84 2918 217 2979 secundis
229 2917 317 2979 ventis
330 2919 470 2999 navigant,
480 2940 521 2979 ae
533 2940 584 3000 pro
595 2919 719 2980 maximo
735 2919 811 2979 oble-
826 2937 845 2986 c
862 2921 908 2980 καί
922 2921 1021 3002 ίγίειαν
1034 2921 1187 3002 ἰργάζιιαι,
1202 2925 1239 2990 ὡς
1259 2922 1290 2982 τδ
1303 2925 1436 2982 πεινῶντα
1456 2923 1508 2982 καί
1523 2924 1641 3004 διφῶντα

92 3024 225 3073 cumeneo
236 3026 292 3072 tam
304 3011 333 3071 iu
343 3011 412 3072 cibis
422 3031 503 3089 quam
512 3010 541 3070 iu
550 3025 617 3093 potu
628 3012 726 3071 samem
735 3025 762 3071 et
773 3010 811 3072 si·
862 3013 931 3074 olco
944 3017 997 3073 τῶν
1019 3011 1201 3095 προκειμένων
1215 3014 1363 3087 άπτεσθαι,
1377 3013 1424 3072 καὶ
1443 3013 1526 3097 κάρον
1547 3013 1642 3074 εἰδέναι

91 3102 142 3163 tim
154 3103 273 3165 babent?
285 3102 362 3164 Nibil
374 3101 447 3163 enim
460 3102 497 3163 ita
510 3117 537 3163 et
550 3103 586 3163 ad
604 3104 772 3185 voluptatem
783 3117 810 3164 et
862 3103 1011 3185 τλνχρείαν
1020 3104 1113 3183 μάνην,
1124 3106 1171 3165 καί
1180 3104 1549 3186 μὴῦπιρὸαίνεινταθτηςτά
1558 3107 1643 3184 σκάμ·

91 3193 125 3254 ad
138 3195 281 3256 sanitatem
300 3194 376 3272 lacit,
392 3208 422 3256 ut
434 3194 595 3255 esurientem
616 3217 648 3256 ac
665 3194 809 3273 sitientem,
864 3221 953 3276 ματα,
965 3197 1033 3276 μηδὲ
1046 3200 1134 3276 μεῖζον
1148 3202 1196 3271 τῆς
1210 3196 1344 3276 δοναμίως
1354 3197 1504 3260 ἐπιτιθίναι
1518 3199 1551 3259 τδ
1564 3200 1643 3281 άχθος

92 3286 128 3346 ita
141 3286 251 3348 demum
267 3308 327 3367 quae
337 3301 510 3368 apponuntur
520 3308 665 3369 capessere,
680 3300 706 3348 et
724 3287 809 3347 solam
862 3311 902 3372 τῳ
915 3285 1031 3368 σώματι.

93 3379 278 3440 necessitatem
291 3399 341 3460 pro
353 3377 473 3439 satietate
479 3376 592 3455 ducere,
605 3399 691 3457 nepte
704 3379 761 3459 ejus
769 3379 809 3439 li-

93 3471 171 3532 mites
181 3471 323 3549 transilire,
337 3492 423 3551 neque
432 3469 539 3552 corpori
549 3471 638 3552 majus
646 3493 729 3550 quam
741 3473 810 3533 ferre

92 3562 185 3643 possit,
202 3584 270 3623 onus
282 3562 430 3646 imponere.

132 3667 161 3728 8.
174 3667 256 3740 Quod
278 3666 302 3727 si
315 3667 429 3727 orationi
448 3688 513 3728 mea
536 3689 590 3730 non
612 3669 695 3731 babes
713 3671 807 3751 fidem,
903 3665 938 3725 El
953 3663 981 3725 δὲ
993 3666 1114 3732 ἀπιστεῖς
1127 3687 1179 3744 μω
1191 3666 1230 3744 τῷ
1241 3662 1328 3746 λόγων
1342 3661 1485 3740 κατάμαθε
1499 3663 1534 3724 fl
1545 3663 1640 3724 δωτί-

93 3759 202 3819 oonsule
212 3773 386 3840 utrorumque
394 3780 517 3842 corpora,
531 3776 556 3823 et
569 3762 738 3843 singulorum
751 3766 809 3826 ani·
864 3780 916 3839 ρων
931 3755 1062 3836 σώματων
1075 3756 1122 3815 καὶ
1135 3755 1185 3828 tlt
1206 3756 1318 3816 ἑκάστου
1334 3753 1433 3835 luxit·
1449 3754 1525 3837 Οὒχί
1538 3755 1575 3816 cd
1596 3754 1641 3833 μὶ*

94 3872 176 3912 mam.
190 3852 284 3912 Nonne
300 3853 336 3912 ita
355 3852 490 3913 moderate
508 3854 657 3916 viventium
671 3863 722 3933 (ne
737 3858 810 3918 enirn
862 3852 916 3908 τῶν
933 3847 1003 3909 oden
1018 3847 1198 3927 διαιτωμένων
1221 3845 1379 3927 συμμέτρως
1392 3845 1450 3922 (μὴ
1475 3847 1529 3930 td?
1545 3871 1592 3927 μοι
1612 3847 1640 3905 τὸ

95 3941 164 4001 mibi
179 3942 253 4022 quod
273 3964 335 4002 raro
357 3943 499 4024 contingit,
521 3944 607 4022 dicas,
629 3948 692 4008 etsi
712 3950 759 4029 qui
775 3972 810 4012 ex
863 3942 1003 4010 σπανιάκις
1016 3937 1161 4019 συμὸαῖνον
1175 3937 1323 4018 είπῃς,καί
1338 3936 1362 3996 εἰ
1374 3961 1444 4005 τινες
1454 3941 1578 4004 άσθενεῐς
1591 3928 1638 3997 elev

94 4031 148 4092 alia
162 4033 280 4113 quadam
294 4033 807 4120 circumstantiaaegrisunt,sedexiis,
863 4033 894 4091 ία
914 4030 1094 4111 περιστάσεως
1105 4029 1197 4110 ίτίρας
1210 4029 1296 4104 τινὸς,
1311 4029 1370 4089 ἀλλ’
1390 4028 1512 4088 tetros
1536 4030 1580 4090 tet
1595 4025 1638 4087 καί

94 4148 154 4209 quae
165 4147 271 4208 semper
281 4139 307 4185 et
321 4125 485 4186 continenter
497 4126 635 4207 eveniunt,
647 4130 690 4205 lep
706 4147 810 4192 senten-
863 4126 978 4203 συνεχῶς
995 4120 1193 4200 σομάαινόντων
1215 4120 1262 4188 eb<
1277 4119 1381 4202 ψήφοις
1394 4120 1551 4198 nepem),
1573 4121 1630 4200 α’σρλ

95 4219 194 4296 tiam),
218 4238 315 4294 noune,
340 4216 461 4296 inquam,
488 4215 623 4278 moderate
645 4224 810 4284 vescentium
862 4225 915 4282 τῶν
929 4221 977 4303 ’μὲν
992 4221 1150 4304 συμμίτρως
1159 4221 1324 4301 ίστιωμίνων
1339 4220 1457 4303 εὔρωστα
1466 4221 1502 4282 cd
1512 4221 1635 4300 σώματα,

95 4331 206 4393 corpora
217 4310 285 4368 bene
296 4308 374 4367 lirma
386 4321 458 4386 sunt,
469 4329 501 4367 ac
517 4329 610 4369 sensus
623 4310 731 4393 integri,
746 4317 808 4393 qui·
826 4327 846 4375 ἰ)
863 4319 909 4380 καί
931 4320 1129 4402 τιτρανωμίναι
1142 4325 1170 4382 el
1186 4321 1337 4394 αἰσθήσεις,
1353 4321 1402 4394 τὴν
1423 4320 1523 4381 οἰκείαν
1538 4320 1630 4403 χρείαν

94 4423 148 4483 que
157 4421 254 4481 magna
264 4419 326 4459 cum
335 4399 464 4459 facilitate
474 4400 562 4460 vicem
572 4422 649 4462 suam
663 4402 810 4486 impleant?
863 4422 1013 4502 πληροῦσα,
1038 4421 1107 4502 put
1132 4409 1233 4495 „mg
1255 4427 1303 4495 ,ἧς
1325 4422 1455 4495 εὐκολίας
1475 4421 1587 4483 lgm,
1610 4421 1635 4482 δι

92 4493 205 4555 illorum
225 4512 290 4553 vero
312 4491 396 4550 nimio
417 4491 531 4552 bumore
548 4493 642 4555 vitiata
655 4497 728 4557 omni
749 4520 809 4560 cera
863 4521 988 4606 πλαδαρρ

95 4585 230 4660 molliora,
242 4598 268 4644 et
277 4583 384 4664 agmine
394 4583 551 4644 morborum
565 4586 691 4647 obsessa?
701 4591 773 4649 'Nam
784 4608 810 4654 et

93 4679 220 4765 podagra
234 4676 354 4738 celeriter
367 4676 509 4753 invadunt,
523 4692 549 4738 et
561 4693 661 4739 tremor
675 4679 810 4763 importu-

94 4793 155 4847 nus,
168 4784 194 4830 et
215 4782 334 4830 senectus
349 4768 501 4845 immatura,
523 4783 548 4828 et
568 4770 664 4852 capitis
685 4770 807 4852 dolores,

92 4865 269 4928 distensiones
282 4878 308 4923 et
321 4863 519 4942 stomachorum
537 4862 751 4945 depravationes,
761 4889 809 4951 ap-

92 4956 193 5046 petitus
202 4952 326 5028 amissi03
335 4954 472 5034 perpetuis
480 4953 602 5035 indigent
613 4954 735 5036 melicis,
746 4981 810 5020 con·
863 4928 1005 5010 wilm*
1019 4928 1169 5012 ‘'lim‘’
1181 4930 1227 4989 nal
1239 4930 1347 5012 ὀρέξω(
1360 4929 1494 5012 ἀναίίωκ
1501 4975 1509 5004 2
1522 4929 1571 4990 ”l
1580 4931 1636 5002 δ’ἰ·

92 5045 809 5126 tiuuismedicamentisetcurationequotidiana.llae-
863 5035 945 5092 *ἰχῶ*
967 5030 1070 5092 δίωῗίί
1083 5034 1190 5112 millib
1202 5029 1247 5090 nel
1262 5034 1378 5111 mill*
1401 5035 1454 5090 τῶν
1473 5029 1634 5112 δαίμων

92 5140 152 5204 cine
166 5141 328 5222 voluptuosa
346 5136 432 5197 sunt?
447 5136 493 5197 die
511 5138 588 5200 mibi.
604 5139 705 5222 Ecquis
721 5144 808 5207 sciens
862 5131 908 5193 rel
928 5136 1106 5215 autumpni<
1126 5136 1175 5204 τῆς
1190 5131 1338 5212 θεραπείας·
1350 5133 1444 5191 Ταῦτα
1464 5120 1510 5190 ὧν
1523 5131 1633 5202 ἢὸωῆςὶ

1009 4522 1055 4582 καί
1073 4524 1170 4592 παντὸς
1190 4531 1273 4605 κηροῦ
1288 4523 1484 4606 μαλακώτερα,
1499 4524 1548 4585 καί
1563 4527 1635 4603 lupi)

862 4626 1020 4704 νοσημάτων
1041 4626 1266 4708 πολιορκούμενα,
1279 4627 1333 4686 Καὶ
1357 4624 1409 4706 γὰρ
1433 4626 1480 4687 καί
1505 4629 1637 4706 ποδάγραι

863 4725 966 4807 ταχίως
986 4730 1074 4794 αὐτοῖς
1089 4725 1263 4807 ίφίππανται,
1278 4727 1325 4787 καί
1338 4727 1435 4809 τρόμος
1451 4728 1579 4807 ἄκαιρος,
1592 4725 1636 4786 καί

862 4831 946 4909 γῆρας
965 4829 1060 4911 δωρον,
1081 4828 1127 4888 καί
1149 4828 1341 4910 κεφαλαλγίαι,
1355 4829 1401 4889 καί
1425 4828 1579 4914 διατάσεις,
1591 4829 1635 4887 καί

90 5234 158 5323 quid
172 5234 280 5297 tandem
298 5231 334 5292 sit
348 5228 485 5310 voluptas,
496 5229 567 5292 dicet
584 5235 659 5294 esse?
672 5236 805 5320 Voluptas
860 5231 919 5294 εἰπί
933 5256 988 5311 μοι.
996 5234 1049 5295 llel
1056 5232 1096 5303 τίς
1110 5232 1141 5292 δν
1152 5231 1222 5294 εἰποι
1235 5234 1288 5290 τῶν
1298 5230 1403 5292 εἰδότων
1416 5230 1432 5290 δ
1444 5251 1472 5290 τι
1484 5228 1632 5290 ποτίίστιν

90 5333 162 5397 enirn
176 5325 334 5412 percipitur,
352 5343 413 5385 cum
429 5337 564 5404 praeunte
584 5325 731 5409 cupiditate
747 5331 804 5392 fru-
857 5330 956 5407 ηδονιίς
975 5331 1072 5404 Ἡδονὴ
1098 5331 1150 5412 γὰρ
1172 5328 1276 5410 γίνιται
1299 5328 1376 5402 τότε,
1401 5327 1466 5390 ὅταν
1489 5327 1631 5409 ἰπιθνμίας
