3764 5992
82 409 152 482 228
411 430 442 480 s.
468 430 609 481 sotuurs
634 427 816 478 cuutsosr.
844 429 1002 480 tuentur.
1030 431 1300 484 cousrnurruor.

80 560 261 640 contigerunt,
280 558 391 640 clarium,
408 573 438 621 ut
456 559 585 642 promisi,
598 557 797 618 demonstrabo.
851 559 909 629 τίας
928 564 1051 634 ἀπαιτεῖ,
1071 560 1140 623 ιιλλι
1160 561 1206 623 καλ
1225 563 1384 625 διπλασίονα
1398 565 1493 645 πολλῷ
1484 565 1555 625 »και
1571 588 1628 645 τρι·

4 661 70 711 8..ιο
80 653 152 711 Nam
165 650 464 731 Pharisaeusquamvis
477 651 535 731 ipse
546 648 618 708 nihil
634 661 799 729 peccaverat,
850 651 994 713 πλασίονα·
1017 656 1047 714 ού
1070 652 1122 736 ηιρ
1144 657 1189 734 ἀρ’
1203 645 1240 715 ιν
1254 654 1332 726 αιλτις
1350 656 1482 737 ἥμαρτεν,
1506 659 1626 739 ἀλλ’ἀφ*

81 741 130 802 sed
143 756 170 801 et
178 742 251 821 juste
262 742 379 820 vixerat,
394 755 421 801 et
433 741 519 800 multa
529 739 588 799 dc'
573 761 602 799 se
612 739 683 799 bona
696 737 798 821 praedi·
850 733 888 803 ῶν
907 744 997 826 ἕτερον
1016 745 1248 826 ἇμαρτᾶνοντα“
1220 771 1255 807 τα
1274 746 1342 808 αισι
1359 751 1486 829 χαλεπῶς
1504 749 1625 821 ἀκόλασε,

81 844 272 912 carcpoterat:
269 832 354 936 ιμιιι
364 845 453 892 umen
463 831 641 913 publicanum
649 843 795 912 raptorem
849 837 988 916 ψηφιεῖται
1008 840 1080 919 αὐτῷ
1093 837 1142 910 τὴν
1154 838 1313 922 τιμωρίανό
1329 839 1408 908 Θιός.
1424 839 1481 900 Καὶ
1494 837 1625 899 &troiad

80 944 204 1000 avarum,
219 936 246 982 et
267 923 471 1001 iniquissimum
494 921 695 1028 condemnavit,
709 934 798 982 tantas
850 930 922 987 ἐστιν
942 929 1052 1002 ἀληθὲς,
1075 928 1183 989 ἀπι
1146 952 1199 989 των
1213 931 1399 1048 γεγενημένων
1410 932 1458 992 καὶ
1479 932 1621 1006 asom,

79 1013 268 1097 deditpoenas,
277 1028 308 1074 ut
320 1014 531 1095 adsupplicinm
539 1014 638 1117 majus,
649 1033 732 1091 quam
745 1033 799 1093 ριι·
851 1017 992 1097 μειζόνως,
1006 1020 1054 1080 ἀπα
1057 1020 1238 1102 ριπεσχόμην
1252 1027 1325 1102 ύμῖν,
1339 1027 1406 1083 αὐτο
1391 1023 1526 1096 ποιήσω
1538 1047 1620 1084 κατα·

79 1105 187 1165 blicano
207 1104 366 1177 debebatur,
386 1117 536 1165 reservatus
559 1104 605 1163 sit.
621 1102 743 1178 Quod
720 1125 744 1163 st
763 1103 798 1177 is,
851 1109 941 1189 ρανίς.
954 1109 989 1172 Ὁ
1000 1113 1158 1192 Φαρισαῖος,
1171 1113 1258 1173 καίτοι
1271 1137 1303 1194 γι
1316 1115 1394 1182 αὖτις
1404 1114 1618 1193 οιδινᾶμαρτῶν,

81 1200 128 1279 qni
137 1199 208 1258 nihil
220 1199 353 1281 peccavit,
365 1213 392 1259 et
406 1214 559 1282 peccantem
570 1199 665 1274 alium,
674 1199 722 1279 qui
734 1220 798 1261 ma-
851 1200 919 1260 ἀλλὰ
931 1201 977 1261 και
990 1204 1017 1262 ιν
1038 1203 1190 1280 δικαιοσύνῃ
1209 1203 1309 1280 ζήσας,
1328 1205 1374 1265 καλ
1388 1206 1478 1266 πολλὰ
1495 1205 1564 1286 ἔρον
1576 1229 1617 1265 κα-

79 1291 191 1351 nilestus
203 1305 261 1352 erat
276 1292 413 1366 omnibus,
427 1292 483 1353 levi
494 1293 576 1354 verbo
596 1290 795 1363 condemnavit,
850 1291 1010 1375 τορθόιματα
1027 1297 1120 1369 εἰπεῖν,
1143 1295 1234 1371 ἐπειδὴ
1252 1297 1297 1357 τὸν
1312 1297 1440 1372 τελώνην,
1454 1298 1502 1358 τὸν
1516 1298 1616 1380 {ponpa

79 1396 186 1443 tantum
199 1382 252 1444 sibi
271 1384 385 1444 attraxit
405 1384 591 1466 supplicium:
609 1384 658 1464 qui
680 1385 798 1444 multum
814 1402 834 1451 z
851 1388 897 1447 καί
918 1387 1078 1461 πλεονέκτην
1097 1387 1144 1447 καὶ
1156 1388 1383 1468 παρανομώτατον
1397 1389 1568 1463 κατεδίκασε,
1578 1413 1616 1451 το-

81 1474 203 1553 quotidie
223 1496 381 1557 peccamus,
401 1476 569 1556 aliorumque
590 1478 677 1538 vitam
701 1477 800 1537 conde·
851 1478 953 1552 σαύτην
973 1480 1055 1541 ἔδωκε
1075 1479 1161 1554 δίκην,
1184 1484 1221 1548 ῶς
1241 1478 1340 1541 ἐκείνου
1362 1482 1464 1562 μείζονι
1478 1481 1615 1563 [τηρεῖσθαι

80 1587 216 1644 muamus,
229 1567 311 1627 uiam
323 1567 385 1627 aliis
393 1567 559 1647 ignotorum,
573 1569 659 1650 cogita
671 1581 800 1647 quanmm
851 1573 968 1634 κολάσει.
989 1574 1024 1633 Et
1034 1571 1064 1632 δὲ
1075 1577 1090 1632 ό
1102 1571 1184 1651 μηδὲν
1197 1570 1246 1652 μιν
1258 1572 1385 1653 ἁμαρτὼν
1396 1575 1495 1648 αὖτις,
1507 1575 1615 1656 ιμαρτιι·

81 1658 274 1719 sustinebimus
286 1680 406 1740 poenam,
419 1659 555 1739 ιφιιοιιιοάο
568 1661 643 1720 omni
655 1659 734 1720 venia
748 1681 799 1720 ex-
852 1688 931 1725 νοντα
944 1665 973 1728 ἀι
986 1665 1075 1746 ἕτερον
1088 1663 1134 1724 και
1147 1667 1279 1744 περιφανῆ
1293 1673 1375 1725 πᾶσιν
1389 1666 1435 1727 tot
1448 1666 1616 1749 παρανομίαις

14 1765 71 1814 ·7·¹·
82 1750 211 1811 cidemus.
222 1754 327 1832 Inque
336 1751 799 1835 enimpudeceojttdicatis,inqnit
851 1756 932 1828 ὄντα,
949 1757 1051 1838 ῥήματι
1068 1758 1139 1838 ψιλῷ
1159 1754 1340 1825 καταδικάσας
1362 1757 1496 1832 τοσαύτην
1509 1757 1616 1818 &med

81 1854 110 1903 et
125 1863 179 1903 vos
185 1844 405 1924 judicabimini.
851 1872 917 1911 σατο
938 1847 1065 1921 κόλασιν,
1088 1850 1113 1907 oi
1131 1846 1219 1908 πολλὰ
1240 1847 1288 1926 μιν
1310 1852 1369 1907 καθ’
1391 1848 1509 1923 ικάσιην
1522 1849 1614 1930 ηριραν

852 1941 1061 2023 ἁμαρτάνοντες,
1076 1938 1172 2021 ἔτίριιν
1186 1937 1215 2000 δι
1232 1938 1552 2018 βίοιςκαταδικιίζοντες,
1565 1938 1615 2001 otti

854 2238 915 2294 μης.
941 2213 988 2273 Ἐν
1003 2205 1026 2296 ᾧ
1046 2211 1099 2294 γὰρ
1112 2211 1237 2293 κρίματι,
1258 2211 1340 2292 φησι,
1354 2212 1477 2294 κρίνετε,
1491 2214 1538 2274 καὶ
1550 2218 1616 2294 ιμιὶς

852 2307 1018 2388 κριθήιεσθε.

121 2407 152 2466 6
163 2402 276 2486 Propter
290 2401 349 2463 brec
362 2403 455 2482 utique
467 2402 639 2485 etsupplico,
654 2419 758 2484 precor,
773 2412 800 2457 ct
892 2400 947 2461 Διι
963 2400 997 2473 δὴ
1010 2405 1094 2461 ταυτα
1109 2399 1250 2475 ἀντιόολῶ,
1261 2396 1450 2480 καλπαραινῶ,
1463 2401 1509 2460 καὶ
1522 2400 1617 2480 θύομαι,

82 2495 220 2573 exhortor,
226 2495 443 2556 utabhacmala
455 2493 646 2556 consuetudine
656 2490 800 2554 desastaus
808 2492 952 2590 meatim<
966 2493 1162 2564 ἀποστηναι
1128 2515 1177 2563 της
1190 2500 1308 2572 πονηρᾶς
1320 2490 1468 2566 συνηθείας
1494 2491 1618 2572 Τοιςριν

82 2589 162 2650 Nibil
172 2589 245 2648 enim
257 2587 413 2648 nocebimus
423 2587 616 2664 sacerdotibus,
627 2586 729 2691 quibus
743 2605 800 2644 ma·
808 2548 905 2664 Αγιρ
926 2581 1013 2665 ίερίας
1034 2585 1124 2648 κακῶς
1144 2579 1287 2648 ἀκούοντας
1308 2580 1381 2640 οὐδὲν
1401 2581 1618 2664 παραόλάισμτν,

83 2679 240 2756 lcdicimus,
255 2679 315 2740 sive
328 2681 462 2756 ementita,
476 2681 534 2740 sive
549 2699 613 2739 vera
626 2678 681 2738 sint
694 2698 754 2757 quae
766 2674 801 2735 de
853 2680 883 2736 οι
899 2675 977 2755 μόνον
999 2674 1030 2733 ιν
1044 2674 1128 2756 ψινάιῑ
1143 2671 1177 2732 τι
1188 2665 1365 2786 λεγόμεναι,
1380 2672 1452 2733 ἀλλὰ
1462 2673 1513 2732 κάν
1524 2676 1618 2748 ἀληθη·

83 2773 122 2832 eis
139 2724 273 2830 dicimis.
284 2769 413 2848 quoniam
437 2785 464 2831 ct
485 2770 638 2831 Pharisaeus
655 2768 801 2850 publicano
854 2768 912 2829 ιπιι
925 2767 971 2827 καλ
985 2771 1000 2827 ό
1014 2765 1201 2846 Φαρισαῖος
1176 2789 1221 2826 τον
1232 2765 1348 2839 τελώνην
1360 2765 1435 2827 οὐδὲν
1446 2766 1618 2848 κατίόλαιιν,

84 2861 155 2922 nihil
167 2860 268 2936 nocuit,
282 2860 328 2919 scd
342 2873 369 2919 ct
382 2860 433 2941 ipsi
445 2862 556 2942 profuit,
570 2860 634 2920 licet
645 2881 710 2920 vcra
723 2859 758 2919 de
770 2880 802 2920 οο
854 2859 923 2922 ἀλλὰ
936 2859 982 2920 και
1003 2858 1143 2940 ὠφέλησε,
1158 2856 1245 2917 καίτοι
1261 2881 1291 2937 γε
1309 2859 1396 2930 ἀληθῆ
1411 2858 1476 2938 πιρι
1487 2856 1620 2920 aurosu-

83 2953 192 3012 diceret.
200 2951 332 3011 Caeterum
342 2950 486 3032 nobisipsis
494 2951 564 3012 mala
575 2965 694 3012 exucou
702 2950 802 3032 ipsiac·
854 2975 925 3033 ρων·
946 2955 1025 3030 ἡμεῖς
1044 2948 1071 3011 ιι
1090 2946 1197 3018 ιαοτοις
1217 2958 1273 3017 τοῖς
1292 2948 1417 3030 ἐσχάτοις
1430 2951 1620 3033 περιόαλούμσν

85 3046 224 3121 ccrsimus,
233 3045 304 3105 sicut
316 3056 342 3102 ct
356 3042 509 3104 Pharisaeus
515 3044 544 3105 in
553 3045 672 3126 seipsum
681 3041 803 3123 gladium
855 3053 960 3113 κακοῖς·
983 3042 1041 3103 ἐπεὶ
1060 3041 1106 3101 και
1121 3042 1297 3123 όΦαριοαῑος
1317 3043 1376 3102 καθ’
1393 3045 1489 3103 ἑαυτοῦ
1506 3043 1539 3104 ιι
1558 3040 1621 3125 ξίφος

84 3137 209 3220 impulit,
220 3151 247 3199 et
263 3138 338 3199 letali
351 3150 460 3220 accepta
472 3137 554 3219 plaga
568 3136 647 3196 abiit.
661 3138 701 3196 Ut
719 3134 804 3216 igitur
855 3135 963 3210 ὤθησι,
978 3134 1025 3194 και
1034 3131 1142 3215 καιρίαν
1153 3132 1258 3213 πληγὴν
1268 3131 1358 3193 λαθὼν
1369 3135 1501 3206 ἀπῆλθεν.
1513 3132 1574 3196 'lue
1583 3126 1621 3196 οιι

85 3251 119 3290 ne
131 3243 159 3289 et
177 3251 225 3290 nos
241 3229 314 3290 idem
331 3230 478 3312 patiamur,
490 3229 653 3310 imperemus
667 3226 804 3287 indomita
858 3227 895 3308 μὴ
906 3226 953 3287 καλ
962 3231 1041 3306 ἡμεῖς
1054 3222 1088 3283 τι
1098 3221 1166 3284 αιτι
1177 3224 1313 3303 πάθωμεν,
1324 3228 1467 3304 κρατῶμεν
1480 3228 1622 3288 ἀκσλάιιοι

84 3321 194 3402 linguae.
205 3322 276 3381 llam
290 3321 354 3399 siis,
367 3321 415 3400 qui
427 3319 572 3402 publicano
583 3317 734 3395 maledixit,
745 3340 804 3401 pce·
856 3318 986 3398 γλώττης.
1010 3320 1045 3379 El
1063 3317 1116 3398 γάρ
1134 3316 1179 3376 τὸν
1192 3313 1308 3387 τελώνην
1320 3312 1403 3374 εἰπὼν
1415 3319 1521 3390 κακῶς,
1540 3321 1570 3378 οὐ
1578 3316 1623 3380 ιιι-

84 3433 149 3473 ιιιιιι
159 3434 212 3474 non
227 3412 338 3495 effugit,
346 3433 394 3474 nos
412 3412 460 3492 qui
471 3411 595 3494 patribus
606 3411 704 3471 nostris
717 3409 805 3469 male·
858 3434 938 3493 ρογεν
949 3414 1063 3484 ἐκεῖνος,
1074 3412 1099 3469 οι
1112 3407 1172 3476 τοις
1182 3407 1298 3487 πατέρας
1309 3410 1386 3487 ἡμῶν
1395 3411 1488 3478 κακῶς
1499 3409 1622 3489 λίησντις,

84 3506 212 3584 dicimus,
224 3528 277 3586 qua
293 3527 341 3566 nos
357 3505 482 3586 apologia
495 3502 654 3563 tuebimur?
668 3501 692 3562 si
700 3501 803 3581 Maria,
858 3503 936 3565 ποίαν
957 3503 1049 3581 ἕξομεν
1062 3499 1223 3580 ἀπολογίαις
1241 3502 1266 3558 τι
1282 3499 1327 3559 τιν
1347 3500 1461 3581 ἀδελφὸν
1473 3500 1625 3584 βλασφημι-

50 3654 56 3666 ,
86 3597 162 3678 quod
172 3599 251 3659 {ratri
263 3600 345 3659 semel
357 3597 540 3672 maledixerit,
552 3609 654 3655 tantam
664 3593 806 3676 deditpoe·
859 3616 929 3656 σασα
946 3591 1136 3673 Μαρίαιπαξ,
1148 3590 1371 3665 τοσαύτηνίδωκα
1385 3591 1474 3667 δίκην,
1486 3592 1625 3660 ποίαςσιο·

86 3711 164 3750 ιιιιιι·
156 3692 258 3772 ,cujus
269 3690 349 3751 nobis
359 3689 455 3750 salutis
457 3710 538 3793 ..⁵poe’
546 3709 609 3748 cum
623 3708 671 3748 nos
682 3685 806 3766 quotidie
823 3710 841 3758 η
858 3685 953 3767 τηρίας
971 3689 1037 3763 ἡμῖν
1051 3682 1140 3757 ἐλπὶς,
1162 3682 1225 3742 ὅταν
1244 3683 1351 3763 μορίαις
1368 3686 1430 3743 καθ’
1440 3684 1559 3757 ἑκάστην
1567 3682 1625 3764 ημι·

85 3781 221 3871 principes
233 3782 348 3842 infinitis
360 3781 490 3843 conviciis
508 3780 661 3841 allicimus.
654 3779 669 3822 ⁹
681 3781 723 3840 Nc
735 3778 805 3839 mibi
861 3802 908 3860 ραν
922 3775 983 3846 σοις
992 3777 1124 3858 ἄρχοντας
1138 3773 1279 3854 πλύνωμεν
1289 3777 1361 3836 λοιδο
1363 3774 1451 3857 ίραις;
1465 3776 1563 3851 lll‘
1527 3798 1624 3861 γαρριι

85 3873 137 3933 hoc
146 3873 331 3951 quisdixerit,
342 3875 572 3934 lllelloseserat:
586 3872 806 3954 poteroenimet
860 3869 1050 3949 τοῦτολαγίτω
1059 3890 1117 3941 τις,
1132 3865 1282 3934 &resciret
1291 3800 1468 3940 nutricii
1483 3868 1623 3948 ὼιιισιμι

85 3985 135 4046 ego
148 3963 247 4040 dicere,
261 3965 314 4023 llla
327 3966 416 4024 blaria
427 3978 496 4025 erat
508 3967 657 4038 Ceterum,
667 3977 698 4023 ut
711 3977 737 4024 et
750 3964 805 4022 alia
859 3961 911 4043 γὰρ
933 3965 1015 4023 ειπιῖν
1036 3960 1083 4020 και
1104 3957 1171 4039 ἐγὼ,
1184 3959 1226 4019 ὅτι
1240 3958 1348 4033 κάκείνη
1361 3960 1457 4041 blopis
1469 3953 1515 4034 ἦν.
1534 3959 1624 4028 'abac

86 4055 252 4116 rationeboc
262 4055 401 4116 manifeste
414 4076 566 4137 cognoscas,
579 4009 805 4134 quodnecsicri-
859 4054 904 4126 δὲ,
917 4054 961 4114 ινα
982 4055 1124 4114 καὶτοῦτο
1139 4051 1203 4112 atet
1216 4051 1302 4133 μάθῃς
1318 4056 1417 4133 σαφῶς,
1438 4053 1481 4114 ιιι
1497 4053 1623 4133 εικαιιη·

86 4147 191 4207 minum
201 4147 241 4208 rei
253 4147 308 4207 sint
326 4147 486 4224 sacerdotes,
498 4145 533 4206 de
550 4147 663 4207 illorum
679 4146 729 4206 tibi
746 4147 804 4206 vira
859 4147 1005 4225 κλημάτων
1018 4134 1193 4207 ὑπεύθυνοι
1173 4167 1240 4204 ωσιν
1258 4149 1283 4205 οι
1305 4149 1403 4225 ιιριίς,
1424 4145 1485 4207 οιθὲ
1507 4145 1576 4206 οὔτοι
1587 4166 1623 4206 σοι

84 4241 207 4322 judicare
222 4241 263 4300 ias
276 4240 320 4315 sit,
334 4238 400 4299 audi
416 4192 486 4318 qnid
497 4235 616 4297 dicatde
635 4237 806 4319 principibus
860 4239 934 4319 θιμις
953 4239 999 4299 τιν
1017 4237 1123 4298 ἐκείνων
1147 4237 1204 4315 βίον
1214 4235 1322 4319 κρίνειν,
1336 4237 1448 4297 ἄκοισον
1458 4237 1486 4296 τί
1496 4261 1562 4320 φησι
1572 4234 1624 4319 apl

17 4349 76 4397 ,ιι
87 4332 243 4394 Judaeornm
253 4331 378 4391 Christus
392 4331 679 4411 :Supercathedram
690 4331 805 4411 Moysis
859 4337 912 4392 τῶν
928 4330 1063 4412 ἀρχόντων
1085 4335 1138 4390 τῶν
1160 4330 1343 4389 Ἰοοδαῑκῶνό
1362 4330 1493 4410 Χριστός·
1508 4330 1624 4400 ’Exibit

87 4427 223 4486 sederunt
246 4426 348 4484 scriboe
368 4436 396 4483 et
415 4425 582 4482 Pborisoei.
578 4446 585 4458 ·
600 4425 701 4479 omnia
717 4425 808 4503 igitur
860 4423 996 4491 Μωῡσέως
1018 4421 1181 4573 teotbibpor0¹3
1168 4421 1294 4481 ικύθισαν
1313 4423 1339 4481 οί
1357 4432 1526 4503 γραμματιῑς
1545 4423 1624 4484 καλοί

88 4539 278 4601 quecumque
289 4519 417 4576 dixerint
426 4519 521 4588 vobis,
525 4527 557 4574 ut
563 4515 695 4596 sacratus
693 4514 806 4597 facite.-
860 4517 1021 4596 Φαρισαῖοι·
1040 4514 1130 4575 πάντα
1150 4504 1204 4586 eiu
1224 4511 1275 4572 όσα
1294 4512 1449 4594 deliquero
1464 4517 1529 4593 ιμῑν
1541 4521 1625 4585 ποιιῑι,

82 4617 174 4694 juxta
189 4631 278 4690 opera
295 4622 394 4669 autem
412 4629 512 4668 eorum
532 4629 570 4667 ne
586 4608 720 4687 faciatis.
732 4608 806 4680 lam,
860 4618 980 4668 ποιεῖτε
972 4607 1063 4668 κατὰ
1077 4607 1106 4666 δὲ
1119 4605 1275 4687 τιέργα’
1245 4603 1505 4684 αιπῶνμὴποιαῖτι.
1521 4602 1625 4669 'Kelol

87 4705 154 4782 quid
166 4704 221 4763 illis
235 4704 312 4784 pejus
327 4700 415 4776 suerit,
427 4722 543 4783 quorum
556 4699 629 4759 zelus
648 4697 746 4757 tuturis
760 4696 808 4757 di·
862 4698 957 4779 γένοιτ
980 4699 1012 4758 ἀν
1029 4707 1118 4780 χαῖρον
1141 4686 1303 4770 ἐκείνων,ῶ
1303 4697 1562 4781 νόζήλοςιρθιιρι
1575 4695 1628 4766 τοις

87 4796 199 4899 scipulis
210 4797 308 4856 noxius
327 4795 402 4855 erat?
413 4802 538 4855 Attamen
553 4812 639 4871 ucque
650 4791 690 4851 sic
706 4789 845 4858 eosdec
865 4791 1112 4870 μαθηττοομένοος,
1132 4789 1203 4848 Ἀλλ’
1220 4787 1293 4865 ιμιος
1305 4786 1364 4847 ottt
1380 4786 1629 4849 οθτιοκατιόιάασιι

88 4888 179 4968 posuit
192 4910 207 4946 ι
223 4887 370 4967 dignitate,
385 4907 471 4966 neque
489 4883 609 4945 subditis
632 4882 810 4964 despicabiles
863 4883 957 4955 αὐτοις
970 4885 1071 4945 ἀπὸ
1037 4907 1086 4957 της
1095 4881 1178 4957 ἀξίας,
1189 4879 1248 4941 otti
1260 4881 1505 4963 εὐκαταφρονήτως
1516 4881 1631 4954 ιτιίησιν

87 4980 152 5039 fecit
166 5003 172 5036 ι
188 4979 271 5058 idque
278 4981 340 5060 jure
353 4979 459 5040 merito.
469 4980 540 5038 Nam
552 4976 575 5037 si
586 4975 669 5036 semel
683 4976 752 5034 banc
759 4995 810 5058 po·
863 4968 931 5038 ε’ίναι
953 4986 1008 5047 τοῖς
1028 4974 1199 5058 ἀρχομένοις·
1219 4973 1266 5033 καὶ
1290 4973 1364 5052 μα’λα
1386 4973 1509 5042 εἰκότως.
1537 4976 1573 5035 Et
1585 4972 1633 5055 ηιρ

89 5085 210 5132 testatem
231 5071 397 5153 arripuerint
410 5070 525 5151 subditi,
538 5070 629 5132 statim
651 5068 810 5151 magistratu
862 5070 961 5144 ταύτης
975 5069 1145 5131 inultm
1157 5071 1206 5140 τῆς
1217 5064 1336 5135 ιξοοσίας
1349 5069 1375 5125 οι
1389 5065 1546 5146 ἀρχόμενοι,
1560 5065 1635 5146 ιφθιι

122 5247 132 5272 ·
148 5231 190 5284 Sic
200 5229 303 5283 Coislin.
318 5230 418 5297 melius,
427 5248 504 5300 quam
513 5229 602 5289 ttoret.
615 5236 759 5299 ‹rttynnr'
767 5240 795 5286 ἂν
807 5236 846 5287 τοῦ
863 5238 915 5298 βίον
925 5242 1009 5300 χῆρον.
