3764 5992
107 380 173 452 t28
420 396 823 449 s.sounn1sc1mrsosr.
851 396 1009 445 aucnrnr.
1037 394 1305 445 consrsnnnor.

103 547 246 586 succensus
260 545 313 585 non
324 538 395 585 recto
404 524 453 584 illo
466 522 637 603 quidem,sed
648 522 704 581 nelo
716 535 817 598 tamen,
833 527 853 599 θ
872 521 988 605 θρωπίαν
1003 521 1213 599 ἐκπληττόμενος
1228 519 1316 600 ἐλεγεν
1328 543 1335 557 ·
1348 517 1409 581 Ἵνα
1430 522 1457 579 ἐν
1472 518 1533 598 ἐμοὶ
1546 516 1640 601 πρύτῳ

9 635 52 683 un.
72 647 93 677 ι.
104 617 178 697 quod
191 631 218 676 et
232 617 290 698 ipse
300 617 418 676 clamans
430 615 557 675 dicebat:
576 616 816 673 ldeomisericor-
871 613 1016 686 ἐνδείξηται
1036 613 1150 695 Χριστὸς
1166 613 1215 686 τὴν
1236 613 1342 673 άπασαν
1367 611 1566 695 μακροθυμίαν,
1578 612 1641 692 πρὸς

102 713 183 770 diam
199 722 393 790 consequutus
407 729 482 779 sum,
503 711 736 788 qniepgnorans
758 706 819 784 secl
871 705 1039 765 ὑποτύπωσιν
1061 706 1089 765 δθ
1109 710 1163 765 τῶν
1184 704 1331 784 μελλόντων
1350 703 1484 765 πιστεύειν
1506 706 1551 764 ἐπ’
1573 706 1640 784 αύτῷ

103 807 136 862 in
147 802 354 861 incredulitate
369 813 415 860 :et
433 799 627 879 benignitatem
651 797 703 857 Dei
725 796 819 857 obstu-
872 800 908 865 είς
919 797 987 872 ζωὴν
1000 797 1179 858 αέώνεον·καί
1193 800 1312 878 ἀλλαχοῦ
1325 797 1406 858 πάλιν
1420 795 1640 876 momentu

2 935 24 963 v.
42 917 79 965 τε,
103 918 213 979 pesceus
227 895 353 970 dicebat,
370 897 455 955 Utin
478 916 525 953 me
542 897 637 973 primo
656 892 819 952 ostenderet
872 891 1004 974 ἐνέργειαν
1025 896 1074 965 τῆς
1093 892 1227 971 δυνάμεως
1249 895 1328 952 αὐτοῦ
1352 891 1471 971 μαλιστα
1491 888 1588 958 ἐδειίσν
1607 892 1642 957 είς

105 992 239 1050 Christus
266 1008 381 1048 omnem
406 989 581 1067 patientiam
601 985 644 1044 ad
668 985 818 1065 informa-
871 988 943 1061 ἡμᾶς
957 983 1018 1054 τοθς
1039 984 1221 1054 πιστεύοντας.
1244 975 1322 1054 Εἶδες
1335 988 1392 1052 πῶς
1415 982 1462 1043 καὶ
1481 982 1533 1057 τὴν
1552 984 1640 1062 ριλαν·

104 1086 213 1141 tionem
224 1101 324 1140 eorum
337 1083 389 1160 qui
396 1079 537 1138 credituri
543 1088 612 1137 suut
624 1075 671 1134 illi
678 1078 710 1134 in
720 1078 817 1133 uitem
872 1075 991 1153 θρωπίαν
1012 1075 1092 1146 ἔδειξε
1113 1081 1160 1137 τοῦ
1178 1080 1264 1151 Θεοῦ,
1283 1075 1330 1136 καί
1342 1074 1392 1148 τὴν
1410 1074 1541 1153 δύναμιν,
1555 1074 1600 1134 καί
1612 1074 1642 1134 τθ

1 1211 37 1242 es.
55 1213 75 1248 1,
102 1187 254 1234 etonem.
266 1170 375 1231 Etalibi
387 1166 817 1246 rursnsdiccbat,0perationem
871 1171 919 1238 τῆς
938 1171 1031 1228 ἑαυτοῦ
1053 1168 1161 1250 γνώμης
1182 1169 1327 1230 ἀδέκαστον
1349 1172 1364 1228 θ
1383 1166 1510 1250 πρότερος
1533 1165 1641 1226 Παύλου

101 1260 222 1326 virtutis
235 1285 295 1323 suoe
308 1265 438 1321 manime
450 1262 576 1321 ostendit
585 1264 618 1319 in
632 1261 817 1337 nosquicre·
860 1257 940 1337 ,βέσςς
962 1262 1050 1321 Τοῦτο
1078 1267 1140 1341 γοῦν
1167 1261 1301 1329 Γαλάταις
1321 1257 1428 1341 γράφων
1451 1261 1487 1326 εἰς
1511 1257 1641 1327 ἀπόδειξιν

101 1355 302 1419 dimus.Vides
312 1368 375 1414 ittet
387 1353 580 1433 benignitatem
587 1350 639 1410 Dei
652 1349 816 1410 etvirtntem
869 1351 1020 1435 παρήγαγε,
1031 1358 1076 1414 τοῦ
1090 1353 1128 1433 μὴ
1143 1355 1177 1413 δι’
1188 1352 1341 1434 ἀνθρώπους
1354 1351 1563 1432 μεταῦαλίσθαι,
1574 1349 1640 1410 ἀλλά

100 1451 175 1532 prior
188 1450 244 1512 vita
258 1447 339 1509 Pauli
352 1444 505 1521 ostenderit,
514 1458 540 1504 et
559 1464 643 1524 quam
661 1443 817 1524 incorrupta
871 1443 928 1524 θείᾳ
942 1450 1130 1527 μετενενῆχθαι
1141 1445 1259 1524 δυνάμει.
1270 1447 1306 1506 El
1318 1444 1369 1527 γάρ
1380 1441 1541 1524 ἀνθρώποις,
1553 1441 1640 1523 φησίν,

101 1543 256 1619 sinceraque
280 1553 369 1601 mente
392 1538 521 1621 preditus
543 1537 601 1618 ipse
624 1535 723 1596 luerit?
745 1536 816 1596 Sane
871 1535 997 1614 ἤρεσκον,
1019 1538 1137 1618 Χριστοῦ
1158 1539 1247 1604 δοῦλος
1263 1540 1311 1597 οῦκ
1331 1536 1362 1596 ἀν
1382 1535 1465 1615 ἤμην.
1486 1534 1543 1596 Καὶ
1564 1533 1639 1594 πόθεν

101 1632 211 1713 quidem
236 1631 272 1692 ad
295 1631 408 1693 Galatas
426 1629 545 1690 scribens
566 1628 618 1689 boc
641 1625 766 1708 protulit,
785 1641 816 1687 nt
832 1642 852 1690 c
871 1627 950 1699 δῆλον
967 1626 1009 1687 ότι
1023 1631 1071 1689 οῦκ
1094 1627 1241 1709 ἀνθρώποις
1261 1627 1399 1708 ἀρέσκων,
1418 1626 1484 1707 πρὸς
1504 1624 1537 1686 τδ
1559 1624 1641 1706 κήρυ-

99 1746 129 1786 εο
155 1725 297 1798 bominum
322 1745 402 1784 carisa
431 1721 542 1783 minime
562 1720 644 1781 luisse
666 1732 815 1796 mutatum,
872 1718 1259 1799 γμαμετέστηςςἮκούσατε,
1273 1718 1415 1801 φησλ,πλν
1428 1717 1498 1798 ἐμὴν
1514 1721 1642 1796 erumpe

100 1815 148 1878 sed
174 1815 269 1878 divina
290 1815 391 1877 virtute
419 1814 502 1873 luisse
521 1803 681 1873 coirversum
712 1811 815 1892 proba·
872 1812 924 1893 ρήν
947 1835 1012 1873 ποτε
1035 1816 1062 1873 έν
1092 1815 1131 1894 τῷ
1160 1813 1322 1894 ἰουδαῖσμῷ,
1344 1811 1386 1871 ότι
1409 1814 1469 1871 καθ’
1492 1808 1640 1892 θπερόυλὴν

22 1944 39 1974 ι,
54 1922 150 1976 ,πτολ
173 1909 205 1969 Si
223 1913 302 1967 enim
331 1909 506 1977 hominibus,
532 1904 631 1983 iuquit,
659 1904 816 1984 placerem,
871 1903 979 1965 ἐδίωκον
992 1904 1040 1977 τὴν
1055 1903 1217 1978 Ἐκκλησίαν
1229 1909 1274 1964 τοῦ
1286 1907 1372 1978 Θεοῦ,
1391 1902 1437 1963 καλ
1455 1900 1581 1985 ἐπόρθουν
1594 1902 1640 1961 σθ-

101 2002 213 2060 Christi
224 2019 323 2060 servus
338 2019 398 2057 non
410 2018 512 2057 essem.
528 1996 609 2058 Unde
630 2017 693 2056 vein
707 1995 736 2054 id
754 2016 816 2055 con·
871 1998 928 2070 τέν.
939 2001 999 2058 Οὐκ
1009 1996 1040 2059 ti
1058 1998 1104 2073 δέ,
1121 2001 1144 2058 εἰ
1158 1995 1305 2078 ἀνθρώποις
1318 1995 1439 2077 ἀρέσκειν
1457 1995 1552 2072 ἤθελε,
1564 1992 1641 2072 μετέ·

100 2103 153 2152 stat
167 2105 192 2155 te
205 2112 269 2167 nou,
280 2104 311 2149 nt
323 2088 481 2148 bominibus
495 2089 624 2169 placeres,
635 2087 670 2146 ad
680 2086 814 2168 praedica-
871 2093 929 2149 θετο
942 2090 1007 2171 πρὸς
1021 2090 1070 2163 τὴν
1085 2090 1185 2150 πίστιν.
1198 2088 1251 2148 Διά
1271 2087 1316 2161 τί,
1337 2087 1469 2166 'Eripite
1485 2085 1561 2169 παρθ
1574 2084 1640 2147 'lm-

14 2210 72 2258 „q
99 2182 199 2243 tiortem
223 2182 305 2242 luisse
332 2180 510 2241 conversum?
539 2180 687 2251 Audistis,
717 2179 815 2258 inquit,
871 2179 967 2253 δαίοις,
990 2182 1036 2241 καί
1055 2181 1144 2248 ἀδείας
1166 2181 1289 2253 ἀπόλαυε
1307 2181 1420 2253 πολλῆς,
1441 2178 1488 2239 καί
1502 2178 1641 2260 προεδρίας

99 2278 350 2335 conversationem
371 2294 468 2333 rnearn
493 2273 699 2351 aliquandoin
708 2274 816 2331 ludai-
869 2271 991 2344 ἠξιοῦτο·
1006 2277 1053 2334 οθκ
1071 2272 1102 2332 δν
1117 2264 1161 2333 οθν
1181 2273 1246 2353 πρὸς
1267 2271 1428 2332 ἐπικίνδυνον
1451 2271 1565 2351 μετέστη
1585 2270 1639 2351 βίον

98 2389 171 2440 amo,
195 2372 334 2448 qnoniam
363 2386 454 2446 suqrrn
482 2366 600 2424 modurn
620 2366 817 2446 persequebar
868 2366 913 2426 τδν
936 2369 989 2425 τῶν
1010 2366 1180 2438 ἀποστόλων,
1203 2367 1249 2426 τὸν
1271 2363 1421 2447 δυσφημίας
1443 2365 1575 2444 γέμοντα,
1596 2365 1640 2426 τθν

100 2461 266 2520 Ecclesium
274 2462 341 2538 Dei,
348 2471 375 2518 et
391 2461 598 2541 expugnabam
612 2479 688 2518 eam.
697 2456 779 2530 Quod
791 2458 815 2517 si
869 2461 1011 2539 συμφορῶν
1029 2456 1268 2536 ἐμπεπλησμένον·
1282 2456 1352 2517 ὥστε
1366 2456 1447 2529 αὐτὴν
1458 2458 1472 2487 *
1487 2457 1549 2533 (sic)
1559 2456 1640 2540 ἐθρόρ

98 2553 256 2614 bominibus
280 2552 387 2635 placere
412 2553 560 2630 voluisset,
589 2572 758 2631 naquaquam
780 2551 816 2611 ad
870 2550 1004 2629 μεταύολῇ
1017 2549 1062 2610 καί
1073 2549 1245 2628 μεταστάσει,
1260 2548 1306 2610 καὶ
1320 2549 1350 2609 τδ
1363 2551 1519 2609 καταλιπεῖν
1531 2547 1581 2628 μέν
1592 2547 1640 2620 τὴν

97 2646 183 2706 fidem
202 2667 345 2706 conversus
358 2633 461 2707 linisset.
476 2645 551 2719 Quid
574 2645 630 2705 ita?
643 2645 850 2705 Colelnturan
867 2641 942 2722 παρθ
955 2641 1091 2710 Ἰουδαίοις
1101 2641 1182 2720 τιμὴν
1197 2640 1243 2701 καὶ
1253 2642 1297 2702 τδν
1312 2640 1445 2713 ἀπόλεμον
1459 2640 1531 2721 βίον,
1545 2642 1640 2701 ἀνταλ-

98 2738 211 2815 έυθωίε,
225 2739 350 2799 σιτωνίαν
372 2738 515 2798 securitate
536 2737 686 2815 bachatur,
711 2758 744 2796 ac
758 2759 815 2819 prae
866 2734 997 2803 λέξασθαι
1012 2733 1040 2794 δὲ
1054 2734 1103 2807 τὴν
1115 2739 1167 2794 τῶν
1188 2733 1342 2794 ἀποστόλων
1360 2733 1446 2807 ζωὴν,
1461 2733 1512 2807 τὴν
1534 2733 1640 2815 μυρίαις

98 2831 203 2891 ceteris
226 2832 327 2890 bonore
341 2829 511 2889 afficiebatur
525 2849 595 2888 :non
610 2827 696 2908 igitur
706 2828 741 2889 ad
750 2851 815 2911 apo-
868 2826 981 2907 ἔχωσαν
1005 2827 1145 2902 θανάτους,
1175 2826 1286 2906 μεγίστη
1311 2827 1415 2907 γέγονεν
1439 2827 1572 2897 ἀπόδειξις
1597 2833 1642 2887 τοῦ

97 2925 227 2985 stolorum
239 2923 321 2983 sium
332 2921 508 3002 totobjeetarn
519 2921 645 3002 periculis
658 2941 686 2981 se
696 2935 815 2982 transtu·
869 2919 907 2997 μὴ
927 2921 962 2978 δι’
985 2919 1153 2999 ἀνθρωπίνην
1167 2918 1226 2978 τινὰ
1249 2920 1381 3000 πρόφασιν
1404 2923 1582 2998 μετατεθῆναι
1596 2919 1640 2980 τθν

96 3016 180 3090 lissei,
194 3035 254 3094 quoe
267 3013 353 3073 molta
363 3012 504 3073 laborabat
517 3012 704 3093 inimicoque
715 3023 755 3074 tot
770 3034 814 3075 ca·
867 3013 985 3073 Παῦλον.
999 3012 1053 3073 Διά
1065 3018 1142 3073 τοῦτο
1160 3010 1205 3072 καὶ
1222 3017 1299 3087 ἡμεῖς
1316 3012 1495 3089 ἐύουλήθημεν
1513 3013 1558 3072 τθν
1575 3013 1639 3095 πρό·

96 3106 264 3167 lamitatibus
289 3103 459 3165 redundabat
482 3127 490 3161 τ
514 3104 604 3182 itaque
637 3103 709 3184 quod
735 3105 815 3166 illum
867 3127 942 3188 τερον
956 3104 1035 3165 αὐτοῦ
1050 3104 1106 3184 βίον
1129 3109 1166 3173 εἰς
1190 3104 1269 3184 μέσον
1293 3108 1421 3183 ἀγαγεῖν,
1434 3104 1480 3163 καλ
1496 3104 1579 3174 δεῖξαι
1595 3106 1639 3166 τθν

95 3199 237 3278 horrorem,
256 3218 311 3275 quo
335 3195 408 3278 apud
421 3194 530 3258 ludens
546 3195 697 3275 timebatur,
713 3219 812 3279 tepen-
867 3197 1057 3276 πεπυρωμένον
1077 3199 1156 3269 ζῆλον
1177 3198 1223 3256 τὸν
1239 3197 1309 3257 κατά
1327 3200 1376 3268 τῆς
1394 3196 1573 3271 Ἐκκλησίας,
1596 3197 1638 3272 ἵν’,

96 3292 152 3351 tina
166 3289 351 3374 mutationem
365 3288 680 3367 cerritanensium
694 3290 813 3369 quietam
867 3290 930 3349 ὅταν
943 3289 1000 3370 up<
1012 3289 1062 3361 τλν
1080 3289 1180 3363 πολλὴν
1193 3288 1343 3370 προθυμίαν
1359 3289 1408 3361 τὴν
1427 3288 1495 3370 ὑπὲρ
1514 3293 1562 3362 τῆς
1574 3290 1638 3350 Ἐκ-

97 3382 256 3462 desoruerit,
267 3396 294 3442 et
317 3401 379 3441 cnm
393 3380 576 3462 apostolorum
587 3379 645 3441 vita
663 3396 812 3442 commuta-
867 3380 995 3458 κλητέας,
1011 3384 1151 3462 θαυμάσῃς
1169 3383 1214 3443 τδν
1230 3387 1355 3442 ποιοῦντα
1377 3382 1465 3441 πάντα
1489 3381 1536 3441 καί
1558 3407 1637 3461 μετα-

95 3477 178 3556 νοτίτ,
192 3475 340 3536 innumeris
352 3474 456 3555 objecta
470 3471 568 3533 mortis,
590 3472 740 3554 genenbus,
754 3497 814 3535 ma·
867 3473 1028 3542 σκευάζοντα
1041 3475 1121 3535 Θεόν.
1137 3474 1188 3534 Διί
1202 3477 1279 3535 τοῦτο
1293 3472 1339 3534 καί
1356 3479 1370 3534 δ
1385 3474 1506 3551 μαθητὴς
1529 3478 1543 3533 θ
1563 3476 1638 3534 Πού-

95 3568 202 3628 ximunt
214 3566 284 3627 illud
296 3577 485 3646 argumentum
494 3561 547 3622 suit
555 3561 655 3650 πολιοί)
666 3562 813 3625 humanam
867 3566 914 3623 λου
937 3565 971 3625 τά
994 3566 1113 3650 πρότερα
1140 3571 1203 3646 ἡμῖν
1233 3569 1291 3645 μετ’
1323 3565 1458 3646 ἀκριόείας
1480 3567 1638 3646 διηγίσατο,

96 3660 242 3740 ηιιωιιιθθιιι
256 3659 421 3722 occasionem
437 3655 555 3739 Paulum
566 3677 624 3718 esse
641 3677 811 3720 conversum.
867 3656 914 3718 nul
935 3660 1036 3729 πολλῆς
1057 3657 1211 3739 ἐμφάσεως,
1225 3657 1307 3726 οθτως
1321 3656 1401 3718 εἰπών
1416 3680 1423 3695 ·
1437 3660 1540 3726 Σαῦλος
1554 3657 1583 3719 δὲ
1600 3658 1638 3718 ἔτι

96 3752 241 3833 Propterea
253 3771 303 3811 nos
315 3749 396 3810 etiam
410 3749 528 3830 priorem
541 3748 600 3830 ejus
617 3748 741 3811 vitantia
755 3772 813 3812 me·
829 3760 849 3809 Ε
868 3748 990 3828 ἀμπνέων
1010 3751 1121 3822 ἀπειλῆς
1142 3748 1188 3809 καὶ
1207 3748 1285 3831 φόνον
1309 3752 1346 3817 εές
1363 3749 1423 3817 τοὺς
1449 3748 1573 3828 μαθητὰς
1594 3756 1640 3811 τοῦ

94 3842 175 3903 dium
189 3843 284 3902 afferre
296 3842 443 3916 voluimus,
459 3853 486 3900 et
498 3839 637 3901 mentem
650 3841 740 3903 τιίυια
753 3845 813 3927 ejus
867 3842 975 3922 Κυρίου.
992 3840 1161 3920 Ἐόουλόμην
1176 3840 1225 3920 μὲν
1240 3832 1285 3901 σύν
1300 3839 1347 3901 καί
1361 3838 1437 3909 αὐτὸς
1449 3840 1581 3922 άρίασθαι
1593 3848 1640 3902 τοῦ

95 3933 244 4010 ostendere,
269 3952 323 4012 quo
345 3931 496 3991 Eoclesiam
511 3933 695 4022 oppugnabat,
705 3948 735 3995 ut
748 3957 812 3998 cunr
865 3934 1006 4015 προοιμίου
1028 3933 1158 4015 σάμερον,
1172 3931 1320 4011 ἐόουλόμην
1337 3933 1462 4011 resono
1476 3936 1514 4002 τίς
1526 3933 1578 4006 vlo
1592 3936 1638 4015 ἐρ·

95 4025 154 4104 ejus
183 4044 233 4105 pro
257 4022 385 4083 Ecclesia
406 4019 560 4081 defensione
589 4025 811 4103 pmmtitndinetn
866 4027 919 4108 χὴν
940 4033 986 4088 τοῦ
1005 4028 1182 4107 διηγήματος,
1202 4029 1260 4086 ἀλλ’
1283 4030 1337 4107 δρῶ
1357 4026 1473 4106 πέλαγος
1496 4027 1640 4107 νοημάτων

95 4115 178 4176 animi
192 4114 306 4192 videris,
321 4117 410 4175 Deum
427 4111 530 4189 laudes,
544 4112 591 4192 qui
606 4113 670 4175 lacit
680 4118 771 4179 omnia
785 4134 811 4181 et
866 4118 920 4180 ἀπὸ
932 4124 979 4179 τοῦ
992 4118 1119 4197 ὀνόματος
1141 4119 1229 4199 μόνον.
1245 4118 1387 4193 Ἐννόησον
1405 4118 1457 4201 γθρ
1468 4118 1529 4180 θσον
1543 4121 1639 4188 εὐθέως

95 4211 277 4271 transformat.
290 4209 434 4290 Propterea
449 4205 528 4265 Pauli
543 4205 811 4292 qumquediscipnlus
866 4214 930 4290 ἡμῖν
945 4217 1012 4271 κινεῖ
1026 4208 1149 4289 ζήτημα,
1162 4211 1208 4286 τὸ,
1223 4211 1339 4283 Σαῦλος,
1361 4217 1458 4272 τοῦτο·
1472 4213 1501 4271 ἐν
1513 4210 1568 4292 γὰρ
1581 4220 1641 4280 ταῖς

95 4304 239 4386 diligenter
248 4303 327 4365 nobis
335 4325 367 4363 ac
378 4301 518 4384 perspicue
526 4301 618 4383 priora
631 4304 762 4380 narrarit,
773 4305 812 4367 ita
865 4305 1017 4371 ἐπιστολαῖς
1025 4303 1112 4384 ἐτερον
1124 4303 1207 4384 ὄνομα
1218 4308 1272 4386 δρῶ
1282 4303 1418 4382 κείμενον·
1431 4306 1538 4373 Παῦλος
1547 4307 1641 4372 δοῦλος

27 4435 33 4447 ·
47 4416 67 4447 ¹·
94 4396 188 4458 dicens
204 4397 330 4458 :Saulus
343 4408 441 4454 eutem
456 4394 555 4453 oclbnc
567 4399 683 4475 spiram
703 4400 813 4476 mines,
864 4395 954 4469 Ἰησοῦ
966 4397 1101 4477 Χριστοῦ,
1116 4396 1212 4470 κλητδς
1222 4395 1385 4465 ἀπόστολος·
1397 4397 1505 4464 Παῦλος
1517 4395 1565 4456 καί
1579 4398 1640 4458 xe

94 4501 124 4548 et
143 4489 251 4547 cedem
271 4489 304 4544 in
325 4483 485 4564 discipulos
499 4482 631 4559 Domini.
653 4488 695 4545 Ac
712 4488 810 4549 vellem
866 4488 1094 4562 σθένης·Πσῦλος
1108 4489 1203 4561 κλητὸς
1218 4488 1382 4557 ἀπόστολος·
1396 4487 1448 4550 Ἷδί
1463 4487 1517 4569 ἐγὼ
1531 4491 1641 4559 Παῦλος

95 4580 220 4661 equidem
242 4599 293 4658 ego
316 4595 422 4657 quoque
448 4573 578 4637 hodierno
592 4575 637 4637 die
650 4579 813 4658 prooemium
865 4582 937 4662 λέγω
950 4581 1138 4661 θμῖν·νυνθδθ
1153 4585 1189 4650 ιθς
1202 4581 1382 4656 Παῦλος,καλ
1400 4585 1539 4663 πανταχοῦ
1562 4584 1641 4642 Παῦ-

94 4675 229 4748 inchoare,
239 4671 336 4733 vellem
345 4670 382 4729 ad
396 4668 504 4729 initium
515 4669 676 4729 narrationis
686 4672 809 4752 aggredi,
865 4675 909 4743 λος
932 4675 1067 4748 καλεῖται,
1089 4675 1148 4735 ἀλλ’
1168 4673 1227 4754 sep
1246 4675 1348 4741 Σαῦλος
1367 4671 1483 4754 λέγεται.
1498 4673 1580 4744 Τίνος
1594 4665 1641 4735 σύν

94 4765 141 4826 sed
153 4764 234 4827 rideo
243 4763 354 4845 pelagus
367 4759 503 4840 quoddam
512 4761 704 4822 sententiarum
718 4784 754 4825 ex
761 4785 808 4826 so-
818 4766 950 4861 107ένεκεν
964 4765 1017 4850 πρὸ
1029 4766 1123 4826 τούτου
1138 4765 1186 4845 μέν
1202 4767 1320 4840 Σαῦλος,
1333 4765 1402 4845 μετδι
1418 4765 1446 4826 δθ
1461 4770 1546 4825 ταῦτα
1561 4767 1640 4827 Παῦ-

95 4859 122 4918 Ιο
148 4856 255 4917 nomine
265 4876 294 4914 se
306 4853 384 4913 nobis
406 4851 560 4912 obtrudere.
584 4853 678 4934 Cogita
693 4876 810 4937 namque
826 4877 844 4923 Α
863 4864 908 4930 λος
922 4860 1039 4935 ἐκλήθη;
1053 4863 1113 4920 Οὐκ
1125 4858 1266 4940 ίστιψιλδν
1279 4860 1309 4919 τὸ
1323 4859 1450 4938 ζήτημα·
1462 4857 1569 4939 καὶγάρ
1583 4859 1636 4920 nt-

95 4943 808 5028 quantamevmtigionobisilludSaulus,quaestio-
863 4978 922 5037 προς
930 4951 1188 5034 αὐθέωςέπιςρέρει·
1202 4951 1248 5011 καί
1260 4951 1311 5032 γάρ
1325 4954 1446 5018 κάκεῖνος
1464 4951 1518 5031 πρδ
1539 4952 1638 5013 τούτω

95 5060 157 5100 nem
167 5037 430 5117 moveattsiquidem
439 5035 515 5098 aliud
525 5037 553 5097 in
563 5038 682 5120 epistolis
688 5040 806 5122 positum
863 5045 911 5125 μίν
933 5044 1027 5126 Σίμων
1049 5043 1166 5125 ἐλέγετο,
1185 5042 1254 5122 μετὰ
1274 5042 1302 5105 δέ
1315 5047 1401 5103 ταῦτα
1415 5042 1557 5122 ὠνομάσθη
1580 5046 1637 5119 Κη-

129 5203 140 5228 ’
159 5196 228 5264 [vid.
241 5193 325 5250 satuit
338 5208 425 5248 nomm
437 5195 470 5250 ad
481 5196 576 5252 calcem
588 5196 660 5267 hrum
671 5198 841 5270 voluminis.)
