3810 6000
322 435 393 531 ⁸9⁰
727 447 886 498 nourruu
910 448 946 496 tn
972 445 1165 497 nnrsronau
1192 444 1458 496 incusamusa.

321 596 380 642 tum
391 576 519 659 usurpari
528 572 640 656 coepisse
649 583 792 654 postquam
808 572 930 654 Cyrillus
943 570 1143 633 Alexandrinus
1153 568 1283 631 adversus
1291 569 1448 630 Nestorium
1456 569 1572 652 scripsit
1584 592 1592 627 τ
1609 570 1661 629 Ex
1672 565 1785 630 duabus
1796 582 1865 632 mn·

322 678 363 733 ris
375 668 563 752 ineffabilem
577 668 738 724 unitionem
749 664 934 746 essefactam
949 662 1145 723 :dividendas
1168 683 1228 722 non
1248 684 1309 723 esse
1327 667 1511 724 substantias
1520 675 1591 743 post
1603 666 1785 729 unitioneme
1797 685 1865 724 nnn

322 777 386 842 post
399 765 558 821 unitionem
573 778 634 816 esse
645 760 703 816 Dei
718 759 803 815 Verbi
817 770 957 816 naturam
967 759 1166 827 incarnatam,
1183 769 1209 814 et
1220 768 1362 837 postquam
1374 756 1445 814 circa
1460 755 1520 814 haec
1531 755 1622 814 verba
1636 752 1814 831 digladiantes
1822 758 1864 836 plu·

323 857 386 915 rimi
401 877 431 913 eo
444 853 620 927 devenerunt,
632 863 662 907 ut
671 848 791 909 dicerent
805 849 893 930 ipsam
902 848 1029 909 deitatem
1040 868 1147 929 passam
1158 846 1241 906 fnisse
1246 871 1255 922 3
1272 868 1325 926 qua
1337 861 1414 906 atate
1426 847 1510 906 edita
1520 848 1602 906 suere
1609 845 1811 905 dissertationes
1820 847 1866 923 illa,

299 950 308 961 ’
323 968 383 1026 quae
399 943 653 1005 Athanasiinomine
663 942 983 1001 circumieruntanomo
992 938 1109 1000 socttndo
1119 940 1223 1019 p.560,
1233 940 1285 999 561
1299 952 1325 998 et
1332 960 1418 1017 seqq,
1426 939 1454 997 in
1466 937 1683 1018 quihuseoedcm
1690 938 1865 997 sermeresraa

323 1039 453 1118 gitantur,
461 1034 554 1114 quaein
563 1034 614 1092 hac
620 1033 733 1114 epistola
744 1033 845 1112 passim
855 1033 987 1091 feruntur.
998 1033 1105 1111 Pugnat
1113 1052 1222 1110 quoque
1232 1031 1275 1092 vir
1285 1029 1418 1106 cauditus,
1428 1030 1502 1090 hanc
1512 1029 1667 1111 epistolam
1678 1050 1733 1088 non
1743 1028 1867 1109 modopost

324 1127 510 1211 Chrysostomi
522 1125 638 1199 obitum,
657 1124 704 1183 sod
718 1125 798 1183 etiam
814 1138 872 1206 post
885 1124 1047 1185 Nestorianae
1055 1123 1167 1185 haeresis
1178 1136 1303 1183 exortum
1314 1121 1442 1203 scriptam
1456 1121 1544 1180 luisse
1558 1145 1565 1178 ε
1578 1146 1594 1177 e
1606 1123 1679 1179 Nam
1688 1134 1776 1199 antea,
1787 1120 1864 1197 inquit,

323 1222 448 1281 auditum
463 1240 516 1279 non
531 1232 587 1277 erat
599 1218 739 1276 Christum
753 1238 806 1276 non
820 1216 905 1277 modo
917 1239 954 1276 ex
978 1218 1093 1276 duabus
1114 1219 1240 1288 naturis,
1267 1211 1313 1273 sed
1331 1215 1411 1272 etiam
1429 1215 1602 1273 indicabas
1624 1216 1797 1281 exsistere»,
1810 1209 1865 1289 quod

323 1313 444 1394 primum
457 1310 578 1396 Cyrillus
592 1308 701 1384 docuit;
723 1307 874 1388 deindeque
889 1307 1018 1389 Synodus
1035 1307 1262 1368 Chalcedonensis
1272 1320 1364 1365 contra
1388 1305 1548 1387 Eutychem
1560 1303 1710 1379 definiri13
1726 1325 1783 1383 qua
1804 1304 1865 1362 uun

324 1403 452 1486 Synodus
466 1425 500 1462 ex
511 1403 617 1483 Cyrillo
630 1401 738 1483 adjecit,
751 1403 899 1462 Christum
910 1403 1073 1482 perfectum
1084 1421 1146 1461 esse
1160 1403 1193 1458 in
1203 1401 1367 1472 divinitate,
1379 1414 1406 1458 et
1415 1398 1586 1480 perfectum
1599 1405 1631 1457 in
1643 1397 1822 1456 humanitate
1826 1396 1866 1466 ‚in

323 1496 510 1577 epistolarem
525 1492 827 1573 adCaesariumlegitur
839 1494 1087 1570 :Agnoscendum
1108 1512 1170 1552 esse
1185 1492 1298 1550 Filium
1313 1511 1372 1549 non
1389 1495 1421 1548 in
1442 1511 1505 1549 nna
1531 1490 1635 1550 solnm
1651 1502 1771 1561 natura,
1793 1491 1865 1575 {elia

325 1590 440 1648 duabus
449 1588 596 1668 perfectis.
611 1584 767 1645 Notandum
779 1599 869 1645 tamen
880 1600 920 1645 est
932 1585 1110 1645 Athanasium
1135 1584 1219 1644 Libro
1230 1583 1320 1665 primo
1342 1596 1433 1643 contra
1458 1582 1676 1663 Apollinarium
1697 1581 1865 1642 dixisseshri

324 1692 396 1737 stum
410 1699 466 1738 esse
483 1678 632 1758 perfectum
655 1678 744 1736 Deum
758 1691 785 1735 et
798 1678 950 1758 perlectum
968 1677 1114 1736 hominem.
1129 1679 1234 1752 Verum
1256 1676 1319 1736 licet
1337 1675 1380 1735 har
1398 1696 1489 1747 voees,
1506 1675 1621 1749 ἕνωσις,
1640 1673 1865 1747 unitio,etdu2ia

324 1771 432 1829 Christo
441 1783 543 1828 naturae
557 1769 693 1848 perlecta,
706 1789 759 1827 non
772 1769 871 1847 ignota
886 1790 997 1849 prorsus
1010 1768 1112 1829 inerim
1125 1783 1186 1828 ante
1200 1765 1385 1850 chrysostomi
1395 1788 1497 1839 avum,
1507 1781 1620 1826 certum
1635 1781 1730 1826 tamen
1739 1781 1865 1827 estensem

324 1860 406 1920 luisse
420 1861 457 1919 ita
467 1859 601 1938 frequenti
615 1881 667 1918 usn
681 1875 812 1941 receptas,
828 1873 858 1919 ut
878 1861 987 1920 fuerunt
1009 1861 1176 1942 temporibus
1189 1859 1306 1921 Nestorii
1319 1874 1346 1921 et
1356 1859 1510 1941 Eutychis;
1527 1872 1616 1938 atque
1629 1857 1704 1918 adeo
1717 1859 1801 1919 vidui
1811 1861 1865 1919 hunt

323 1955 490 2035 scriptorem,
504 1953 551 2031 qui
565 1952 621 2012 illis
631 1952 734 2033 passim
749 1953 847 2030 utitur,
860 1953 888 2012 in
901 1952 975 2013 istud
986 1974 1077 2013 aevum
1090 1950 1280 2013 conferendum
1294 1973 1357 2013 esse.
1370 1954 1464 2012 Movet
1474 1951 1546 2010 item
1560 1972 1621 2010 rer.
1638 1965 1747 2032 patrem
1760 1950 1864 2029 Lequim,

325 2061 356 2105 ut
369 2046 512 2127 epistolam
523 2045 717 2125 Chrysostomo
727 2044 873 2125 abjudicat,
885 2045 961 2123 quod
976 2045 1041 2106 inea
1054 2043 1163 2106 dicatur
1172 2067 1179 2101 z
1189 2045 1220 2105 Si
1231 2047 1309 2103 enim
1316 2046 1413 2103 Deum
1423 2045 1541 2103 dixeris
1551 2044 1722 2124 pertulisse
1728 2043 1864 2123 qualern-

325 2160 380 2221 que
394 2142 581 2218 cogitatione,
598 2139 679 2216 quod
688 2138 869 2217 impossibile
880 2151 923 2197 est
937 2139 1040 2196 dixisti
1054 2161 1064 2194 .·
1077 2138 1110 2196 id
1118 2136 1198 2219 quod
1208 2136 1409 2217 blasphemum
1420 2148 1463 2195 est
1475 2148 1506 2194 et
1522 2139 1689 2205 immam
1705 2156 1766 2194 nam
1775 2135 1817 2194 etsi
1826 2135 1864 2194 hat

323 2230 451 2310 loquendi
464 2252 550 2310 genus
558 2229 651 2310 aliquo
664 2229 744 2290 modo
765 2230 971 2291 tolerabilecssc
981 2228 1129 2302 videretur,
1140 2250 1194 2308 quo
1207 2244 1327 2310 tempore
1341 2249 1383 2288 res
1405 2227 1533 2287 nondum
1558 2226 1682 2286 definita
1704 2241 1771 2304 erat,
1791 2226 1862 2286 mus

324 2322 543 2383 existimantibus
557 2321 677 2403 idipsum
689 2342 746 2382 esse
765 2321 854 2381 dicere
875 2325 1091 2406 Deumpassum,
1112 2341 1144 2379 ac
1160 2341 1265 2401 passam
1285 2318 1412 2379 deitatem
1428 2343 1435 2376 ι
1454 2331 1581 2378 attamen
1605 2319 1654 2378 his
1681 2317 1788 2379 adversa
1801 2318 1862 2377 tradit

325 2415 535 2496 Chrysostomus
549 2412 676 2495 plurimis
686 2413 713 2473 in
725 2413 801 2474 locis.
815 2414 880 2473 llaec
891 2436 951 2494 quae
963 2414 1030 2477 scite
1041 2413 1182 2475 observata
1195 2425 1268 2485 sunt,
1283 2411 1408 2493 pluribus
1431 2411 1618 2493 prosequitur
1640 2410 1860 2487 laudatusillerir,

325 2522 351 2567 et
360 2507 413 2566 alia
429 2507 515 2567 multa
526 2506 629 2588 adjicit,
640 2528 699 2585 quae
711 2505 822 2585 longum
835 2520 903 2566 esset
917 2526 1061 2566 recensere.
1396 2535 1400 2542 ·

365 2600 437 2660 Aliis
448 2600 512 2658 item
526 2598 681 2658 nominibus
691 2596 749 2657 hac
762 2597 875 2679 epistola
890 2596 1000 2661 omnino
1009 2596 1079 2656 mihi
1091 2596 1183 2678 spuria
1201 2616 1257 2656 esse
1271 2594 1388 2656 ridetur.
1399 2596 1426 2655 Is
1436 2594 1473 2654 ad
1482 2617 1572 2674 quem
1594 2596 1743 2670 scribitur,
1752 2610 1788 2656 est
1795 2595 1858 2654 Casa

324 2691 382 2751 rius
395 2690 554 2765 monachus,
567 2687 724 2770 quijamdiu
737 2710 792 2748 una
804 2708 869 2749 cum
881 2689 1001 2771 epistolae
1011 2689 1141 2771 scriptore
1154 2687 1227 2748 idem
1236 2687 1390 2747 institutum
1409 2687 1473 2747 rita
1487 2701 1635 2767 tenuerat,
1649 2710 1746 2770 nempe
1760 2688 1857 2749 monam

325 2804 386 2842 cum
397 2807 407 2859 3
429 2804 492 2841 nam
502 2780 574 2841 illud
585 2780 739 2861 significant
760 2781 819 2841 haec
831 2781 915 2840 verba
927 2782 1009 2863 paulo
1022 2795 1082 2863 post
1103 2779 1211 2839 initium
1234 2778 1352 2860 epistolar
1366 2803 1373 2835 t
1390 2780 1610 2840 Verumtamen
1626 2803 1684 2843 nas
1705 2784 1853 2845 recordare

327 2888 383 2933 tute
402 2877 555 2933 nobiscum
572 2875 815 2949 conversationis,
828 2878 877 2946 τῆς
891 2879 940 2946 τῆς
953 2879 1010 2953 μεθ’
1032 2879 1109 2955 ἡμῶν
1130 2871 1274 2946 πολιτείας,
1289 2870 1348 2931 haec
1357 2870 1432 2930 haud
1452 2870 1543 2931 dubie
1558 2874 1666 2937 Graem
1686 2890 1768 2947 eraut,
1782 2873 1852 2954 quib

325 2967 493 3046 significatur
504 2965 585 3045 hujus
605 2964 726 3047 epistola
742 2964 901 3047 scriptorem
921 2964 1043 3047 idipsum
1056 2963 1211 3025 institutum
1221 2964 1283 3024 vitae
1302 2963 1428 3039 tenuisse,
1441 2962 1521 3042 quod
1546 2955 1692 3027 Caesarius
1705 2966 1851 3050 profitebatur,

324 3079 420 3137 nempe
431 3057 624 3132 monasticum,
640 3055 666 3114 id
680 3055 715 3114 dc
729 3056 923 3137 Chrysostomo
934 3055 1047 3136 quidem
1058 3055 1115 3117 dici
1135 3071 1236 3138 posset,
1259 3055 1306 3135 qui
1317 3056 1428 3136 juvenis
1441 3057 1515 3117 inter
1535 3060 1696 3122 monachos
1720 3059 1849 3132 reniam,

325 3162 351 3207 et
361 3148 502 3206 asceticam
514 3147 600 3207 vitam
613 3148 709 3227 agebat
724 3172 730 3207 :
744 3148 792 3206 sed
803 3169 837 3206 an
849 3148 996 3209 verisimile
1006 3161 1056 3221 est,
1064 3147 1157 3209 sicum
1167 3149 1286 3209 Caesario
1300 3148 1382 3208 vitam
1394 3149 1581 3209 monasticam
1591 3152 1695 3233 egerit,
1704 3149 1849 3234 quicum!

325 3238 360 3297 ad
375 3237 615 3317 usquesecundum
627 3240 684 3317 ejus
698 3238 826 3297 exsilium
849 3254 982 3321 superstes
1003 3238 1095 3319 fuerit,
1116 3240 1220 3321 ipsique
1238 3239 1328 3299 literas
1347 3241 1465 3300 scrihere
1482 3246 1681 3324 consueverit,
1703 3244 1772 3307 illins
1786 3255 1847 3302 tm

324 3352 457 3409 nusquam
472 3331 634 3390 mentionem
656 3329 811 3391 habendam
828 3332 898 3410 fore,
912 3334 954 3394 vel
964 3332 992 3391 in
1003 3333 1127 3413 epistolis
1146 3333 1189 3392 vel
1203 3334 1231 3392 in
1248 3332 1304 3392 vita
1319 3332 1532 3412 Chrysostomi;
1549 3349 1628 3396 certe
1642 3337 1708 3397 hine
1724 3332 1844 3419 jarunda

324 3445 383 3502 qua
398 3421 519 3504 suspicio
531 3423 659 3482 nascitur.
674 3422 770 3503 Stylns
781 3423 880 3484 anirum
892 3438 1048 3504 quantuma
1062 3426 1248 3508 chrysostomi
1268 3425 1375 3486 dicendi
1390 3447 1487 3506 genere
1505 3429 1638 3510 alienus;
1654 3429 1844 3512 quodnunclad

323 3515 375 3575 lius
387 3514 606 3596 deprehenditur,
618 3536 679 3572 cum
691 3536 725 3573 en
737 3516 840 3574 Graecis
853 3516 933 3596 louge
949 3517 1028 3597 plura
1041 3538 1123 3599 quam
1135 3533 1211 3578 antea
1224 3519 1415 3600 publicantur:
1430 3520 1476 3579 hic
1498 3523 1599 3582 omnia
1617 3523 1844 3604 peregrinandum,

323 3628 370 3666 nec
383 3607 425 3668 vel
437 3607 580 3666 minimum
593 3606 735 3687 quidpiam
744 3608 913 3685 observatur,
925 3610 998 3689 quod
1007 3611 1231 3692 Chrysostomum
1240 3611 1339 3691 sapint3
1363 3612 1401 3671 ita
1424 3626 1454 3670 ut
1469 3613 1573 3691 quiex
1587 3616 1656 3676 aliis
1666 3612 1844 3698 scripiserpi

322 3699 397 3757 stolis
414 3699 600 3780 Chrysostomi
620 3697 654 3756 ad
672 3699 742 3757 hanc
758 3699 900 3779 epistolam
912 3722 940 3760 se
957 3702 1085 3779 conserat,
1098 3702 1125 3761 in
1146 3703 1232 3762 alium
1247 3703 1379 3762 sconhern
1404 3704 1579 3766 translatum
1602 3723 1694 3788 putet.
1717 3709 1775 3781 Quis
1792 3700 1842 3786 apd

323 3789 547 3870 Chrysostomum
560 3789 630 3851 uidit
642 3794 779 3869 τηλαυγῶς
790 3792 967 3875 διαγορεῢσαι,
977 3793 1037 3872 quis
1044 3800 1127 3855 ταῦτα
1139 3803 1325 3877 κατηγορεῖται
1338 3793 1408 3854 vidit
1419 3795 1472 3853 hoc
1486 3801 1660 3874 sensu,laaec
1668 3798 1844 3880 medicantia?

321 3880 377 3938 Ubi
392 3894 447 3938 tam
458 3883 568 3962 jejunus
579 3882 729 3940 oratorfnit
746 3882 964 3962 Chrysostomus,
978 3884 1084 3944 cumde
1100 3885 1172 3945 socio
1180 3886 1246 3944 olim
1271 3899 1297 3945 et
1312 3886 1501 3946 contubernali
1514 3888 1554 3947 ad
1568 3911 1669 3951 sanam
1678 3906 1781 3951 mentem
1791 3885 1844 3947 redt-

321 3969 406 4030 cendo
431 3972 576 4050 ageretur?
591 3973 807 4052 Argumentandi
824 3996 909 4055 genus
934 3976 1119 4058 Chrysostomi
1135 3978 1222 4037 elucet
1241 3977 1269 4036 in
1294 3976 1460 4038 orationihus
1473 3994 1573 4040 contra
1591 3986 1738 4043 Anomoeos
1753 3991 1844 4040 uuum

320 4062 448 4131 Jttdaeos:
466 4085 509 4123 eas
524 4065 615 4125 confer
625 4086 686 4123 cum
698 4066 749 4123 hac
762 4067 892 4146 epistola3
908 4083 934 4128 et
958 4069 1049 4129 statim
1059 4068 1206 4150 conspicies
1218 4083 1349 4150 quantum
1364 4068 1399 4127 sit
1421 4070 1495 4129 inter
1513 4071 1589 4133 hanc
1603 4088 1632 4134 et
1650 4076 1712 4135 illas
1730 4071 1844 4133 ducum

321 4153 371 4213 llis
380 4156 518 4237 perpensis
527 4157 673 4237 epistolam
683 4156 717 4215 ad
734 4159 880 4219 Caesarium
895 4161 1085 4243 Chrysostomi
1095 4184 1151 4223 esse
1161 4183 1309 4242 numquam
1319 4160 1494 4235 crediderim,
1504 4164 1556 4223 sed
1571 4168 1670 4247 potius
1683 4158 1845 4249 cujuspianqti

322 4248 548 4329 Chrysostomurn
557 4249 701 4309 ementitus
709 4249 758 4308 sit.

360 4341 429 4412 Quis
449 4364 512 4401 vcro
537 4341 571 4401 sit
586 4341 640 4415 ille,
653 4342 699 4420 qui
711 4341 779 4418 hanc
798 4341 939 4423 epistolam
962 4345 1155 4427 Chrysostomo
1169 4344 1324 4428 adscripsit,
1337 4346 1471 4406 incertum
1498 4350 1627 4411 omnino.
1646 4353 1715 4433 Ejus
1724 4365 1798 4410 autem
1804 4343 1845 4404 uh·

319 4431 406 4490 tendae
420 4434 525 4491 occasio
540 4454 570 4490 en
583 4434 645 4510 tuit,
663 4447 710 4492 aut
724 4456 754 4493 ea
768 4455 824 4493 esse
838 4435 992 4508 simulatur,
1007 4438 1151 4516 quaeinitio
1167 4438 1286 4518 epistola
1294 4452 1420 4497 narratur
1429 4463 1435 4496 ι
1445 4440 1560 4501 oblatus
1574 4445 1670 4505 iuerat
1681 4435 1844 4518 Caesariotpth

319 4521 409 4582 linarii
421 4525 498 4598 liber,
513 4546 567 4601 quo
579 4525 704 4604 perlecto,
717 4548 802 4605 usque
813 4527 879 4587 adeo
888 4527 1078 4610 ejusdoctrina
1100 4544 1237 4611 permotus
1249 4544 1299 4607 est,
1313 4545 1341 4589 ut
1352 4531 1468 4610 gratiam
1480 4532 1602 4595 haberet
1620 4537 1710 4616 iisqui
1718 4535 1802 4595 librum
1810 4525 1843 4587 iffi

318 4614 480 4687 obtulerant,
498 4630 523 4674 ct
530 4617 632 4674 librum
653 4619 785 4697 optimum
804 4641 859 4680 csse
877 4619 1035 4702 predicaret
1059 4623 1139 4682 etiam
1155 4623 1183 4681 in
1206 4623 1317 4703 epistola
1338 4622 1396 4696 illa,
1412 4626 1557 4703 quemad
1580 4630 1749 4690 ¹loannemse
1765 4622 1842 4683 misisrt

319 4705 459 4767 confinxit.
469 4709 529 4766 Non
537 4706 633 4765 desunt
646 4709 697 4771 viri
704 4708 790 4786 docti,
804 4710 851 4789 qui
863 4724 958 4792 putent
969 4711 1040 4771 hanc
1055 4714 1198 4793 epistolam
1214 4736 1267 4774 non
1278 4729 1370 4775 contra
1391 4717 1615 4798 Apollinaristas
1638 4723 1765 4802 scriptam
1780 4716 1841 4783 suffla

317 4798 364 4854 sed
374 4811 465 4856 contra
475 4798 670 4878 Eutychianos,
684 4821 771 4879 exque
783 4803 935 4883 conjectura
951 4817 1056 4864 tantum
1066 4805 1111 4864 hic
1126 4805 1192 4882 dici,
1202 4806 1307 4867 librum
1316 4807 1414 4886 dequo
1426 4809 1472 4867 hic
1483 4812 1584 4890 agitur
1594 4811 1754 4894 Apollinarii
1766 4808 1839 4867 tuse:

319 4907 381 4946 nam
391 4889 586 4968 Apollinarins,
602 4890 739 4968 inquiunt,
758 4913 907 4971 numquam
918 4894 1031 4956 dixitex
1050 4896 1158 4959 duabus
1173 4900 1277 4961 naturis
1291 4921 1375 4958 unam
1389 4899 1492 4960 iactam
1514 4924 1575 4963 esse
1593 4919 1720 4965 naturam
1736 4914 1786 4983 post
1801 4895 1839 4954 ¹¹15·

318 4978 425 5038 tionem.
443 4985 481 5040 Ac
502 4980 569 5040 nihil
584 4995 653 5040 certe
666 4981 750 5048 ‚drrhii
769 4997 817 5056 cst,
830 4984 875 5044 hic
894 4985 928 5048 de
950 4987 1112 5069 Apollinarii
1131 4990 1202 5050 libro
1216 4995 1260 5072 agi
1274 5004 1300 5052 et
1317 4991 1583 5073 Apollinaristarum
1605 4996 1753 5057 ductrim
1766 4986 1837 5069 impfll

317 5071 386 5130 Nam
396 5086 424 5130 ut
446 5073 536 5133 omnia
560 5074 715 5134 minutatim
737 5097 945 5159 persequamur,
967 5103 1027 5160 quar
1049 5080 1127 5143 initio
1145 5084 1404 5166 epistolaedicttntur
1422 5083 1543 5148 inlibro
1551 5088 1718 5170 Apollinarii
1730 5074 1837 5168 pradind

318 5165 467 5245 συνδρομὴν
479 5166 592 5239 chordis]
605 5167 649 5226 καὶ
661 5167 731 5246 μίξιν
744 5170 883 5232 bernerias
895 5179 1050 5254 γεγενῆσθαι
1058 5174 1179 5250 θεότητός
1189 5200 1218 5237 τε
1229 5177 1275 5238 καὶ
1285 5176 1394 5260 cupatha
1410 5177 1476 5255 μίαν
1489 5203 1522 5238 τε
1533 5182 1657 5243 ἐντεῦθεν
1668 5176 1834 5241 muntia

321 5262 398 5340 φύσιν
409 5279 414 5312 :
427 5259 612 5317 Concursum
623 5261 807 5320 essentialem
815 5273 844 5321 et
864 5269 1034 5326 mixtionem
1046 5268 1179 5329 diuinam
1194 5271 1313 5349 saetam
1333 5289 1395 5355 esse
1408 5270 1585 5332 dieirritatis
1600 5282 1632 5334 et
1644 5275 1746 5341 carru,
1755 5265 1832 5327 dlix

279 3316 316 3357 ¹1³8
