3764 5992
396 422 549 474 enecant
576 427 734 477 rnurnnn
761 431 830 478 son
857 432 1078 485 svunossnr.
1430 422 1501 510 415

144 550 168 607 ἰν
189 546 239 621 τὴν
259 548 377 626 μνήμην,
397 549 489 633 ὥσπερ
507 551 601 633 λύχνον
615 553 740 623 καπνιζό-
791 555 864 617 intus
876 558 1077 641 admiserimus,
1093 577 1152 623 turn
1164 586 1217 625 nou
1231 567 1358 648 amplius,
1374 590 1407 629 ne
1420 572 1501 631 mini·

144 662 186 713 Μ
201 640 235 701 τί
251 642 338 721 πόμα
362 644 470 724 ῥήματα
497 644 636 727 προρίρειν
664 648 738 708 κενοί.
789 670 866 711 mum
878 652 989 731 quidem
1003 660 1125 717 resistere
1137 678 1279 740 possumus
1291 685 1298 719 :
1310 661 1358 723 sed
1371 665 1501 725 memoria

155 732 252 794 ίιιιῑνοι
270 735 455 797 τὸνδιίατυλον
468 737 661 818 ἐπετιίίασιτῇ
682 740 736 819 ὁπῇ·
787 757 878 804 nostra
895 746 1017 827 undique
1035 747 1168 810 exstincta
1183 765 1214 812 ut
1227 752 1338 813 lucerna
1351 755 1498 838 fumigans,

163 824 247 893 οὕτως
266 832 344 906 ἡμεῖς
357 832 490 907 ‘widrat
503 829 547 889 τὸν
561 831 687 909 λογισμόν
700 836 734 912 τῇ
750 843 770 888 1>
785 836 876 898 inania
889 839 974 901 verba
981 840 1047 901 sinit
1060 840 1222 921 os1nostrnm
1233 846 1379 909 effundere.
1394 851 1498 911 Verum

144 916 216 1000 νοία·
227 920 417 1002 ᾶιοορρόξυιμεν
431 929 477 981 τοῦ
489 930 604 1004 πονηροῦ
613 924 734 1002 πνεύμα-
785 929 868 990 mitti
884 931 999 994 lucerna
1016 933 1141 994 foramini
1155 933 1274 1015 digitum
1289 937 1448 1020 imponunt,
1463 941 1501 1003 ita

144 1010 250 1086 ίαν,ίνα
271 1013 309 1092 μὴ
332 1013 414 1093 σὸίσρ
434 1019 509 1093 ἡμων
524 1040 555 1075 το
563 1040 618 1097 ρως
631 1040 680 1088 της
691 1041 733 1076 ευ·
784 1024 1060 1085 nosrationemmenti
1068 1026 1257 1107 praeficiamus,
1265 1030 1384 1111 maligno
1393 1033 1502 1114 spiritui

144 1107 184 1163 ιθι
195 1105 296 1165 τούτων
314 1107 468 1189 ἀμροτίρων
483 1112 536 1168 τιῖιν
550 1111 733 1192 παραδιιγμό-
783 1115 888 1176 aditum
897 1118 1119 1192 intercludamus,
1126 1122 1295 1183 neoratiouis
1302 1138 1398 1186 nostra
1406 1126 1496 1188 lumen

144 1204 146 1243 ;
157 1199 213 1255 τῶν
224 1205 406 1279 στρατιωτῶν,
419 1202 523 1261 καὶτοῦ
534 1203 676 1283 ἄρχοντος,
687 1204 733 1264 καὶ
782 1209 947 1290 exstinguat.
952 1212 1116 1273 Meministis
1125 1214 1208 1295 hujus
1218 1216 1333 1298 exempli
1345 1220 1496 1299 utriusque,

144 1311 151 1345 ι
164 1291 275 1373 λόχνονς
287 1292 340 1354 ud
361 1294 414 1376 γὰρ
427 1300 506 1356 τοῦτο
517 1301 601 1356 ταῦτα
621 1296 732 1375 λίγομιν
782 1302 934 1362 etmilitum
941 1325 974 1363 ae
980 1304 1166 1385 magistratus,
1176 1306 1496 1393 uluoemaeturoprerea

147 1384 327 1466 ραδείγματα,
346 1393 373 1449 ἐν
400 1379 438 1457 οἷς
462 1389 640 1473 στρεφόμεθα,
653 1394 681 1450 ἐν
694 1382 733 1458 οἷς
782 1414 898 1475 namque
907 1395 987 1458 vohis
995 1398 1185 1480 haecexempla
1192 1401 1348 1477 recitamus,
1359 1402 1388 1462 in
1397 1404 1496 1483 quihus

144 1474 170 1535 αλ
182 1481 299 1540 ἐντεῦθεν
316 1482 535 1564 ἀναχωρήσαντες
550 1483 595 1541 καί
608 1482 674 1542 οίιιοι
688 1507 732 1562 γε·
782 1508 932 1563 versamur,
946 1488 1084 1568 inquibus
1097 1512 1201 1569 sumus,
1215 1506 1246 1552 ut
1258 1493 1340 1553 etiam
1354 1516 1418 1555 cum
1433 1497 1497 1557 hinc

144 1568 231 1631 ὀτῶν
252 1577 280 1633 ἐν
302 1575 378 1657 χερσὶ
398 1575 562 1655 πραγμάτων
583 1573 729 1651 ὑπόμνησιν
781 1583 980 1656 recesserimus,
990 1604 1022 1642 ac
1030 1582 1106 1643 domi
1115 1584 1258 1658 fuerimus,
1272 1607 1496 1669 pereasrusquas

160 1666 214 1723 τῶν
234 1668 390 1749 εἰρημένων.
405 1669 484 1747 Μίγοι
498 1665 669 1748 όπλονεύχὴ,
684 1667 730 1728 καί
781 1674 913 1736 habemus
933 1696 989 1757 pra.
1006 1676 1253 1754 manibns,eorum
1275 1700 1336 1756 qun
1347 1678 1495 1742 dictasunt

144 1752 220 1817 ἷλεια.
781 1767 860 1827 nobis
873 1767 1002 1828 memoria
1016 1767 1166 1829 rediretur.
1179 1772 1278 1850 Magna
1300 1785 1340 1832 est
1357 1787 1492 1834 armatura
1543 1792 1645 1849 stagnum

780 1859 876 1937 oratio,
891 1880 1020 1940 magnum
1033 1860 1200 1942 presidium.
1503 1854 1572 1961 “2¹¹3''
1594 1871 1645 1913 pre-

144 1953 235 2037 ιχίλς,
249 1956 306 2020 πῶς
319 1957 343 2013 οἱ
354 1964 424 2035 τρεῖς
439 1957 531 2023 παῖδες
551 1957 729 2037 πεπεδημένοι
819 1956 850 2015 6.
864 1954 989 2015 Audistis
1002 1953 1062 2013 heri
1080 1976 1134 2034 qun
1146 1968 1225 2036 pacto
1240 1969 1294 2017 tres
1313 1958 1392 2038 pueri
1409 1957 1494 2021 vinni
1564 1948 1569 1959 ¹

144 2046 170 2121 λν
193 2052 240 2107 τοῦ
261 2046 342 2130 πυρὸς
368 2048 488 2128 δύναμιν,
507 2050 563 2116 πῶς
578 2051 728 2124 κατεπείιη·
780 2048 913 2129 impetum
928 2047 999 2129 ignis
1011 2048 1194 2129 represserint,
1205 2051 1495 2130 quopactossummam

144 2165 177 2216 ιι,
194 2145 251 2208 πῶς
271 2142 451 2222 περιεγένοντο
469 2145 517 2213 τῆς
534 2145 663 2220 καμίνου,
682 2144 728 2203 καλ
744 2164 764 2212 Ε
780 2140 919 2216 sulcarim,
931 2161 986 2220 quo
998 2155 1076 2222 pacto
1086 2142 1221 2203 iornaoem
1231 2144 1427 2224 superaverint,
1441 2168 1495 2226 quo

144 2233 334 2315 ιςίιιροίτησοιν
357 2240 401 2294 τοῦ
426 2234 570 2315 στοιχείου;
589 2235 728 2296 Ἀκούσατε
779 2246 860 2314 pacto
887 2232 1016 2293 virtutem
1045 2232 1169 2293 elementi
1195 2233 1368 2295 devicerint?
1398 2237 1496 2297 Audite

144 2350 179 2398 ιν,
187 2330 244 2395 πῶς
263 2330 278 2384 ὁ
295 2337 411 2408 γενναῖος
423 2326 469 2386 καὶ
481 2327 563 2408 μίγας
576 2328 670 2389 Ἰσαλιι
681 2332 729 2389 αὖ·
779 2346 875 2385 missus
890 2324 991 2398 hodie,
1010 2347 1066 2405 quo
1080 2340 1161 2407 paeto
1174 2347 1319 2406 generosus
1335 2350 1368 2388 ac
1381 2350 1494 2411 magnus

145 2440 184 2478 ιτο
196 2421 246 2489 τῆς
262 2423 315 2477 τῶν
332 2418 464 2495 σωμάτων
478 2418 580 2499 ρόσεως
595 2423 628 2480 δι’
640 2423 727 2502 εὐχῆς.
778 2416 854 2477 ls'sae
862 2418 948 2498 ipsam
956 2419 1077 2499 eorporis
1087 2430 1214 2478 naturam
1222 2418 1493 2502 orationesnperarit.

144 2508 228 2571 όλνσαν
239 2516 285 2570 τοῦ
295 2511 377 2593 πυρός
389 2510 438 2583 τὴν
450 2511 571 2591 δύναμιν,
587 2504 661 2579 οὗτος
680 2514 727 2586 στί·
778 2509 823 2569 lili
830 2510 960 2570 virtutem
966 2509 1037 2588 ignis
1048 2508 1243 2589 dissolverunt,
1256 2510 1301 2570 hic
1310 2511 1443 2574 hodierno
1450 2514 1495 2575 die

144 2602 204 2671 στος
215 2604 410 2683 πεπηρωμένης
426 2604 503 2664 ἔλυσε
515 2605 550 2664 τὰ
563 2606 657 2685 δεσμοί.
673 2605 726 2666 Καὶ
777 2601 887 2663 vincula
897 2601 981 2662 solvit
989 2601 1119 2662 mutilata
1130 2616 1242 2663 natura.
1254 2603 1380 2665 Audisse
1389 2628 1441 2685 qua
1450 2629 1494 2667 ra·

144 2696 725 2780 ῦτοἐποίει.Ἐδέετο,ρηολν,’1σαὰκπερλτῆς
780 2693 1495 2777 ιὶοιιεὶάογςεσίιλίοραόοί,ἱσιμιίι,1ειιασρτοιιποτε
1507 2720 1563 2766 σοι,
1583 2721 1621 2767 25.

144 2794 185 2861 ὤ,
196 2788 235 2848 ότι
252 2797 344 2869 στεῖρα
361 2781 404 2862 ἧν.
423 2791 517 2850 Ταῦτα
538 2789 653 2873 σήμερον
664 2797 725 2868 ὑμῖν
780 2808 846 2860 stus,
863 2791 1004 2868 quoniam
1022 2787 1131 2847 sterilis
1147 2800 1223 2847 erat.
1238 2787 1303 2847 ΗΜ
1315 2789 1394 2850 vobis
1413 2789 1494 2851 bodie
1504 2794 1542 2828 ²¹·

149 2880 202 2963 χίίς
221 2881 284 2962 περλ
300 2883 377 2963 εὐχῆς
391 2887 406 2941 δ
420 2882 514 2960 λόγος,
539 2883 584 2942 καί
611 2883 725 2965 σήμερον
780 2893 844 2938 sunt
858 2879 927 2940 leeta
941 2903 949 2938 ι
965 2880 1024 2940 heri
1036 2879 1073 2939 de
1084 2879 1205 2940 oratione
1215 2902 1303 2941 sermo
1315 2896 1356 2943 est
1370 2882 1490 2962 habitus,

145 2970 185 3043 ιξις
194 2977 242 3046 τῆς
255 2951 388 3053 δυνάμεως
398 2980 446 3048 τῆς
456 2977 547 3056 εὐχῆς.
560 2975 660 3056 Ὁρᾶτε
668 2980 725 3044 πῶς
778 2985 805 3030 et
823 2972 907 3032 hodie
919 2993 1013 3033 rursus
1029 2972 1222 3033 demonstratio
1235 2973 1346 3035 virtutis
1363 2977 1493 3039 orationis

144 3086 194 3133 ετος
204 3066 358 3145 ὢκονόμησε
370 3067 448 3148 χάρις
461 3067 590 3149 σύμφωνα
599 3076 654 3134 τοῖς
662 3068 724 3149 χθὲς
778 3064 1015 3127 occurritvidetis
1027 3079 1059 3125 ut
1067 3066 1105 3125 ita
1112 3065 1232 3146 Spiritus
1240 3068 1326 3146 gratia
1334 3069 1492 3151 disponente

144 3123 322 3238 λαγνωοοῆναι
334 3157 368 3218 τὰ
379 3136 494 3239 τίμερον
504 3185 512 3234 ;
521 3168 533 3194 ¹
541 3159 663 3235 Ἐδίετο,
673 3184 723 3242 ρη-
733 3134 769 3236 ’,ίθ
778 3156 813 3215 sit
826 3158 937 3233 sactum,
948 3172 979 3219 nt
989 3157 1024 3218 iis
1037 3180 1165 3234 eonsona,
1178 3180 1240 3237 quae
1254 3160 1403 3223 dictasunt
1417 3162 1489 3236 heri,

146 3249 197 3329 περί
214 3248 358 3318 Ῥεόίκκας
380 3255 427 3322 τῆς
439 3252 561 3330 γυναικὸς
575 3254 669 3328 αὐτοῦ,
682 3253 724 3313 ὅτι
777 3245 909 3310 hodierno
923 3249 969 3309 die
980 3250 1154 3331 legerentur?
1167 3254 1311 3333 Rogabat,
1325 3254 1423 3333 inquit,
1435 3280 1489 3338 pro

144 3340 198 3400 ’ν’ίτο
210 3346 315 3422 πρῶτον
329 3342 400 3411 ἄξιον
415 3347 543 3417 ζητῆσαι,
557 3344 625 3414 τίνος
635 3345 722 3406 ἕνεκεν
781 3342 906 3404 Rebecca
928 3364 1103 3422 uxorema,
1128 3347 1269 3424 quoniam
1288 3348 1398 3407 sterilis
1416 3364 1489 3411 erat.

144 3430 186 3492 ίίω
202 3426 236 3507 ἦν
249 3443 401 3514 θαυμαστοῦ
421 3437 467 3495 καί
480 3438 580 3509 πολλῆς
597 3438 721 3518 γίμοντος
777 3439 836 3499 Hoc
849 3437 877 3496 in
891 3436 988 3517 primis
1005 3435 1222 3518 operaepretium
1235 3451 1276 3497 est
1290 3458 1425 3515 querere,
1437 3463 1489 3520 qua

146 3525 184 3585 ιιαλ
201 3528 284 3603 edri,
297 3528 370 3587 καλό
389 3530 466 3613 ἀνήρ.
480 3533 539 3590 Οὐκ
554 3530 649 3611 ἔχομεν
663 3535 722 3592 ἐπι·
775 3531 811 3591 de
831 3552 910 3590 causa
930 3527 1029 3588 sterilis
1045 3542 1121 3589 esset
1142 3528 1319 3591 Admirabilis
1340 3532 1485 3610 eujusdam

144 3620 221 3693 ιζιιῆς
233 3625 287 3681 τῶν
301 3621 418 3696 δικαίων,
439 3622 484 3680 καί
508 3626 601 3691 εἰπεῖν,
616 3624 657 3684 ὅτι
676 3624 720 3706 ἔρ·
775 3624 839 3685 νὶιεε
852 3641 1009 3702 magnaque
1022 3620 1153 3681 castitatis
1166 3621 1244 3702 plena
1261 3643 1325 3683 eum
1343 3623 1402 3704 ipsa
1418 3641 1485 3699 εισι,

144 3712 330 3795 νὴστείρωοις.
350 3714 403 3773 Καὶ
416 3717 463 3774 οὐκ
485 3716 551 3787 αὐτὴ
564 3726 653 3798 στεῖρα
667 3718 719 3796 μό·
775 3731 831 3775 tum
845 3714 891 3776 vir
903 3715 971 3793 ejus.
984 3714 1044 3772 Non
1059 3733 1204 3794 possumus
1213 3735 1323 3794 carpere
1334 3730 1487 3779 sanctorum

144 3800 180 3877 it
192 3804 284 3885 μήτηρ
305 3811 417 3880 αὑτοῦὴ
444 3808 550 3888 Σόρρο,
570 3816 588 3883 ἡ
606 3817 719 3871 τεκοῦσα
773 3810 870 3884 vitam,
883 3829 915 3867 ac
927 3807 1018 3867 dicere
1025 3820 1195 3888 peecatorum
1210 3808 1487 3871 essuetumessesteri·

144 3896 245 3980 ῇμνίτιγρ
258 3899 376 3958 δὲαύτοῦ
398 3901 475 3979 μόνον
492 3912 582 3984 στεῖρα
603 3895 646 3978 ἦν,
660 3904 717 3964 οὐδὲ
772 3902 887 3963 litatem.
904 3901 960 3960 Nec
971 3898 1022 3959 ista
1037 3897 1136 3958 sterilis
1148 3899 1202 3958 suit
1214 3900 1283 3977 sola,
1298 3899 1345 3961 sed
1359 3916 1386 3962 et
1402 3918 1488 3965 mater

144 3986 236 4064 λιιαλὴ
254 3990 359 4070 νύμρη,
378 3998 395 4065 ἡ
421 4000 467 4052 τοῦ
491 3995 590 4055 ’texos
609 3996 675 4075 γυνὴ
700 4002 717 4069 ἡ
773 3992 858 4074 ipsius
868 3992 1113 4070 &mnquaeillum
1124 3991 1337 4073 μορειίίςιιοιμιο
1349 4016 1413 4057 vero
1428 4018 1486 4057 ma·

144 4082 255 4162 λύλετοι
276 4088 329 4143 τῶν
353 4090 461 4166 στειρῶν
475 4086 574 4147 τούτοιν
594 4093 609 4148 ὁ
626 4089 719 4170 χορός,
772 4102 814 4148 ter
826 4088 884 4169 ejus
900 4099 1006 4146 tantum
1017 4086 1117 4146 sterilis
1135 4085 1198 4164 suit,
1209 4106 1386 4164 nequeuxor,
1399 4088 1447 4149 sed
1460 4104 1487 4148 et

144 4196 185 4252 ιιι,
195 4176 293 4244 πάντες
307 4180 333 4238 ἔν
346 4181 426 4259 ἀρετῇ
438 4183 548 4255 ζῶντες,
559 4181 656 4249 πάντες
667 4182 719 4242 ὑπὸ
771 4201 866 4265 nurus,
882 4180 978 4242 Jacobi
992 4199 1064 4239 uxor
1077 4177 1189 4238 Rachel.
1200 4177 1277 4252 Quid
1289 4179 1344 4239 sibi
1354 4182 1415 4240 vult
1427 4181 1486 4241 huc

144 4270 331 4351 αρσιρήόησαν.
356 4271 425 4352 Περί
445 4272 496 4353 γὰρ
517 4278 602 4332 αὐτῶν
614 4275 717 4354 ἔλεγεν·
737 4280 755 4325 B
771 4273 851 4333 turba
859 4271 1006 4332 sterilium?
1015 4269 1197 4350 Omnesjusti‚
1207 4290 1299 4331 omnes
1308 4272 1409 4331 virtute
1416 4295 1487 4353 prae-

146 4362 214 4431 Θελς
228 4362 367 4443 Ἆόραλμ,
380 4363 427 4423 καλ
446 4371 460 4426 ό
478 4367 545 4435 θεὸς
558 4366 664 4441 Ἰσαὰκ,
675 4369 719 4428 καί
771 4365 834 4438 diti,
850 4386 941 4424 omnes
950 4363 1002 4422 Dei
1015 4362 1167 4422 testimonio
1183 4363 1326 4443 approbati
1339 4378 1425 4423 erant.
1443 4367 1486 4425 De

144 4450 178 4513 id.
197 4455 267 4537 Περὶ
286 4459 338 4515 τῶν
354 4459 440 4515 αὐτῶν
462 4459 508 4518 καί
526 4460 632 4526 Παῦλος
651 4461 720 4520 οὕτω
770 4458 826 4517 illis
838 4457 910 4516 enim
922 4456 1030 4515 dixerat
1045 4477 1052 4510 ε
1068 4455 1133 4533 Ego
1146 4472 1212 4512 snm
1220 4455 1303 4514 Deus
1314 4454 1570 4533 Abrahamfflm,
1583 4483 1632 4530 to.

144 4550 168 4607 ιιΙ
181 4548 214 4621 ἣν
228 4549 314 4608 αἰτίαν
338 4552 384 4609 οὔκ
406 4551 593 4632 ἐπαισχύνεται
607 4558 622 4613 ὁ
634 4556 718 4628 Θεὸς,
772 4566 800 4610 et
809 4552 889 4609 Deus
899 4553 997 4618 Isaac,
1006 4560 1035 4606 et
1047 4547 1128 4605 Deus
1134 4544 1392 4608 Jacotoeiisdem
1401 4548 1484 4609 etiam

144 4664 165 4700 ιι
179 4644 275 4702 αὐτῶν.
297 4642 391 4702 Πολλὰ
406 4647 491 4703 αὐτῶν
507 4644 541 4703 τὰ
558 4645 678 4726 ἐγκώμια
691 4650 718 4705 ἐν
771 4645 810 4703 sic
824 4641 945 4721 loquitur
966 4638 1087 4697 Paulus:
1107 4640 1205 4717 Quom
1226 4642 1263 4699 ob
1282 4660 1405 4701 causam
1423 4664 1561 4713 nonnam.
1582 4682 1616 4713 ιι.

144 4734 218 4794 attat
239 4737 325 4794 αὐτῶν
339 4740 364 4794 ot
381 4735 524 4797 ἔπαινοιέν
543 4741 576 4816 τῇ
595 4741 714 4820 natan
770 4735 964 4817 confunditur
973 4734 1064 4802 Dans,
1072 4735 1177 4790 vocari
1187 4733 1383 4793 Deuseorton.
1394 4735 1482 4796 Multa
1494 4735 1530 4781 ¹⁶·

144 4826 250 4907 ιιιμπρολ
260 4828 306 4887 καί
320 4828 466 4908 εὐδόκιμοι,
478 4830 524 4888 καί
539 4830 634 4898 πάντες
645 4835 716 4892 στεί-
770 4849 864 4890 eorum
878 4823 1011 4908 praeoonia
1023 4822 1051 4882 in
1064 4822 1251 4897 Nouo,mnltae
1268 4822 1380 4885 illorum
1390 4825 1484 4889 laudes

144 4927 250 4993 ναῖκες,
271 4921 317 4980 ιιαλ
338 4924 364 4980 ἐν
385 4921 498 5002 ἀπαιδίᾳ
519 4922 600 5007 μέχρι
620 4928 718 4986 πολλοῦ
771 4923 800 4981 in
818 4918 911 4982 Veteri
926 4918 1099 4976 Testamento
1113 4937 1121 4971 ε
1136 4914 1209 4974 omni
1222 4936 1258 4975 ex
1279 4931 1355 4997 parte
1376 4919 1442 4979 olari
1456 4935 1484 4981 et

144 5010 312 5073 tunsone
325 5004 369 5075 ndu
379 5013 437 5095 ἴδῃς
448 5014 530 5098 ἄνδρα
545 5017 590 5076 καὶ
606 5027 718 5099 γυναῖκα
770 5016 899 5087 illustros,
914 5024 941 5069 et
953 5029 1045 5068 omnus
1058 5006 1162 5067 steriles
1177 5007 1314 5069 habebant
1332 5031 1440 5091 uxores,
1452 5035 1485 5074 ac

144 5126 195 5179 ιις,
208 5104 271 5166 όταν
285 5107 342 5188 ἴδῃς
356 5110 482 5189 Θεοφιλεῖς
487 5153 496 5182 ,
513 5109 647 5179 εὐσεΰείας
660 5115 718 5172 ἐπι·
771 5108 828 5168 sine
838 5104 931 5166 tiberis
943 5101 1029 5162 multo
1038 5114 1161 5181 temporo
1169 5099 1308 5165 vixerunt.
1319 5103 1390 5167 Cum
1400 5104 1484 5187 igitur

144 5262 271 5317 innitentur
286 5264 397 5319 uomitu
410 5269 440 5317 tt
450 5269 476 5319 in
488 5268 618 5334 Genesim,
627 5270 658 5321 T.
670 5274 685 5321 t
699 5268 747 5321 Ed.
760 5278 866 5331 nostra,
879 5282 904 5331 p.
915 5264 974 5315 492.
984 5260 1006 5313 Ε
1016 5258 1107 5321 -ίθὸ,
1119 5256 1149 5311 Β·
