3810 6000
351 455 395 526 97
403 453 423 498 2
1057 444 1188 493 sputus.

199 589 249 631 arr.
263 584 285 647 4.
308 601 341 631 ιι.
352 575 537 658 plenitudinis.
565 574 645 636 Unde
658 545 725 634 hoc?
747 572 823 634 Dicit
843 571 973 635 ieremias
988 594 994 627 :
1009 573 1065 630 Vra
1120 569 1250 648 inspiciret
1272 568 1358 629 τοίνυν
1378 568 1412 629 eli
1426 571 1545 648 ὀνόματα
1567 570 1777 650 τῆςάφράστω
1790 573 1891 651 μύσεως·

1119 651 1233 728 Πνεῦμα
1244 651 1329 722 Θεοῦ,
1343 651 1453 728 Πνεῦμα
1465 650 1498 711 τδ
1510 655 1541 711 ἐκ
1556 655 1606 709 τοῦ
1617 652 1709 720 Θεοῦ,
1725 652 1834 729 Πνεῦμα
1847 656 1893 713 liu

1119 728 1186 869 plion,
1194 731 1303 807 Πνεῦμα
1311 731 1552 810 Πατρδς,Πνεῦμα
1559 732 1769 809 Υίοῦ,Πνεῦμα
1777 733 1893 813 Χριστοῦ,

193 662 211 693 ..Ι
218 663 240 694 2.

344 658 425 737 filice
444 656 547 736 populi
561 659 628 726 mei,
651 676 711 713 non
733 658 899 723 insertato,
922 672 1014 731 neque
1032 655 1065 709 in

349 745 423 816 puro
447 737 554 815 Spiritu
581 735 783 815 plenitudinis.
809 735 870 793 Non
894 732 1002 804 habent,
1022 730 1065 790 in-

352 815 421 892 quit,
443 814 577 895 Spiritum
595 813 644 892 qui
664 813 774 894 impleat
792 834 844 872 eos.
873 813 919 871 Sic
931 811 1065 871 habebant

1147 815 1231 886 νεῦμα
1251 816 1297 869 τοῦ
1313 809 1461 893 ἐγείραντος
1476 811 1521 871 τὸν
1536 813 1672 890 Χριστὸν,
1686 813 1800 888 Πνεῦμα
1818 817 1893 886 ζωῆς,

352 895 487 975 Spiritum
501 894 665 974 impletionis
679 893 802 973 apostoli,
819 906 849 951 ut
862 892 994 971 seriptum
1004 905 1062 950 est:
1081 907 1101 954 n
1119 888 1232 966 Πνεῦμα
1239 886 1372 959 ἀληθείας.
1378 893 1477 951 Λοιπὸν
1484 891 1703 971 τάχαρίαρατα·
1711 894 1821 968 Πνεῦμα
1828 895 1893 952 Μ.

193 989 256 1030 νισι.
271 984 307 1029 ιο.
318 998 342 1045 9·
354 977 437 1034 Turre
448 975 564 1033 Paulus
573 974 708 1053 impletus
719 973 828 1052 Spiritu
837 985 950 1042 saneto,
957 969 1065 1049 quaudo
1122 992 1201 1047 μεως,
1210 970 1322 1046 Πνεῦμα
1330 970 1445 1049 ἀγάπης,
1456 973 1574 1046 Πνεῦμα
1584 978 1788 1052 σωφρονισμοῦ,
1794 976 1893 1049 Πνεῦμα

351 1053 442 1133 arguit
452 1053 582 1134 Elymum
602 1073 720 1131 magum.
735 1053 821 1115 Vides
834 1051 926 1110 dona?
936 1053 1066 1130 Repetam

351 1135 437 1212 igitur
449 1131 557 1192 nomina
574 1131 719 1191 ineffabilis
734 1146 836 1190 naturae
852 1154 858 1187 :
872 1130 991 1210 Spiritus
1002 1129 1064 1205 Dei,

352 1213 470 1293 Spiritus
484 1213 531 1290 qni
546 1233 582 1272 ex
591 1214 660 1284 Deo,
679 1210 799 1291 Spiritus
812 1209 933 1284 Domini,
945 1210 1065 1289 Spiritus

351 1292 449 1366 Patris,
461 1292 579 1372 Spiritus
590 1291 664 1366 Filii,
682 1289 803 1371 Spiritus
819 1289 931 1363 Christi,
946 1289 1066 1369 Spiritus

351 1372 410 1462 ejus
423 1371 469 1450 qui
479 1370 609 1431 excitavit
622 1370 770 1441 Christum,
792 1368 910 1465 Spiritus
922 1369 1066 1450 ritae,Spi·

350 1464 420 1510 ritus
440 1450 574 1512 ¹veritatis.
599 1450 669 1509 Dein
684 1451 787 1517 ‚donar
803 1449 921 1529 Spiritus
940 1448 1064 1524 virtutis,

351 1529 470 1611 Spiritus
483 1529 614 1606 caritatis,
633 1527 752 1620 Spiritus
769 1528 959 1609 temperantiae,
975 1529 1066 1608 Spiri-

349 1623 393 1668 tus
404 1609 598 1691 promissioniS,
612 1607 730 1689 Spiritus
751 1607 828 1678 fidei,
852 1608 972 1689 Spiritus
989 1630 1065 1669 reve-

348 1688 468 1765 lationis,
492 1690 613 1770 Spiritus
626 1687 778 1768 adoptionis
805 1687 934 1747 filiorum.
949 1687 1065 1759 Quando

348 1768 449 1846 aliquis
457 1768 688 1859 accipitlgratiam
695 1766 847 1847 judicandi,
864 1767 964 1848 accipit
978 1768 1065 1847 Spiri-

200 1865 258 1907 ιωι,
271 1863 292 1920 t.
304 1864 327 1920 4.
348 1846 615 1984 tnmlprdicu,s1cut
632 1846 700 1906 dicit
724 1845 845 1916 Hesaias,
865 1848 905 1904 Et
928 1850 1065 1927 purgabit

349 1947 397 1985 eos
442 1930 557 1986 omimts
568 1927 678 2006 Spiritu
687 1926 806 2006 judicii,
829 1927 979 2015 etuSpin‘tu
991 1928 1066 1985 adu·

1117 1047 1294 1128 ἀπαγγελίας,
1306 1049 1415 1128 Πνεῦμα
1426 1049 1555 1121 πίστεως,
1570 1054 1691 1130 Πνεῦμα
1701 1053 1893 1130 ἀποκαλύμιις,

1120 1130 1233 1207 Πνεῦμα
1250 1128 1389 1196 υἱοθεσίας.
1403 1128 1492 1190 Ὅταν
1507 1132 1583 1209 λάθῃ
1598 1156 1641 1199 τις
1656 1131 1785 1210 χάρισμα
1802 1140 1843 1193 τοῦ
1855 1135 1891 1191 δι-

1120 1206 1219 1279 κάζειν,
1243 1206 1322 1267 ἔλαθε
1337 1210 1456 1287 ίΠνεῦμα
1473 1212 1606 1311 κρίσεως,
1626 1216 1668 1278 ὡς
1690 1214 1766 1290 λέγει
1779 1211 1891 1282 Ἠσαίας,

1121 1287 1175 1347 Kal
1192 1293 1313 1370 καθαριεῖ
1328 1288 1420 1356 αὐτούς
1432 1295 1447 1349 ὁ
1461 1293 1559 1369 Κυριος
1571 1290 1723 1367 Πνεύματι
1737 1292 1843 1369 κρίσεως
1853 1293 1891 1350 nl

1121 1367 1261 1439 Πνεύματι
1274 1367 1408 1435 καύσεως·
1424 1370 1473 1441 τὴν
1486 1375 1685 1450 τιμωρητικὴν
1700 1372 1765 1429 ’καὶ
1780 1378 1892 1453 καθαρτι-

1120 1445 1170 1517 κὴν
1182 1446 1294 1525 δύναμιν
1306 1448 1382 1506 καλεῖ
1393 1450 1504 1527 Πνεῦμα
1517 1451 1637 1527 κρίσεως
1649 1449 1700 1509 καὶ
1712 1452 1824 1528 Πνεῦμα
1836 1452 1892 1508 κού·

1120 1547 1197 1594 σεως,
1209 1525 1244 1586 Ὁ
1262 1525 1290 1588 δὲ
1305 1528 1389 1586 acolt
1406 1532 1474 1588 αίτεῐ
1489 1531 1607 1610 Πνεῦμα
1626 1529 1721 1603 utute,
1738 1531 1769 1589 τδ
1783 1534 1818 1597 εἰς
1830 1531 1894 1588 εἰθί-

1119 1629 1188 1678 τητα
1205 1607 1292 1686 φέρον.
1314 1607 1368 1666 Καὶ
1389 1608 1469 1671 πάλιν
1495 1611 1567 1670 αἰτεῖ
1590 1610 1682 1690 γάρισ
1706 1634 1725 1668 α
1750 1615 1894 1688 ἡγεμονοῦοι

1119 1690 1171 1745 τῶν
1185 1691 1287 1757 παθῶν,
1302 1687 1347 1746 καλ
1363 1693 1454 1746 ποιοῦν
1470 1688 1518 1760 τὴν
1536 1679 1633 1770 poplo
1656 1634 1705 1767 μδ
1712 1691 1839 1748 δοολεύειν
1849 1700 1894 1756 τοίς

1118 1765 1239 1831 πάθεσιν.
1253 1765 1365 1837 Ἐπειδὴ
1377 1766 1429 1850 γάρ
1439 1769 1588 1850 διεστράμτ,
1603 1773 1622 1840 ἡ
1639 1768 1745 1849 καρδία
1756 1776 1803 1828 τοῦ
1814 1771 1894 1838 danii,

1120 1845 1166 1903 καὶ
1190 1846 1243 1905 άτιδ
1263 1846 1431 1926 σωφροσύνης
1453 1839 1533 1920 ἦλθεν
1559 1852 1598 1914 εἰς
1622 1850 1730 1906 κακίαν
1751 1854 1840 1907 παθῶν
1857 1850 1894 1906 καὶ

1119 1927 1230 2003 ἡδονῆς,
1251 1924 1297 1984 καὶ
1319 1924 1411 1996 ἐπειδὴ
1426 1928 1455 1986 οὖ
1477 1927 1589 1996 δικαίως
1606 1926 1718 2006 ἔκρινεν
1741 1931 1894 2007 ἀναιρεθῆναι

244 2072 252 2081 ,
347 2010 450 2065 stionis
463 2030 472 2062 .·
486 2003 898 2086 ultricemetpurgatrieemvrm
912 2019 990 2064 vocat
1001 2007 1064 2087 Spi-
1082 2036 1101 2086 Β
1119 2005 1164 2065 τὸν
1186 2005 1284 2084 ἄνδρα,
1305 2004 1350 2063 καί
1371 2006 1460 2073 δοῦλος
1483 2009 1590 2084 ἐγένετο
1615 2007 1784 2083 ἐπιθυμίας,
1805 2009 1847 2066 καὶ
1865 2010 1895 2072 εἰς

350 2086 433 2145 ritum
441 2084 540 2165 judieii
551 2099 578 2144 et
592 2085 727 2165 Spiritum
739 2082 899 2145 adustionis.
911 2085 1003 2144 David
1011 2107 1063 2144 au·
1121 2085 1242 2164 μοιχείαν
1255 2084 1374 2165 ἐτράπη,
1389 2083 1469 2144 ῐαἰτεῖ
1483 2088 1601 2164 Πνεῦμα
1618 2085 1714 2158 εῦθές,
1731 2086 1831 2158 λέγων,
1844 2086 1894 2165 Ἐγ

347 2178 400 2223 tem
421 2165 488 2245 petit
506 2164 641 2246 Spiritum
666 2177 779 2237 rectum,
797 2163 844 2242 qui
865 2163 977 2244 dirigat,
990 2179 1016 2223 et
1034 2164 1062 2225 in

345 2258 447 2304 rectam
460 2243 535 2304 viam
544 2245 622 2304 serat.
633 2243 669 2303 Et
680 2243 778 2303 iterum
796 2242 974 2325 petitdonum
984 2244 1063 2324 prin-

346 2323 443 2404 cipale,
470 2320 543 2403 quod
562 2323 716 2384 dominetur
734 2323 885 2397 affectibus,
912 2323 1064 2403 ellieiatque

346 2423 380 2462 ue
392 2404 480 2463 anima
492 2402 591 2464 serviat
602 2403 666 2462 illis.
674 2403 811 2474 Quoniam
821 2403 893 2462 enim
907 2423 1064 2483 perversum

346 2483 433 2543 luerat
448 2503 493 2542 cor
509 2481 636 2560 Davidis,
660 2496 716 2542 eta
736 2483 898 2542 continentia
910 2497 1019 2542 venerat
1033 2483 1062 2544 in

345 2562 491 2640 nequitiam
516 2563 689 2622 affectionum
719 2576 746 2621 ct
769 2562 925 2643 voluptatis,
953 2576 979 2621 et
999 2563 1063 2652 quia

346 2662 398 2700 non
403 2643 477 2721 juste
482 2641 617 2721 judicium
626 2643 725 2701 tulerat
740 2640 776 2701 de
792 2641 977 2702 interficiendo
988 2662 1060 2716 vtro,

344 2735 370 2780 et
382 2738 476 2783 seruus
486 2723 572 2782 laetus
595 2735 652 2781 erat
665 2720 895 2801 concupiscentiae,
916 2720 944 2780 in
956 2721 1062 2782 adulte-

344 2801 416 2860 rium
428 2801 652 2882 prolapsus,petit
661 2800 794 2882 Spiritum
800 2814 915 2874 rectum,
925 2801 1062 2879 inquiens:

193 2895 261 2939 luat
279 2896 318 2941 ⁵0.
342 2883 460 2939 lunera
479 2886 511 2940 in
524 2884 686 2941 visceribus
707 2884 777 2940 meis
785 2903 798 2954 ,·
823 2893 852 2939 et
871 2902 908 2939 ne
921 2885 1063 2962 projicias

195 2968 264 3003 ¹⁰···
275 2971 311 3003 ¹²·
344 2982 401 3032 me,
414 2960 512 3039 inquit,
524 2982 543 3019 ιι
556 2962 644 3041 ⁴faeie
666 2972 718 3019 tua
734 2983 743 3017 ι
757 2973 786 3019 et
801 2960 891 3019 redde
903 2961 977 3019 milri
989 2961 1062 3019 lati·

345 3044 418 3098 tiam
429 3041 570 3099 salutaris
582 3043 635 3111 tui,
651 3052 679 3097 et
692 3039 801 3118 Spiritu
817 3040 979 3120 principali
991 3060 1062 3099 eorr-

335 3119 433 3198 firma
444 3140 507 3178 me:
521 3118 574 3177 lroe
582 3117 770 3194 est,donoquo
782 3117 1062 3179 domiueraffectioni·

344 3197 407 3272 bus,
423 3211 449 3256 et
457 3196 599 3256 cohibeam
613 3194 773 3276 voluptates.

386 3278 413 3337 5.
428 3276 518 3336 llarca
532 3275 609 3336 nobis
632 3274 705 3335 dicta
719 3288 783 3334 sunt
798 3273 832 3334 de
843 3274 962 3356 Spiritus
975 3278 1063 3338 sancti

343 3354 437 3417 divina
451 3357 598 3436 majestate,
611 3369 637 3415 et
656 3355 691 3413 de
703 3354 861 3415 diversitate
874 3358 1061 3436 operationum

232 3457 335 3502 narona
344 3437 410 3516 ejus.
434 3437 561 3496 Haeretier
581 3449 672 3494 autem
695 3457 758 3495 cum
780 3435 945 3514 ignorarent,
961 3437 1061 3575 ipsum,

1119 2165 1236 2223 καίνισον
1250 2166 1277 2223 ἐν
1291 2172 1344 2231 τοῖς
1358 2166 1479 2243 ἐγκάτοις
1490 2189 1557 2242 μω,
1571 2165 1621 2224 καί
1635 2163 1677 2242 μὴ
1694 2166 1842 2245 ἀπορρίψας
1854 2170 1894 2245 με’,

1119 2244 1210 2322 φησὶν,
1223 2243 1276 2304 ἀπὸ
1288 2249 1334 2302 τοῦ
1346 2243 1489 2324 προσώπω
1501 2267 1564 2305 σου·
1578 2245 1685 2310 ἀπόδος
1700 2269 1748 2322 μοι
1763 2243 1811 2315 τὴν
1820 2249 1893 2323 ἀγαλ-

1118 2322 1206 2383 λίασιν
1223 2330 1268 2383 τοῦ
1288 2324 1417 2403 σωτηρίου
1432 2348 1497 2396 σου,
1519 2323 1568 2383 καὶ
1590 2323 1745 2401 Πνεύματι
1756 2328 1895 2402 ἡγεμονικῷ

1118 2401 1239 2482 στήριξύν
1262 2426 1310 2480 με,
1324 2402 1461 2475 τουτέστι,
1476 2403 1634 2483 χαρίσματι
1651 2403 1841 2483 ἡγεμονεύοντι
1851 2407 1895 2462 τῶν

1118 2483 1219 2556 mods,
1232 2483 1279 2542 καὶ
1290 2491 1428 2564 κρατοῦντι
1438 2486 1492 2541 τῶν
1506 2485 1625 2555 ἡδονῶν.

1158 3277 1252 3335 Ταῦτα
1276 3258 1340 3355 ἡμῖν
1361 3277 1465 3358 εἴρηται
1487 3278 1550 3357 περὶ
1571 3283 1623 3351 τῆς
1644 3287 1695 3342 τοῦ
1718 3281 1796 3360 άγίω
1822 3279 1892 3340 Πνιύ

1117 3379 1199 3434 ματος
1211 3362 1298 3429 θεϊκῆς
1308 3357 1456 3428 αὐθεντίοις,
1473 3358 1519 3417 καὶ
1531 3362 1580 3429 τῆς
1594 3359 1672 3420 κοιτά
1684 3361 1720 3420 τά
1735 3362 1891 3459 ἐνεργήματα

1116 3437 1251 3516 διαφορᾶς.
1263 3439 1299 3496 Oi
1315 3436 1342 3495 δὲ
1355 3438 1482 3517 αἱρετικοί
1495 3439 1681 3516 ἀγνοήσαντες
1691 3439 1750 3514 ὅτι,
1764 3443 1826 3500 ὅταν
1838 3443 1890 3518 lert

194 3521 333 3565 Μαντίνεια·
344 3515 452 3594 quando
462 3515 530 3576 dicit
546 3516 679 3597 Spiritum
692 3515 920 3588 sanctificationis,
936 3539 970 3578 ve
998 3540 1060 3597 pro·
1117 3518 1229 3592 Πνεῦμα
1252 3516 1398 3595 ἁγιωσύνης
1411 3515 1430 3588 ἢ
1443 3518 1622 3596 ἐπαγγελίας,
1644 3524 1700 3578 τῶν
1724 3522 1830 3602 δωρεῶν
1849 3519 1890 3596 μί-

194 3586 215 3624 ιιί
223 3584 335 3640 quomodo

193 3661 269 3687 ιιιίιινι
277 3645 335 3687 Sert-

344 3596 488 3673 missionis,
501 3596 572 3656 dona
595 3594 857 3657 commemorarerid
878 3596 915 3655 ad
936 3610 1059 3656 naturam
1070 3639 1106 3677 ,ω

1117 3619 1228 3672 μνηται,
1250 3596 1322 3656 aurel
1343 3598 1379 3664 εἰς
1392 3596 1440 3669 τὴν
1456 3596 1533 3678 φύσιν
1549 3598 1601 3655 ἀνά
1622 3621 1699 3673 ουσι,
1713 3601 1845 3677 λέγοντες,
1857 3598 1890 3655 dri

190 3717 308 3763 pinearum
343 3676 614 3756 reiorum,dicentes,
636 3678 724 3733 Deum
740 3675 854 3749 dedisse,
877 3689 904 3735 rt
925 3675 1060 3757 Spiritum
1078 3698 1097 3742 Α
1114 3680 1129 3734 θ
1147 3674 1215 3741 θεὸς
1237 3675 1333 3744 ἔδωκε,
1351 3674 1396 3733 καὶ
1413 3677 1444 3736 τὸ
1460 3680 1572 3755 Πνεῦμα
1645 3679 1724 3758 ἅγιον
1739 3681 1888 3759 ἐδωρήσατο

192 3783 280 3811 sensum
295 3769 463 3815 ait-sanetum
483 3756 634 3815 donavisse.
663 3754 773 3828 Vidisti,
800 3755 935 3832 inquiunt,
957 3755 1059 3816 donum
1114 3743 1203 3824 Εἶδες,
1218 3755 1306 3834 pacis,
1320 3753 1360 3814 ὅτι
1374 3756 1456 3836 δῶρόν
1474 3760 1531 3816 ἐστι
1546 3760 1635 3829 Θεοῦ,
1655 3757 1788 3837 Ἀνέγνων
1802 3759 1887 3817 τδτιῖιι

192 3831 318 3876 '¹¹¹‘ffl‘lfll
342 3835 392 3893 Dei
409 3835 484 3897 esse?
499 3837 634 3915 Legeruut
647 3855 744 3911 eaque
754 3833 789 3893 ad
799 3833 869 3893 dona
881 3835 1058 3915 pertinebant,

342 3914 436 3993 etipsa
450 3913 487 3972 ad
499 3930 623 3973 naturam
639 3914 804 3987 retulerunt3
819 3935 882 3973 cum
898 3915 1065 3994 oportuisset,

340 3993 491 4073 intelligere
505 4012 565 4072 quae
581 3992 690 4052 nomina
705 3991 741 4051 ad
759 3990 882 4053 naturam
895 3995 1057 4074 pertinerent

339 4085 366 4130 et
386 4094 445 4150 quae
465 4073 536 4132 dona
559 4073 674 4153 gratiam
699 4072 882 4152 significarent
901 4097 908 4130 :
924 4095 1057 4154 caupones

338 4152 587 4212 lueruotedulterae
608 4152 738 4224 veritatis,
760 4151 937 4212 confuderunt
957 4158 1056 4230 omnia,

339 4231 528 4292 subverterunt
557 4233 666 4313 seipsos,
689 4232 848 4292 exciderunt
882 4254 898 4291 a
931 4235 1054 4305 veritate,

186 4314 256 4359 llum·
266 4327 327 4362 ναι.
340 4313 568 4371 obtenebratum
581 4327 624 4372 est
648 4317 788 4392 iusipiens
805 4333 857 4370 eor
876 4333 975 4371 eorum
990 4317 1055 4372 :di-

188 4390 226 4422 22.

338 4403 435 4449 centes
468 4411 499 4450 se
521 4412 583 4451 esse
612 4397 768 4471 sapientes,
799 4394 943 4470 infatuati
974 4407 1053 4452 sunt.

201 4491 326 4547 argaman·
337 4469 489 4550 Eapropter
501 4469 619 4529 inierunt
636 4494 642 4527 :
657 4471 795 4544 Quoniam
807 4470 842 4529 de
856 4470 961 4551 Spiritu
980 4494 1054 4549 quae-

186 4558 236 4624 um·
255 4548 435 4610 Mace-stiones
456 4570 557 4626 moves,
581 4564 661 4608 etex
688 4550 837 4629 seripturis
857 4550 947 4617 doces.
969 4566 996 4610 et
1011 4553 1054 4611 vis

184 4615 294 4719 ww·
337 4640 415 4688 testes
440 4628 539 4688 habere
564 4629 717 4710 Scripturas
737 4629 793 4693 :dt
828 4629 894 4710 ipsis
904 4630 1052 4711 Scripturis

181 4806 250 4852 ram..
270 4807 305 4854 1⁵.
333 4787 457 4848 Salvator
471 4789 553 4850 dixit.
568 4789 622 4863 Qui

183 4868 219 4913 ao.

335 4710 400 4767 moti
424 4708 541 4768 dicimus
563 4729 593 4769 ea
616 4709 675 4768 isa
701 4730 761 4788 quae
789 4707 853 4770 deS
874 4709 938 4768 iritu
960 4726 1051 4770 sancto

624 4731 645 4847 l
657 4787 742 4867 igitur
755 4787 821 4847 dicit
836 4732 901 4847 ille?
914 4791 988 4849 Cum
1003 4812 1052 4850 au·

1113 3834 1227 3915 δωρεῶν,
1239 3834 1284 3893 καὶ
1295 3836 1331 3901 εἰς
1344 3834 1391 3907 τὴν
1406 3836 1483 3916 φύσιν
1494 3837 1644 3915 ἀνήγαγον,
1660 3838 1722 3897 δέον
1734 3845 1829 3911 νοῆσαι
1839 3837 1886 3894 τίνα

1111 3912 1144 3973 τά
1161 3913 1278 3992 ὀνόματα
1288 3914 1321 3972 ed
1334 3914 1382 3985 ‘rip
1399 3915 1474 3995 φύσιν
1490 3917 1639 3991 δηλοῦντα,
1653 3919 1703 3976 καὶ
1718 3919 1782 3979 τίνα
1793 3919 1826 3977 τά
1837 3918 1886 3975 δεῖν

1113 4017 1185 4070 ματα
1203 3993 1236 4051 τὰ
1253 3991 1300 4065 τὴν
1317 3993 1401 4094 pulpis
1422 3993 1619 4075 ἐρμηνεύοντα·
1643 3998 1834 4069 ἐκαπιζλευσαν
1846 3996 1887 4067 τίν

1112 4073 1247 4144 ἀλήθειαν,
1264 4095 1386 4152 συνεχεον
1404 4076 1438 4135 τά
1461 4074 1564 4146 πάντα,
1583 4076 1758 4157 ἀνέστρεψαν
1777 4075 1886 4146 tamur,

1111 4150 1251 4219 ἐξώκειλαν
1267 4158 1315 4224 τῆς
1329 4154 1468 4227 ἀληθείας,
1480 4152 1649 4238 ἱΕσκοτίοθη
1665 4163 1684 4229 ἡ
1704 4157 1830 4223 ἀσύνετος
1846 4158 1885 4214 u'r

1109 4236 1163 4291 τῶν
1186 4231 1294 4313 καρδία·
1310 4232 1452 4312 φάσκοντες
1476 4239 1543 4292 είναι
1565 4234 1664 4335 copel,
1689 4237 1884 4317 ἐμωράνθησαν.

1109 4310 1159 4370 Διὸ
1167 4310 1318 4409 ἐπάγουσιν·
1331 4312 1451 4384 Ἐπειδὴ,
1462 4312 1537 4392 φησὶ,
1550 4336 1616 4395 περι
1627 4316 1793 4392 Πνεύματος
1805 4324 1883 4383 κινεῖς,

1108 4390 1155 4449 καὶ
1182 4393 1236 4449 ἀπο
1263 4393 1376 4470 Γραριῦν
1401 4392 1545 4464 διδάσκεις,
1565 4393 1614 4451 κοιλ
1641 4394 1735 4471 βούλει
1759 4397 1884 4476 μάρτυρας

1108 4469 1178 4550 ἐχειν
1200 4469 1246 4536 τάς
1269 4470 1392 4551 Γραφάς,
1412 4474 1459 4531 ἀπ’
1482 4474 1649 4530 αὐτῶντῶν
1671 4477 1694 4534 Γ
1697 4480 1790 4613 peppo
1801 4473 1881 4575 μινού-

1107 4548 1319 4707 &Silili
1334 4550 1437 4688 ii‘lti
1445 4551 1642 4710 ιῦέίύῗίί
1653 4576 1882 4714 εῗίιιξῗλῗεῖἷ

1105 4709 1326 4790 ὁΠαριίκλητος,
1340 4709 1370 4768 ri
1383 4711 1494 4786 Πνεῦμα
1505 4715 1554 4782 τῆς
1566 4712 1716 4782 ἀληθείας,
1732 4715 1748 4772 δ
1761 4715 1833 4792 παρὰ
1843 4719 1881 4769 τοῦ

1106 4790 1212 4870 Πατρδς
1226 4788 1407 4871 ἐκπορεύεται,
1419 4791 1516 4856 ἐκεῖνος
1532 4794 1603 4867 ὑμᾶς
1614 4793 1748 4871 ὁδηγήσει
1757 4795 1822 4874 πρὸς
1833 4803 1878 4850 αἱ·

332 4880 389 4927 tem
412 4874 527 4926 verterit
552 4870 739 4938 Paracletus,
769 4868 893 4947 Spiritus
914 4874 1050 4930 veritatis
1070 4889 1085 4935 n
1106 4869 1214 4941 σαυτὴν
1233 4868 1368 4940 ἀλήθειαν.
1382 4871 1423 4927 Οὐ
1440 4868 1492 4947 γάρ
1506 4871 1553 4948 ἀρ’
1570 4873 1670 4929 ἐαυτοῦ
1686 4873 1878 4945 λαλήσει,ἀιυ’

331 4952 413 5026 quia
425 4950 665 5027 Patreproeedit,
683 4949 805 5007 deducet
819 4969 874 5007 uos
888 4953 920 5006 iu
935 4971 1048 5009 omnem
1103 4946 1153 5007 ὅσα
1171 4948 1202 5005 ἂν
1228 4947 1340 5027 ἀκούσῃ,
1358 4950 1495 5026 ἀναγγελεῖ
1508 4951 1583 5025 ὑμῖν,
1597 4950 1642 5009 ὅτι
1658 4954 1690 5010 ἐκ
1704 4951 1876 5031 τοῦέμοῦλιζ-

284 5081 286 5085 ,
331 5031 507 5101 ueritatem:
522 5048 583 5086 ιιοιι
602 5031 681 5085 enim
706 5028 985 5108 loqueturaseipso,
999 5033 1052 5088 sed
1103 5031 1198 5107 ψεται,
1219 5027 1264 5086 καί
1283 5031 1422 5107 ἀναγγελεῖ
1442 5032 1513 5105 ὑμῖν.
1537 5019 1617 5094 Εἶδες
1637 5035 1715 5107 πῶς,
1758 5032 1875 5108 quinia*

330 5126 519 5188 patereturque
528 5110 664 5177 erudierit,
684 5107 830 5187 loquetur,
847 5120 875 5167 et
895 5129 960 5188 puoe
976 5131 1048 5168 uen-
1103 5111 1197 5167 ἐαυτοῦ
1212 5109 1240 5166 οὐ
1255 5109 1346 5179 λαλεῖ,
1361 5108 1420 5166 ἀλλ’
1433 5103 1461 5174 ἐξ
1474 5109 1557 5166 αὐτοῦ
1570 5056 1774 5188 λαμῦάνειςῦί

361 5286 370 5308 ⁰
388 5284 430 5329 lini
441 5285 579 5348 καθαρτικήν
595 5275 665 5328 deest
677 5279 703 5328 in
714 5276 789 5328 Colb.

1776 5113 1792 5186 ‘l
1811 5112 1873 5172 δύνα·

1146 5281 1156 5320 t
1174 5277 1215 5329 Sic
1229 5279 1324 5346 Roget
1335 5277 1409 5329 Colb.
1417 5277 1448 5329 ln
1456 5277 1547 5330 llorel.
1558 5288 1615 5336 κίνιῑ
1627 5291 1721 5353 πνεῦμα
1729 5324 1736 5350 ,
1744 5296 1869 5351 perperam.
