3764 5992
530 493 564 540 in
591 492 705 555 tutuo,
733 490 837 539 vroun
865 490 1047 538 utrunrun.
1488 466 1556 562 387

140 624 182 687 ιῑν,
201 614 371 698 ἇνατότερον
391 613 513 695 ἐσταιγῇ
534 615 661 693 Σοδόμων
677 615 723 674 καί
738 619 789 675 Γο·
843 615 934 674 animo
951 629 1042 674 nostru
1060 614 1188 674 exsulat:
1205 614 1296 693 itaque
1315 615 1417 696 majora
1442 616 1555 697 recipis,

140 709 209 787 ἐνιῇ
221 706 311 787 ημάρρ
322 704 420 785 ἐκείνη,
435 705 452 776 ἢ
466 711 500 787 τῇ
514 708 590 766 πόλει
604 707 700 787 ἐκείνη.
707 706 790 786 Ὁρᾷς
842 728 925 785 quam
933 706 1066 787 largiaris.
1079 709 1156 767 Etsi
1165 709 1281 788 quidem
1294 729 1360 779 vos,
1371 708 1469 787 inquit,
1480 730 1555 768 rece·
1569 731 1653 777 staret.
1673 745 1710 780 ιο.

140 799 269 878 ιαζόμινσι
291 799 370 867 πόδες
383 798 465 876 ἇγίων
481 799 563 859 πόσον
579 800 705 877 ἐπάγουσι
720 806 789 875 πῦρ,
840 803 953 876 periet,
964 801 1068 856 veniat
1080 819 1141 877 pax
1162 819 1247 878 super
1264 800 1331 859 illos
1348 823 1356 856 :
1374 804 1400 858 si
1413 821 1485 859 vero
1499 822 1559 858 non
1572 794 1682 841 ¹³···¹⁵·

140 914 159 951 ο
172 891 274 952 κελεύει
287 891 387 952 νίπτειν
408 889 517 964 αὐτοὺς,
528 891 572 950 ίνα
584 891 788 971 θεραπευόμενοι
842 892 1009 968 receperint,
1024 893 1150 947 excutite
1165 891 1312 970 pulverem
1323 893 1429 970 pedum
1443 906 1560 952 uestro-

140 987 201 1063 ἡμῖν
223 982 404 1064 προξενήσωσι
423 981 498 1063 παρὰ
515 987 554 1063 τῷ
568 986 632 1063 Θεῷ
649 983 697 1054 την
720 987 789 1064 παῤ·
843 981 1023 1041 ηιιιι.Ᾰιιιειι
1033 982 1203 1053 dicooobr's,
1215 983 1397 1041 tolerabilius
1407 987 1461 1041 erit
1476 996 1561 1043 terroe

148 1078 218 1152 ἐμοῦ
236 1073 265 1133 δέ
287 1075 433 1135 exilaratus
451 1072 495 1133 διδ
515 1074 613 1144 ταύτης
632 1079 704 1151 ἡμᾶς
722 1098 786 1133 παι·
797 1099 833 1137 sas
842 1074 1032 1133 Sodomorum
1045 1086 1073 1130 et
1089 1073 1259 1132 Gomorrlroe
1272 1078 1304 1133 in
1319 1074 1367 1133 dte
1384 1076 1456 1146 itta,
1471 1097 1561 1156 quom

140 1189 150 1233 ς
174 1164 370 1245 παραινέσεως,
390 1165 425 1226 ed
443 1168 492 1235 τῆς
513 1163 658 1247 φιλοξενίας
678 1165 742 1244 ἔργα
756 1167 789 1223 δι’
806 1161 825 1203 Α
841 1166 889 1224 illi
898 1163 1246 1243 cluitatiNidesquantum
1254 1166 1344 1243 ignem
1351 1163 1468 1246 despecti
1479 1166 1562 1247 pedes

140 1255 250 1317 hesse
271 1259 410 1318 ἐπιτελεῖν.
444 1257 570 1336 Μίμησαι
590 1258 634 1317 τόν
660 1255 790 1336 Ἀόραδιμ,
841 1270 995 1316 sanctorum
1013 1258 1180 1316 accumulent
1201 1271 1225 1316 et
1245 1257 1402 1316 attrahant?
1417 1259 1561 1340 Propterea

140 1350 232 1428 γιίεηρ
244 1349 357 1424 ἐκείνω,
370 1349 398 1418 δς
409 1349 574 1431 τριακοσίους
587 1349 650 1408 δίκα
661 1348 707 1408 καί
721 1347 790 1408 ὀκτὼ
839 1347 928 1428 jubet,
941 1362 971 1406 ut
984 1369 1028 1407 ees
1035 1348 1168 1423 lavemus,
1178 1362 1207 1407 ut
1220 1370 1332 1408 cumeos
1344 1362 1434 1411 nostro
1443 1352 1562 1412 ministe-

140 1448 256 1519 ωμνεῖς,
269 1442 347 1509 αιἰτδς
360 1439 428 1519 μετὰ
440 1444 489 1511 τῆς
502 1440 625 1520 γυναικός
644 1439 791 1518 διενείματο
842 1439 883 1498 rio
893 1440 1087 1512 curaverimus,
1095 1440 1207 1498 multam
1220 1441 1298 1500 nobis
1312 1441 1384 1522 apud
1396 1444 1484 1502 Deum
1498 1466 1562 1504 con·

140 1531 228 1600 ξενίας
239 1534 284 1594 rte
295 1533 413 1613 καρπόν·
424 1531 471 1592 καί
483 1537 498 1592 δ
509 1531 557 1610 μὲν
568 1533 682 1610 δάμαλιν
693 1533 792 1612 ἔφερεν,
843 1530 935 1589 cilient
948 1531 1077 1610 gratiam:
1088 1531 1223 1610 simulque
1241 1553 1290 1591 uos
1314 1532 1383 1592 illud
1403 1533 1454 1592 hac
1467 1533 1562 1595 admo·

140 1622 252 1704 pulpum
274 1625 393 1706 άλευρσν.
408 1624 526 1691 Τούτους
547 1624 592 1682 καί
606 1622 638 1683 σθ
653 1623 771 1695 ζήλωσιν
785 1647 792 1661 ·
844 1621 944 1681 nitione
957 1622 1045 1697 docet,
1056 1637 1087 1683 ut
1099 1624 1290 1704 hospitalitatis
1299 1647 1378 1706 opera
1390 1647 1438 1706 per
1448 1646 1497 1685 nos
1509 1626 1562 1708 ipsi

140 1716 163 1775 ιδ
178 1717 268 1776 δοῦναι
287 1719 416 1797 χρήματα
438 1716 527 1794 μόνον,
542 1715 611 1776 ἀλλὰ
633 1717 679 1776 καί
691 1715 722 1775 τὸ
736 1719 793 1775 δια·
844 1713 934 1773 omnia
945 1735 1124 1775 exerceamus.
1136 1714 1451 1789 lmitareAbrahamum‚
1462 1716 1519 1776 lilia
1530 1716 1563 1776 il·

151 1814 208 1875 τοῖς
230 1809 362 1886 δεομένοις
377 1807 460 1868 πυλδν
481 1808 538 1887 ἔχει
552 1808 597 1868 τόν
613 1809 716 1887 μισθόν.
741 1808 794 1868 Διδ
844 1804 899 1863 lius
912 1805 972 1881 sias,
987 1806 1033 1884 qui
1049 1819 1180 1864 trecentos
1193 1804 1286 1864 decem
1297 1820 1323 1864 et
1333 1820 1393 1865 octo
1406 1807 1563 1867 vernaculos

140 1899 160 1957 il
178 1903 204 1957 οί
219 1898 362 1958 ἀπόστολοι
380 1897 441 1966 τοθς
454 1896 522 1957 ίπτδι
536 1898 650 1967 ἐκείνους
663 1898 722 1965 τοὺς
733 1899 794 1980 περί
845 1917 907 1954 cum
918 1895 1039 1970 liaberet,
1047 1896 1104 1977 ipse
1117 1917 1179 1955 cum
1195 1917 1280 1955 uxore
1290 1897 1408 1955 fructum
1419 1896 1562 1979 hospitali·

140 2013 157 2047 ν
170 1989 323 2060 ἐπέστησαν
335 1995 369 2069 τῇ
381 1989 489 2069 τοιαύτη
504 1989 631 2070 διακονίᾳ.
656 1991 751 2049 Καίτοι
764 2014 794 2068 γε
845 1985 906 2046 tatis
915 1988 1030 2068 partitus
1040 2000 1090 2063 est,
1102 2001 1129 2046 et
1142 1987 1200 2068 ipse
1211 1986 1322 2066 quidem
1331 1987 1446 2048 vitulam
1459 1988 1564 2050 adfere-

140 2080 219 2141 ἰεοθεν
239 2084 334 2142 ἐκεῖνοι
356 2089 485 2164 παρεῖχον
510 2091 564 2149 τοῖς
584 2081 704 2157 πένησιν,
726 2081 794 2142 etit
844 2076 905 2154 bat,
922 2078 968 2138 illa
983 2100 1048 2140 vero
1062 2078 1177 2137 farinam
1196 2079 1397 2160 piusehat.Hus
1415 2093 1443 2138 tn
1457 2102 1564 2160 qnoque

162 2173 260 2254 έτίρων
284 2172 409 2250 διδόμενα
431 2172 582 2254 ᾠκονόμουν
604 2176 706 2241 καλῶς·
734 2175 794 2232 ἀλλ’
809 2182 826 2228 n
843 2170 983 2229 emulare:
998 2171 1132 2229 nonenim
1145 2170 1232 2229 solum
1246 2170 1374 2251 pecunias
1388 2170 1562 2250 erogare,sed

140 2264 199 2345 ίγαν
223 2266 409 2344 ἀπηνέγκαντο
431 2266 476 2325 τὸν
500 2266 603 2344 μισθόν,
621 2265 663 2326 δτι
680 2265 714 2326 ed
729 2267 794 2346 παρ’
843 2261 923 2321 etiam
938 2262 1104 2342 pauperihus
1118 2260 1270 2319 ministrare
1286 2260 1399 2319 multam
1411 2260 1561 2322 mercedem

140 2358 266 2436 διδόμενα
287 2360 375 2424 καλῶς
389 2357 435 2417 καί
456 2357 524 2437 μετδ
542 2356 678 2440 ιἰκριύείας
694 2359 794 2437 ᾧιιανό·
842 2354 953 2414 obtinet.
968 2354 1110 2434 Propterea
1122 2353 1203 2411 etiam
1215 2352 1327 2433 apostoli
1342 2367 1443 2435 septem
1454 2354 1515 2413 illos
1532 2354 1658 2425 iudces.

140 2449 211 2524 ίαης,
842 2447 940 2524 quibus
949 2445 1119 2527 Stephanus,
1132 2443 1266 2526 ejusmodi
1277 2445 1426 2505 ministerio
1435 2447 1561 2527 praesece·

843 2551 915 2596 runt.
929 2537 1049 2597 Tametsi
1066 2537 1134 2596 nihil
1154 2537 1194 2596 illi
1210 2537 1244 2596 dc
1259 2559 1307 2596 suo
1325 2539 1491 2619 pauperihus
1503 2562 1562 2600 ero-

842 2628 958 2708 gabant,
974 2628 1022 2688 sed
1042 2628 1078 2687 ab
1096 2626 1158 2688 aliis
1179 2627 1241 2687 data
1263 2643 1334 2687 recte
1350 2627 1561 2711 dispensabant:

843 2741 967 2800 magnam
977 2734 1063 2780 umen
1073 2720 1188 2779 retulere
1198 2720 1360 2799 mercedem,
1369 2721 1470 2799 quoda
1487 2736 1563 2781 caete·

841 2811 879 2870 ris
892 2812 989 2871 collata
1001 2826 1072 2872 recte
1081 2811 1279 2892 diligenterque
1290 2811 1485 2892 dispensarent.

152 2899 241 2959 τοίνυν
263 2900 310 2960 καί
326 2901 358 2962 αδ
372 2905 424 2960 τῶν
442 2908 539 2963 σαυτοῦ
554 2905 633 2972 καλδς
646 2908 789 2986 οἰκονόμος,
882 2905 929 2964 15.
944 2901 1010 2962 Esto
1021 2916 1048 2962 tu
1061 2924 1168 2982 qnoque
1180 2923 1272 2960 rerum
1282 2915 1390 2961 tuarum
1402 2902 1489 2962 bourn
1502 2903 1560 2963 dis-

140 2996 188 3051 ὤν
211 2992 300 3074 λάθῃς
313 2993 358 3054 τὸν
377 2995 487 3073 καρπὸν,
506 2995 551 3055 καί
567 3004 613 3056 τοῦ
626 2998 731 3073 δοῦναι,
745 3000 791 3058 καί
840 3007 976 3074 pensator,
985 3007 1017 3053 ut
1029 2992 1166 3074 duplicem
1181 2994 1299 3051 l'rnctum
1311 2993 1438 3074 accipias,
1449 3008 1475 3053 et
1486 2996 1561 3074 quud

140 3083 415 3161 ίςοέκονομῆσαι.Μὴ
427 3089 602 3166 ἐπαισχυνθῇς
612 3088 656 3148 διδ
669 3093 716 3160 τῆς
726 3114 791 3149 σαυ-
844 3106 954 3165 eroges,
964 3099 990 3146 et
1012 3085 1084 3164 quod
1104 3098 1175 3144 recte
1194 3084 1341 3166 dispenses.
1352 3087 1408 3145 Nec
1422 3100 1448 3144 te
1462 3087 1560 3168 pudeat
1608 3122 1715 3180 (τηρῶ,

140 3175 176 3244 rite
187 3181 352 3254 θεραπεῦσαι
367 3177 410 3237 τόν
431 3177 542 3248 πίνητα.
567 3177 603 3238 ‘0
618 3181 732 3258 Χριστὸς
744 3184 791 3240 οὐκ
842 3200 922 3236 manu
935 3192 981 3236 tna
994 3177 1106 3260 pauperi
1117 3177 1257 3238 inservire.
1271 3181 1330 3238 Non
1341 3179 1610 3239 erubescirChri-tu·
1623 3248 1628 3257 ,
1640 3186 1715 3227 tnur-

140 3290 209 3327 ιεεαι
220 3276 300 3348 χεῖρα
311 3271 424 3327 ἐκτεῖναι
433 3270 479 3328 καί
490 3269 581 3329 λαθεῖν
595 3269 638 3330 διδ
651 3277 697 3331 τοῦ
710 3274 791 3346 πένη-
842 3283 899 3328 stus
910 3291 958 3350 per
971 3291 1116 3350 pauperem
1128 3291 1239 3328 manum
1252 3270 1412 3345 extendere,
1422 3285 1502 3350 atque
1514 3295 1558 3332 ae·
1570 3247 1714 3351 “piendum

149 3357 183 3418 σδι
196 3367 278 3440 χεῖρα
290 3362 405 3419 ἐκτεῖναι
416 3360 462 3420 καί
474 3362 563 3419 δοῦναι
575 3361 697 3443 ἀργύριον
712 3366 790 3423 ἐπαι-
842 3361 939 3442 cipere,
951 3374 980 3420 tu
991 3382 1054 3420 vero
1064 3383 1173 3420 manum
1184 3361 1327 3420 extendere
1337 3383 1368 3420 ac
1378 3363 1471 3441 largiri
1481 3386 1561 3444 pecu·

140 3452 183 3510 tat
192 3455 252 3518 πῶς
265 3455 398 3510 τοῦτοοθκ
410 3453 524 3532 ἐσχάτης
536 3452 638 3524 ἀνοίας;
649 3453 700 3512 Ἓν
712 3454 789 3531 μόνον
843 3454 915 3512 niam
938 3454 1094 3513 erubescis?
1109 3453 1178 3527 Quis
1199 3454 1251 3511 boc
1272 3467 1398 3511 extremae
1418 3453 1561 3514 dementiae

140 3540 230 3622 χύοη,
244 3542 358 3623 πονηρία
372 3543 417 3602 καί
431 3542 537 3621 ὠμότης
547 3543 593 3602 καί
605 3546 790 3625 ἐπανθρωπία·
843 3545 946 3604 lacinus
961 3567 1082 3605 essenon
1098 3545 1190 3603 dicat?
1205 3547 1297 3604 Unum
1315 3545 1402 3603 solum
1418 3558 1458 3604 est
1473 3545 1562 3626 pudor

140 3634 196 3705 ύση
217 3633 247 3692 δέ
268 3635 314 3693 καὶ
341 3635 504 3711 ἐλεημοσύνη
533 3635 579 3693 καί
605 3638 790 3718 φιλανθρωπία
805 3651 824 3697 c
842 3649 868 3694 et
879 3636 1037 3715 ignominia,
1050 3636 1167 3714 nequitia
1180 3657 1274 3716 nempe
1285 3649 1310 3694 et
1322 3635 1468 3696 crudelitas
1480 3651 1562 3716 atque

140 3729 299 3785 ακσνεῖσθαι
308 3735 363 3792 τοῖς
372 3725 504 3802 δεομένοις
515 3726 790 3808 λαμπροτέρουςὴμᾶς
841 3728 1024 3786 inhumanitas
1037 3751 1043 3784 ι
1056 3726 1167 3785 comitas
1181 3726 1500 3808 autem,eleemosyna,ct
1512 3729 1563 3788 hu·

140 3838 164 3879 ε.
189 3814 279 3874 Ὅσον
299 3814 352 3894 γδρ
372 3815 404 3872 δν
426 3807 458 3894 ᾖς
481 3816 594 3876 πλουσία
608 3818 653 3875 καί
668 3818 787 3900 εὔπορος,
842 3820 966 3890 manitas,
980 3840 1011 3877 ac
1025 3818 1188 3899 pauperihus
1203 3818 1356 3877 ministrare
1371 3817 1497 3879 clariores
1513 3842 1562 3881 nus

158 3905 346 3967 ἐπαινίσυνταί
367 3930 398 3966 σε
419 3906 535 3980 πάντες,
557 3906 621 3985 ὅταν
644 3911 709 3989 πρὸς
731 3911 790 3980 τοὺς
841 3910 933 3969 efficit.
949 3911 1057 3983 Quanto
1077 3909 1148 3968 enim
1177 3908 1308 3969 ditiores
1332 3932 1363 3969 ac
1387 3911 1561 3992 locupletior,

153 3998 204 4058 καί
224 4000 337 4064 ὥτιλεῖς
351 3997 530 4076 καταόαίνης,
545 4002 593 4058 οὐκ
614 4000 746 4080 ἄνθρωποι
762 4003 789 4062 δέ
843 4014 915 4060 tanto
925 4015 951 4060 te
960 4000 1046 4080 magis
1059 4022 1150 4059 omnes
1160 4000 1322 4077 laudabunt,
1335 4023 1397 4061 cnm
1410 4002 1445 4062 ad
1457 4004 1562 4064 mendi·

140 4087 190 4149 ίλδ
202 4088 250 4148 καί
265 4090 386 4167 όγγιλοι,
398 4088 444 4147 καί
458 4094 539 4149 ὁτῶν
555 4090 672 4170 ἐγγελων
688 4093 791 4152 Δεσπό·
842 4114 887 4151 cos
901 4107 927 4152 et
941 4093 1010 4152 viles
1026 4105 1051 4151 te
1064 4090 1218 4150 demiseris:
1230 4114 1315 4171 neque
1328 4095 1415 4153 sulum
1429 4095 1561 4169 homines,

140 4204 144 4239 t
159 4178 332 4241 ἐπαινέσεται
348 4178 375 4239 δέ
396 4179 484 4256 μόνον,
500 4180 570 4240 ἀλλὰ
589 4183 635 4241 καί
647 4183 789 4263 ἀμείψεται
842 4182 889 4242 sed
908 4185 988 4242 etiarn
1010 4181 1098 4263 angeli
1107 4228 1115 4257 ,
1130 4196 1155 4241 et
1169 4183 1303 4242 Dominus
1317 4186 1473 4264 angelornm
1492 4211 1497 4243 :
1515 4209 1565 4246 nee

143 4270 266 4349 δωρεαῖς.
291 4271 333 4329 Οὐ
353 4270 404 4350 γδιρ
427 4277 475 4342 τῆς
500 4273 676 4349 ἐλεημοσύνης
698 4275 788 4352 μόνον,
842 4274 965 4334 laudabit
978 4275 1076 4351 solum,
1091 4275 1140 4335 scd
1154 4288 1179 4333 ct
1192 4275 1296 4354 duplici
1313 4278 1426 4356 praemio
1439 4299 1562 4337 remune-

140 4360 154 4421 l
174 4365 226 4432 τῆς
248 4363 490 4442 ταπεινοφροσύνης
513 4365 626 4432 πολλούς
647 4389 688 4425 σοι
702 4388 790 4446 παρα·
842 4367 955 4428 rabitur.
966 4369 1025 4426 Non
1040 4366 1111 4426 enirn
1127 4366 1301 4445 eleemosynae
1317 4380 1419 4425 tantum
1430 4412 1437 4444 ,
1450 4369 1496 4427 scd
1510 4369 1563 4427 hu-

140 4452 220 4520 ,τοὺς
244 4453 362 4532 μισθούς.
388 4455 435 4526 Mt
459 4456 544 4514 τοίνυν
567 4458 789 4536 ἐπαισρυνόιμεθα
842 4458 964 4519 militatis
979 4461 1060 4517 etiam
1071 4458 1184 4516 multam
1201 4458 1250 4515 tibi
1264 4458 1412 4517 mercedem
1427 4482 1562 4541 praepara·

140 4568 148 4603 ι
167 4544 290 4615 πενήτων
314 4545 484 4626 θεραπείαις,
509 4546 577 4624 μηδὲ
597 4546 789 4626 παραιτώμεθα
842 4549 944 4612 liitNe
956 4551 1040 4630 igitur
1053 4550 1080 4608 in
1095 4571 1226 4630 pauperes
1236 4549 1378 4608 ministerii
1389 4573 1437 4610 nos
1447 4552 1560 4632 pudeat,

140 4639 183 4701 νῦν
202 4634 689 4720 ξένωνταίιςπόδας·ἁγιάζονταιγδιρ
710 4644 787 4717 ἡμῶν
842 4663 927 4719 neque
952 4642 1156 4723 peregrinorum
1173 4641 1265 4699 lavare
1288 4643 1368 4721 pedes
1390 4665 1562 4704 recusemus:

140 4752 147 4796 ι
164 4725 210 4787 tet
224 4730 275 4798 τῆς
287 4729 412 4800 τοιαύτης
427 4729 573 4796 διακονίας·
594 4731 643 4789 κᾶν
655 4735 692 4799 εἰς
706 4735 786 4812 εὐχὴν
805 4739 824 4784 Ι)
843 4732 1042 4791 sanctificantur
1051 4731 1124 4790 enim
1137 4730 1183 4789 tali
1195 4732 1327 4790 famulatu
1341 4754 1435 4792 manus
1447 4748 1557 4812 nostrae3

140 4822 256 4898 ιετείνης
278 4819 332 4879 ont
353 4823 400 4890 τῆς
421 4819 561 4899 θεραπείας
581 4822 697 4893 ἐκείνης,
719 4827 787 4904 δρῶν
845 4823 962 4901 quodsi
984 4837 1044 4903 post
1064 4821 1244 4881 ministerium
1264 4823 1335 4882 illud
1355 4823 1390 4883 ad
1414 4826 1562 4886 orationem

152 4908 222 4978 θείς
242 4910 406 4968 δυσωπεῖται
427 4912 542 4989 μᾶλλον,
557 4911 602 4970 καί
620 4913 668 4985 τὴν
683 4913 786 4987 αἴτησιν
844 4915 905 4974 illas
928 4914 1089 4990 extenderis,
1105 4913 1161 4973 illis
1176 4915 1290 4994 aspectis
1307 4917 1414 4976 facilius
1432 4932 1561 4977 exoratur

140 5000 177 5063 Ῐδ
189 5000 239 5079 μέν
251 5000 305 5083 γδρ
315 5002 445 5083 χρήματα
456 5004 563 5078 δοῦναι,
576 5006 682 5064 πολλῶν
695 5003 725 5065 άν
737 5007 787 5079 εἴη·
845 5008 930 5082 Deus,
949 5019 975 5064 et
984 5005 1119 5086 postulata
1129 5004 1262 5064 concedit.
1275 5007 1344 5066 Num
1355 5009 1481 5090 pecunias
1494 5009 1561 5089 qui-

147 5096 247 5155 ίωιῦν
259 5098 421 5173 θεραπῶσαι
433 5092 492 5162 reli<
511 5095 647 5173 δεομένους
659 5096 705 5157 καί
720 5097 788 5176 μετὰ
845 5096 907 5157 dein
918 5118 1027 5178 erogare
1040 5111 1152 5178 possunt
1163 5097 1276 5178 plurimi
1290 5122 1297 5155 :
1313 5121 1403 5181 perse
1415 5122 1480 5162 uero
1492 5124 1562 5184 pau-

142 5262 203 5316 ΙΙ,
216 5272 306 5334 έρνρεν.
