3764 5992
621 465 665 511 on
690 460 931 510 nnnnnosuua.
1260 438 1263 443 ’
1476 440 1543 511 303

144 585 261 667 ηαθριιθα
278 585 459 668 παραινέσεως
472 587 575 664 λοιπὸν,
588 586 647 650 utet
661 588 776 667 συμύου·
831 581 1292 669 nequeadmonitioncdcincepsvel
1302 585 1546 668 eonsilioopnscrit

144 678 190 761 ρθρ
208 678 279 739 οὕτω
299 678 376 760 λόγος
396 679 443 739 καὶ
462 680 617 762 παραίνεσις
638 680 724 760 ἰσχύει
742 680 776 740 τά
831 677 924 737 uobis:
938 699 990 737 non
1002 678 1075 738 enim
1087 692 1192 739 tantum
1207 679 1280 741 valet
1290 700 1378 740 sermo
1391 678 1547 739 etadmoni·

144 775 286 853 νιιορθῶν,
300 775 336 841 ὡς
349 773 474 845 συνήθεια
487 773 576 854 χρόνῳ
590 774 776 853 βιύαιωθεῖσα.
831 769 885 847 tio,
909 782 1039 848 quantum
1069 769 1215 832 inveterata
1239 771 1411 832 consuetudo.
1438 771 1469 832 Si
1495 771 1548 831 boc

156 862 401 945 ιοριίναωμσνκατά
414 863 544 947 suprestis
566 865 737 927 ἀποτίθεσθαί
750 891 776 926 τι
832 875 1001 941 statuamus,
1024 876 1055 921 ut
1078 863 1193 944 singolis
1213 863 1365 925 Dominicis
1389 861 1493 943 aliquid
1519 862 1548 921 itt

144 960 199 1016 τῦν
211 956 332 1030 avolsus
344 957 494 1040 ἀντίληψιν,
509 960 564 1019 οὐδ’
577 958 609 1018 ἂν
623 961 716 1041 μυρίαι
729 957 777 1040 pl·
832 952 985 1014 subsidium
997 975 1149 1037 pauperum
1161 956 1344 1038 deponamus,
1358 956 1511 1035 nequidem
1525 952 1550 1015 si
1645 948 1651 959 '

144 1048 287 1129 ίγιιαι,τὸν
297 1050 377 1129 νόμον
385 1051 597 1132 παραύηούμεθα
615 1059 716 1113 τοῦτον.
732 1053 778 1112 El·
832 1065 966 1112 sexcentae
977 1067 1090 1134 urgeant
1099 1055 1276 1135 necessitates,
1284 1056 1354 1116 liene
1365 1057 1452 1137 legem
1462 1068 1549 1116 trans·

144 1139 213 1203 ίατθ
231 1141 297 1221 μίαν
317 1141 470 1219 σαύύέτων,
489 1143 633 1226 incipeque,
645 1144 779 1212 Ἕκαστος
834 1143 997 1224 gmdiemur.
1014 1145 1160 1225 Postquam
1181 1168 1247 1208 vcro
1269 1147 1351 1225 dixit,
1375 1151 1436 1208 Per
1458 1168 1551 1208 uuam

144 1232 174 1314 χλ
195 1231 333 1303 πλουσίοις
347 1235 523 1316 λίγω,ρησλ,
539 1236 627 1314 μόνον,
648 1235 717 1298 ἀλλὰ
733 1237 780 1297 καλ
835 1237 964 1308 sabboti,
977 1235 1112 1315 subdidit,
1124 1241 1331 1321 Unusquisque
1343 1240 1550 1300 uestrumtton
1616 1258 1701 1304 οοιιιι

144 1324 438 1408 ιίαίλαυθέρρις,ἀλλά
447 1326 494 1387 καλ
506 1327 621 1396 δούλοις·
631 1332 680 1390 οὐκ
689 1326 781 1409 ἄνδρά·
834 1326 934 1389 divites
944 1341 1049 1387 tanturn
1064 1328 1203 1408 alloquor,
1219 1331 1324 1410 inquit,
1334 1331 1381 1392 sed
1391 1331 1472 1391 etiam
1483 1350 1551 1414 pau·
1580 1325 1703 1383 ‘¹“¹¹¹⁰⁸5·

150 1415 326 1496 ιαλμνναιξί·
336 1417 507 1496 μηδελςίστω
516 1419 614 1494 ταύτης
628 1420 722 1494 ἀτελὴς
733 1424 781 1493 τῆς
799 1439 819 1490 c
836 1440 929 1502 pmcs3
939 1441 992 1480 non
1001 1420 1099 1483 liberos
1108 1423 1280 1499 tantum,sed
1291 1424 1372 1484 ctiam
1382 1444 1551 1501 servos3uon
1560 1401 1704 1496 illimem

144 1532 185 1582 ις,
200 1510 269 1588 μηδέ
282 1510 393 1591 ἄμοιρος
405 1516 452 1570 τοῦ
461 1511 586 1594 κέρδους,
599 1515 658 1573 ἀλλ’
672 1512 782 1580 ίκαστος
839 1511 914 1571 viros
923 1512 1018 1590 modo,
1028 1513 1076 1572 sod
1089 1527 1116 1572 et
1131 1513 1275 1574 mulieres:
1293 1515 1386 1574 nullus
1402 1515 1437 1574 sit
1455 1515 1491 1576 ab
1501 1515 1657 1575 boe⁰t>⁰¹¹⁰¹·

144 1622 163 1662 ν.
174 1600 249 1663 odil
261 1600 314 1684 γάρ
335 1606 355 1674 ἡ
368 1602 446 1663 πενία
460 1603 574 1682 κώλυμα
582 1604 676 1684 γίνοιτ’
691 1602 722 1663 ἂν
735 1610 783 1678 τῆς
837 1604 986 1665 ministerio
1007 1605 1137 1666 immonis
1144 1652 1154 1684 ‚
1169 1628 1255 1687 noque
1270 1607 1323 1668 boe
1338 1608 1416 1667 lucro
1438 1628 1553 1686 vacuus,

146 1696 281 1776 εἰσφορᾶς.
293 1695 352 1756 Κᾶν
365 1695 417 1776 γάρ
431 1696 555 1778 μυριάκις
576 1689 609 1777 ᾗς
628 1697 724 1774 πίνης,
734 1701 783 1758 oba
839 1696 885 1757 sed
901 1696 1087 1777 unusquisque
1104 1699 1220 1759 offerat:
1237 1719 1323 1778 neque
1340 1699 1478 1759 collationi
1490 1698 1556 1759 buic

144 1786 355 1868 ιροςτῆςχύρας
368 1787 488 1860 ἐκείνης,
500 1789 518 1862 ἢ
529 1789 578 1863 τὴν
589 1790 680 1850 οθσίαν
693 1801 782 1852 πᾶσαν
838 1789 926 1849 obstet
937 1788 1037 1872 inopia.
1045 1791 1300 1871 Quantumcumque
1312 1790 1385 1854 enim
1397 1791 1554 1874 paupersis,

144 1876 201 1939 tto
211 1880 337 1959 μυριάκις
347 1871 380 1960 ᾗς
391 1882 497 1961 πτωχὸς
504 1885 574 1957 ,οὐκ
584 1873 609 1942 εί
616 1883 784 1965 πτωχότερος
839 1899 892 1942 non
909 1902 937 1942 es
949 1883 1096 1965 pauperior
1106 1883 1193 1944 vidua
1211 1883 1269 1960 illa,
1285 1906 1346 1965 quae
1366 1904 1473 1944 omnem
1492 1883 1558 1945 sub
1569 1901 1623 1945 tae.
1637 1909 1677 1943 τι.

144 1970 216 2039 ινίας
241 1969 377 2051 γυναικὸς,
408 1971 426 2045 ἣ
457 1972 542 2055 δράκα
568 1973 678 2056 ἀλεύρου
706 1975 784 2053 μόνον
838 1973 965 2034 stantiam
986 1994 1062 2034 mam
1073 1976 1210 2035 exhausit.
1223 1975 1475 2055 Quantumcumque
1491 1996 1560 2058 pau-
1568 1957 1650 2021 ²¹4·

151 2061 215 2122 stat
240 2062 324 2130 ούτονς
342 2066 545 2149 ίστινοχωριῖτο
574 2065 640 2147 πρὸς
664 2065 712 2141 τὴν
739 2073 785 2128 τοῦ
839 2086 888 2147 per
901 2066 949 2139 sis,
960 2086 1013 2125 noo
1035 2088 1063 2126 es
1079 2066 1223 2148 pauperior
1241 2067 1354 2127 muliere
1367 2068 1489 2145 Sidonia,
1498 2090 1558 2149 quae
1568 2099 1592 2144 3.
1603 2098 1710 2157 w„

153 2152 363 2223 θιξίωσιν·έλλ’
377 2159 466 2238 δρῶσα
475 2156 521 2215 καί
529 2158 609 2238 χορὸν
620 2162 786 2239 περιεστῶτα
840 2158 904 2217 licet
922 2158 1058 2239 pugillum
1082 2159 1175 2218 farina
1200 2171 1305 2217 tantum
1326 2158 1448 2235 heberet,
1462 2180 1498 2221 nc
1520 2160 1559 2221 sic
1571 2173 1608 2208 ¹0·
1620 2177 1669 2220 “tt-

144 2246 183 2307 rel
195 2246 275 2325 λιμὸν
297 2246 473 2326 ἐπικείμενον,
487 2249 534 2308 καλ
547 2248 619 2311 οὐδὲν
639 2251 786 2330 ἀποκείμε-
841 2249 952 2330 quidem
972 2250 1007 2310 ab
1028 2250 1189 2332 excipiendo
1216 2249 1347 2331 propbeta
1370 2251 1489 2311 cobibita
1503 2266 1559 2329 est;

144 2364 164 2415 ι,
174 2339 245 2419 μετά
257 2343 358 2414 πολλῆς
371 2345 419 2413 τῆς
432 2342 578 2424 προθυμίας
591 2343 637 2403 τὸν
648 2345 787 2427 προρήτηυ
842 2341 890 2402 sod
909 2342 972 2401 lieet
992 2342 1194 2401 circumstantes
1214 2342 1316 2401 liberos
1329 2343 1444 2421 videret,
1460 2362 1562 2427 urgen-

144 2432 224 2502 Τίνος
245 2432 273 2491 δὲ
287 2431 375 2492 ἕνεκεν
399 2424 483 2509 εἶπεν,
495 2434 536 2494 ὅτι
556 2434 629 2516 Παρ’
642 2440 729 2518 ἐαυτῷ
742 2460 785 2497 τι·
804 2454 824 2500 1)
841 2448 949 2513 temque
965 2434 1074 2511 famem,
1093 2454 1178 2513 neque
1190 2433 1268 2492 aliud
1281 2432 1431 2514 quidquam
1452 2436 1563 2495 habere

144 2523 405 2607 ιωρίζωνςἘπειδή
427 2529 442 2585 θ
465 2526 545 2595 τιθείς
568 2528 632 2596 ίσως
657 2528 787 2611 ᾐσχύνετο
842 2525 994 2607 depositum
1006 2571 1015 2602 ‚
1030 2545 1128 2605 magna
1151 2545 1214 2584 cum
1237 2524 1376 2585 alacritate
1402 2527 1561 2608 prophetam

144 2617 186 2701 ρία
198 2617 289 2697 ὀλίγον
304 2616 334 2677 ee
346 2618 484 2687 ἐπιδεῖξαι.
497 2618 550 2679 Διί
564 2620 642 2682 τοῦτό
661 2644 740 2702 ρησι,
755 2620 786 2683 σὺ
841 2618 957 2699 excepit.
970 2621 1033 2693 Qua
1046 2638 1112 2678 sero
1125 2616 1161 2678 de
1173 2638 1253 2678 causa
1265 2617 1347 2692 dixit,
1361 2619 1456 2700 Apud
1467 2640 1498 2679 se
1515 2640 1583 2709 se·¹
1609 2658 1663 2704 cor.
1676 2653 1713 2701 15·

144 2709 296 2791 ίφύλιτττε,
307 2709 355 2769 καλ
364 2709 428 2771 ὅταν
441 2718 500 2778 ταῖς
517 2712 588 2771 κατὰ
605 2711 683 2794 μέρος
695 2717 787 2795 slepe·
840 2723 932 2792 ponat
946 2712 1170 2770 thesaurizans?
1185 2709 1257 2783 Quia
1273 2711 1383 2770 fonnem
1395 2731 1458 2770 curn
1473 2711 1563 2772 modi·
1572 2697 1595 2776 ,ζ

144 2800 215 2881 λύραι
224 2800 294 2862 πολύ
301 2801 428 2879 γένηται,
440 2802 502 2863 τότε
516 2802 566 2882 άγε
584 2806 621 2871 είς
631 2804 720 2883 μέσον.
735 2807 788 2866 Καὶ
842 2823 906 2862 eum
917 2814 996 2878 esset,
1004 2800 1032 2860 id
1041 2801 1179 2861 ostendere
1185 2801 1330 2863 verebatur·
1342 2816 1368 2861 ct
1378 2803 1561 2866 erubescebat.

144 2893 309 2971 ,συλλέγωη
332 2892 414 2968 ἀλλὰ,
431 2894 618 2976 Θησαυρίζων,
635 2895 680 2956 ίνα
703 2897 790 2979 μάθῃς
844 2897 1019 2975 Quapropter
1029 2891 1112 2967 dixit,
1129 2894 1173 2952 ‘l'u
1187 2914 1263 2953 serva
1276 2905 1303 2952 et
1322 2894 1439 2971 custodi,
1456 2909 1482 2954 et
1502 2916 1564 2955 curu

144 2983 204 3058 τάνη
218 2984 286 3058 etet
307 2985 437 3066 θησαυρός
451 2990 533 3062 ἐστιν,
551 2988 594 3048 ὅτι
610 2989 642 3049 τὸ
662 2990 790 3069 ἀνάλωμα
845 2986 1012 3046 oblationum
1026 2984 1176 3063 frequentia
1189 2984 1265 3064 qood
1277 3006 1391 3067 parvum
1406 3001 1477 3065 erat,
1492 2989 1565 3048 mul·

144 3074 241 3144 ’έαοθυς
258 3077 379 3156 γίνεται·
391 3077 521 3158 θησαυρὸς
540 3085 672 3162 θησαυροῦ
693 3084 791 3150 παντὸς
847 3093 905 3139 tum
916 3079 1041 3138 ellectum
1054 3077 1147 3152 fuerit,
1160 3091 1225 3136 tune
1235 3077 1263 3138 in
1278 3077 1399 3138 medium
1409 3079 1564 3160 producito.

150 3158 242 3236 obrue
262 3167 311 3247 μίν
324 3167 406 3250 γάρὸ
422 3171 546 3242 αἰσθητὸς
564 3172 610 3231 καί
624 3173 794 3235 critolaus·
847 3174 942 3252 Neque
957 3170 1043 3247 dixit,
1058 3169 1209 3248 colligens,
1226 3169 1273 3229 sed
1290 3173 1316 3229 Τ
1314 3173 1523 3243 heremitarum
1535 3186 1567 3232 ut

144 3264 269 3336 ιιιῶτοι,
284 3261 332 3321 καὶ
341 3259 403 3328 τοὺς
413 3262 537 3342 εύρόντας
546 3265 675 3334 πολλάκις
684 3267 791 3327 άπώλι-
847 3265 936 3327 discas
946 3310 955 3342 ,
973 3282 1119 3345 expensam
1139 3261 1215 3321 illam
1237 3283 1294 3322 esse
1315 3261 1487 3343 thesaurum,
1502 3263 1567 3344 quia

152 3355 184 3413 iu
201 3362 258 3421 τοῖς
270 3355 563 3434 ὠρανοῐς,τούναντίον
582 3355 669 3416 άπαν·
685 3358 791 3419 ἀνάλω-
810 3368 830 3414 E
848 3368 954 3419 sumtus
976 3355 1024 3415 ille
1042 3355 1185 3414 thesaurus
1199 3354 1332 3413 efficitur:
1350 3354 1500 3428 thesaurus,
1521 3355 1566 3415 in-

155 3446 204 3507 ni
220 3446 454 3521 ἀνεπιύούλευτος,
466 3447 649 3528 compleret<
662 3453 793 3531 κεκτημί-
848 3470 943 3531 quiam,
958 3447 1031 3508 omni
1044 3447 1170 3506 thesauro
1180 3445 1282 3506 melior.
1296 3448 1367 3505 Nam
1381 3446 1436 3523 bic,
1452 3446 1500 3525 qui
1515 3447 1567 3506 sub

149 3545 210 3607 τοῖς
231 3537 490 3616 μεταλαμύάνουσιν.
506 3541 555 3599 Οὗ’
569 3541 621 3623 γάρ
643 3545 793 3604 δαπανᾶται
849 3538 1048 3613 sensumcadit‚
1060 3538 1201 3598 thesaurus
1210 3536 1316 3596 insidiis
1327 3537 1468 3619 impetitur
1477 3552 1504 3598 et
1517 3538 1568 3598 im-

144 3632 184 3713 θχ
203 3629 344 3689 ἁλίσκεται
365 3629 465 3711 ρθύνιρ,
481 3633 540 3691 ἀλλ’
556 3633 627 3694 ἔστιν
649 3636 793 3716 ἀχείρωτος
849 3635 996 3709 minuitur,
1008 3650 1131 3712 saepeque
1144 3650 1204 3703 eos,
1219 3629 1266 3709 qui
1286 3628 1376 3710 ipsum
1400 3629 1565 3705 invenerant,

144 3730 190 3791 ιῑς
201 3721 339 3790 τοιαύταις
351 3722 518 3798 έπιύουλαῖς,
532 3724 577 3784 καλ
596 3726 678 3810 μυρία
691 3729 794 3807 κομίζει
850 3726 971 3812 perdidit
985 3747 992 3782 ε
1004 3724 1145 3784 tbmaums
1157 3743 1222 3782 vero
1236 3721 1348 3780 celestis
1362 3744 1457 3800 sccus;
1471 3722 1567 3782 immi-

144 3838 205 3877 υσιν
217 3813 299 3875 αὐτὸν
309 3814 406 3894 ἀγαθά.
850 3820 898 3883 nui
912 3837 1027 3898 namque
1040 3828 1068 3874 ct
1080 3813 1187 3874 insidiis
1202 3813 1296 3896 impeti
1311 3815 1411 3894 nequit,
1421 3814 1494 3875 selus
1508 3837 1569 3898 pos·

849 3912 1000 3974 sidentibus
1012 3922 1038 3970 et
1049 3906 1251 3990 accipientibus.
1263 3907 1324 3965 Non
1337 3919 1457 3989 tempore
1472 3928 1567 3969 oonsu-

851 4006 944 4080 rnitur‚
963 4024 1017 4064 non
1040 4001 1111 4084 perit
1130 3997 1249 4075 inuidia,
1261 3998 1309 4059 sed
1332 3999 1433 4059 talibus
1457 4021 1567 4082 prorsus

851 4097 958 4159 insidiis
968 4097 1126 4171 inaccessus,
1134 4104 1258 4152 sexcenta
1268 4091 1566 4172 colligentibuseoulert

854 4193 934 4252 bona.

144 4283 220 4359 ιμαθα
237 4277 336 4355 τοίνυν,
351 4278 399 4337 καί
417 4283 535 4359 ποιῶμεν
556 4281 626 4342 οὕτω
642 4284 687 4344 καὶ
701 4292 792 4366 ἡμεῖς·
888 4286 917 4344 ά.
930 4283 1154 4362 Obtcmpcrcmos
1169 4277 1263 4356 igitur,
1278 4287 1305 4334 ct
1315 4273 1354 4334 sic
1364 4275 1474 4356 nosipsi
1484 4277 1566 4336 lacia-

144 4371 207 4433 ναοί
221 4370 281 4451 ἱερά
299 4370 430 4452 χρήματα
450 4371 518 4451 μετά
537 4379 590 4434 τῶν
613 4378 751 4439 ἰδιωτικῶν
766 4384 793 4440 ἐν
849 4398 926 4436 mus:
941 4374 1048 4449 sintque
1060 4391 1141 4429 sacrae
1154 4366 1273 4449 pecuniae
1287 4364 1314 4424 in
1331 4363 1458 4426 domibus
1469 4368 1567 4429 nostris

144 4486 183 4533 ιις
202 4462 369 4541 ἀποκείμενα
388 4473 447 4531 ταῖς
467 4467 623 4548 ἡμετέραις,
636 4469 680 4528 ίνα
693 4471 739 4531 καί
759 4473 794 4534 τὰ
849 4490 910 4529 cum
924 4466 1037 4549 privatis
1050 4461 1148 4543 opibus
1156 4458 1288 4540 repositae,
1299 4471 1331 4517 ut
1343 4479 1390 4539 per
1398 4478 1442 4518 eas
1453 4460 1565 4540 privatae

164 4556 211 4617 tet
233 4554 334 4615 τούτων
358 4555 533 4636 φυλάττηται.
557 4561 685 4642 Καθάπερ
700 4562 752 4643 γάρ
767 4568 794 4624 ἐν
848 4562 902 4621 illae
913 4548 1353 4624 conserventurQucmadmodum
1361 4551 1431 4609 enim
1441 4551 1469 4610 in
1483 4552 1565 4632 regiis

144 4672 151 4718 ς
168 4649 319 4731 βασιλικοῖς
332 4646 364 4706 ἂν
384 4651 455 4727 φανῇ
476 4673 546 4718 τινος
564 4656 616 4711 τῶν
641 4653 796 4735 ἀρχομένοιο
848 4653 959 4728 aerariis,
977 4650 998 4710 si
1012 4645 1112 4708 subditi
1133 4642 1273 4724 cujusdam
1288 4641 1410 4723 pecunias
1429 4643 1562 4719 intersint,

144 4762 185 4803 m
212 4739 360 4821 χρήματα,
382 4742 493 4800 κάκεῖνα
522 4742 565 4803 διά
588 4751 672 4804 ταῦτα
695 4748 834 4842 πολλῆςχ,
847 4747 959 4828 privatae
972 4741 1198 4822 regiarumeausa
1212 4732 1508 4793 intutocollocantur=
1525 4736 1564 4797 sic

144 4837 210 4905 ιτῆς
225 4831 385 4911 ἀσφαλείας·
400 4831 469 4891 οὕτω
487 4832 519 4907 δὴ
533 4834 579 4893 καλ
592 4839 618 4895 έν
630 4841 664 4916 τῇ
679 4839 793 4920 οἰκίρτῇ
810 4819 837 4907 ,εί
847 4853 872 4898 et
888 4838 911 4898 si
924 4834 999 4897 domi
1009 4829 1139 4912 repositas
1151 4826 1250 4885 habeas
1262 4845 1412 4906 pauperum
1423 4827 1562 4907 pecunias,

144 4927 204 5003 ταθῇ
217 4923 348 5005 χρήματα
369 4925 490 4998 πενήτων
507 4926 553 4986 καλ
575 4929 644 4989 κατά
665 4930 793 5014 κυριακὴν
846 4953 914 5013 quus
927 4931 972 4991 die
984 4924 1121 4987 dominico
1129 4920 1251 4999 colligas,
1262 4918 1316 4978 illae
1327 4919 1381 4979 tuis
1393 4920 1563 4983 securitatem

144 5040 165 5093 ς,
176 5018 265 5075 ταῦτα
283 5014 392 5075 έκιίνων
411 5014 485 5077 ἔσται
501 5020 641 5100 άσράλεια,
658 5023 739 5083 Οὕτω
750 5024 796 5084 καί
846 5024 959 5108 parient.
968 5017 1188 5098 ltadispensotor
1200 5010 1252 5071 eris
1265 5009 1440 5092 pecuniarum
1453 5022 1563 5074 tuamm

144 5106 268 5187 ςγενηση
289 5110 343 5167 τῶν
361 5114 457 5168 σαυτοῦ
481 5111 629 5191 χρημάτων
648 5115 700 5175 ύπθ
714 5116 794 5176 Παύ-
847 5139 861 5177 a
885 5114 971 5177 Paulo
990 5109 1160 5171 constitutus.
1173 5100 1251 5178 Quid
1269 5100 1353 5162 dico?
1370 5102 1417 5163 En
1435 5107 1563 5187 quaejam

144 5198 284 5273 πτοηθείς.
291 5197 330 5259 Τί
340 5199 427 5281 λέγιο;
441 5201 493 5261 llel
510 5202 545 5263 τὰ
563 5203 615 5279 ἤδη
631 5193 794 5290 ισυλλεγέντα
848 5209 963 5268 collectae
977 5202 1012 5263 ad
1028 5202 1121 5284 plures
1140 5192 1305 5277 colligendas
1330 5195 1497 5258 occasionem
1512 5196 1564 5261 tibi

144 5289 252 5353 πλείονα
263 5289 388 5360 συλλέξαι
397 5293 478 5352 πολιν
497 5294 619 5364 ὑπόθεσίς
632 5320 672 5358 σοι
685 5299 795 5377 pertice-
848 5320 994 5378 ausamque
1012 5291 1179 5377 praebebunt.
1193 5287 1223 5351 Si
1242 5286 1314 5348 enim
1330 5286 1408 5349 bouae
1420 5288 1486 5351 lutis
1496 5306 1566 5353 cott-
