<?xml version="1.0" encoding="UTF-8"?>
<!DOCTYPE html PUBLIC "-//W3C//DTD XHTML 1.0 Transitional//EN"
    "http://www.w3.org/TR/xhtml1/DTD/xhtml1-transitional.dtd">
<html xmlns="http://www.w3.org/1999/xhtml" xml:lang="en" lang="en">
 <head>
  <title>
</title>
<meta http-equiv="Content-Type" content="text/html;charset=utf-8" />
  <meta name='ocr-system' content='tesseract 3.04.00' />
  <meta name='ocr-capabilities' content='ocr_page ocr_carea ocr_par ocr_line ocrx_word'/>
</head>
<body>
  <div class='ocr_page' id='page_1' title='image "./sanctipatrisnos03chrygoog_0112.png"; bbox 0 0 3810 6000; ppageno 0'>
   <div class='ocr_carea' id='block_1_1' title="bbox 270 457 1474 540">
    <p class='ocr_par' dir='ltr' id='par_1_1' title="bbox 270 457 1474 540">
     <span class='ocr_line' id='line_1_1' title="bbox 270 457 1474 540; baseline -0.003 -28"><span class='ocrx_word' id='word_1_1' title='bbox 270 467 318 540; x_wconf 77' lang='lat'><strong>92</strong></span> <span class='ocrx_word' id='word_1_2' title='bbox 581 461 611 509; x_wconf 82' lang='lat' dir='ltr'><strong>S.</strong></span> <span class='ocrx_word' id='word_1_3' title='bbox 639 459 779 509; x_wconf 62' lang='lat' dir='ltr'><strong>JOANNlS</strong></span> <span class='ocrx_word' id='word_1_4' title='bbox 808 458 991 506; x_wconf 78' lang='lat' dir='ltr'><strong>cuursosr.</strong></span> <span class='ocrx_word' id='word_1_5' title='bbox 1020 457 1177 507; x_wconf 76' lang='lat' dir='ltr'><strong>aucuttte.</strong></span> <span class='ocrx_word' id='word_1_6' title='bbox 1205 459 1474 508; x_wconf 66' lang='lat' dir='ltr'><strong>coustantium).</strong></span> 
     </span>
    </p>
   </div>
   <div class='ocr_carea' id='block_1_2' title="bbox 98 582 1815 5192">
    <p class='ocr_par' dir='ltr' id='par_1_2' title="bbox 98 582 1815 5192">
     <span class='ocr_line' id='line_1_2' title="bbox 272 582 1815 666; baseline -0.001 -18"><span class='ocrx_word' id='word_1_7' title='bbox 272 602 334 650; x_wconf 75' lang='grc' dir='ltr'>ιιιιιι</span> <span class='ocrx_word' id='word_1_8' title='bbox 340 587 440 648; x_wconf 73' lang='grc' dir='ltr'>(τοίαισί</span> <span class='ocrx_word' id='word_1_9' title='bbox 451 585 650 663; x_wconf 80' lang='lat' dir='ltr'><strong>moderantur),</strong></span> <span class='ocrx_word' id='word_1_10' title='bbox 665 586 738 646; x_wconf 89' lang='lat' dir='ltr'><strong>sicet</strong></span> <span class='ocrx_word' id='word_1_11' title='bbox 753 583 925 665; x_wconf 80' lang='lat' dir='ltr'><strong>Apostolatus</strong></span> <span class='ocrx_word' id='word_1_12' title='bbox 935 602 988 642; x_wconf 87' lang='lat' dir='ltr'><strong>non</strong></span> <span class='ocrx_word' id='word_1_13' title='bbox 1007 587 1025 633; x_wconf 81' lang='grc' dir='ltr'><strong><em>Β</em></strong></span> <span class='ocrx_word' id='word_1_14' title='bbox 1043 582 1099 663; x_wconf 77' lang='grc' dir='ltr'>ἔχει</span> <span class='ocrx_word' id='word_1_15' title='bbox 1124 582 1260 660; x_wconf 78' lang='grc' dir='ltr'>ἰαμάτων,</span> <span class='ocrx_word' id='word_1_16' title='bbox 1286 584 1331 643; x_wconf 79' lang='grc' dir='ltr'>καὶ</span> <span class='ocrx_word' id='word_1_17' title='bbox 1351 584 1415 665; x_wconf 85' lang='grc' dir='ltr'>γίνη</span> <span class='ocrx_word' id='word_1_18' title='bbox 1435 588 1580 665; x_wconf 75' lang='grc' dir='ltr'>γλωσσῶν,</span> <span class='ocrx_word' id='word_1_19' title='bbox 1600 586 1647 646; x_wconf 85' lang='grc' dir='ltr'>καὶ</span> <span class='ocrx_word' id='word_1_20' title='bbox 1674 585 1815 666; x_wconf 74' lang='grc' dir='ltr'>ἑρμηνείας</span> 
     </span>
     <span class='ocr_line' id='line_1_3' title="bbox 142 663 1792 760; baseline 0.001 -27"><span class='ocrx_word' id='word_1_21' title='bbox 142 663 353 756; x_wconf 49' lang='lat' dir='ltr'><strong>„anamodo</strong></span> <span class='ocrx_word' id='word_1_22' title='bbox 372 691 511 758; x_wconf 65' lang='lat' dir='ltr'><strong>umquam</strong></span> <span class='ocrx_word' id='word_1_23' title='bbox 532 677 698 759; x_wconf 85' lang='lat' dir='ltr'>principatus</span> <span class='ocrx_word' id='word_1_24' title='bbox 712 698 744 736; x_wconf 90' lang='lat' dir='ltr'><strong>ac</strong></span> <span class='ocrx_word' id='word_1_25' title='bbox 764 675 918 735; x_wconf 84' lang='lat' dir='ltr'><strong>dominatus</strong></span> <span class='ocrx_word' id='word_1_26' title='bbox 932 694 988 755; x_wconf 81' lang='lat' dir='ltr'><strong>pra</strong></span> <span class='ocrx_word' id='word_1_27' title='bbox 1042 677 1182 754; x_wconf 77' lang='grc' dir='ltr'>γλωσσῶν·</span> <span class='ocrx_word' id='word_1_28' title='bbox 1197 675 1237 735; x_wconf 87' lang='grc' dir='ltr'><strong>διὸ</strong></span> <span class='ocrx_word' id='word_1_29' title='bbox 1253 675 1323 756; x_wconf 82' lang='grc' dir='ltr'>ἀρχὴ</span> <span class='ocrx_word' id='word_1_30' title='bbox 1336 677 1381 737; x_wconf 81' lang='grc' dir='ltr'><strong>καί</strong></span> <span class='ocrx_word' id='word_1_31' title='bbox 1395 677 1454 757; x_wconf 75' lang='grc' dir='ltr'>ῥίζα</span> <span class='ocrx_word' id='word_1_32' title='bbox 1471 678 1527 739; x_wconf 71' lang='grc' dir='ltr'>ἐστὶ</span> <span class='ocrx_word' id='word_1_33' title='bbox 1537 682 1590 738; x_wconf 88' lang='grc' dir='ltr'>τῶν</span> <span class='ocrx_word' id='word_1_34' title='bbox 1604 679 1792 760; x_wconf 85' lang='grc' dir='ltr'>χαρισμάτων.</span> 
     </span>
     <span class='ocr_line' id='line_1_4' title="bbox 138 764 989 847; baseline -0.005 -19"><span class='ocrx_word' id='word_1_35' title='bbox 138 779 155 804; x_wconf 72' lang='lat'><strong>¹³</strong></span> <span class='ocrx_word' id='word_1_36' title='bbox 166 765 262 817; x_wconf 48' lang='lat' dir='ltr'><strong>‘&#39;wll‘&#39;</strong></span> <span class='ocrx_word' id='word_1_37' title='bbox 270 771 372 831; x_wconf 74' lang='lat' dir='ltr'><strong>ceteris</strong></span> <span class='ocrx_word' id='word_1_38' title='bbox 382 770 460 830; x_wconf 87' lang='lat' dir='ltr'><strong>donis</strong></span> <span class='ocrx_word' id='word_1_39' title='bbox 467 769 627 844; x_wconf 90' lang='lat' dir='ltr'><strong>eminet‚sed</strong></span> <span class='ocrx_word' id='word_1_40' title='bbox 637 769 758 829; x_wconf 88' lang='lat' dir='ltr'><strong>omnium</strong></span> <span class='ocrx_word' id='word_1_41' title='bbox 767 787 875 847; x_wconf 88' lang='lat' dir='ltr'><strong>quoque</strong></span> <span class='ocrx_word' id='word_1_42' title='bbox 885 764 989 825; x_wconf 79' lang='lat' dir='ltr'>radices</span> 
     </span>
     <span class='ocr_line' id='line_1_5' title="bbox 134 833 987 945; baseline -0.005 -25"><span class='ocrx_word' id='word_1_43' title='bbox 134 833 208 874; x_wconf 50' lang='grc' dir='ltr'><strong>Μ’</strong></span> <span class='ocrx_word' id='word_1_44' title='bbox 269 863 474 945; x_wconf 88' lang='lat' dir='ltr'><strong>comprehensas</strong></span> <span class='ocrx_word' id='word_1_45' title='bbox 487 861 564 942; x_wconf 93' lang='lat' dir='ltr'><strong>apud</strong></span> <span class='ocrx_word' id='word_1_46' title='bbox 577 883 605 921; x_wconf 89' lang='lat' dir='ltr'><strong>se</strong></span> <span class='ocrx_word' id='word_1_47' title='bbox 620 861 725 920; x_wconf 89' lang='lat' dir='ltr'><strong>retinet.</strong></span> <span class='ocrx_word' id='word_1_48' title='bbox 735 863 772 919; x_wconf 81' lang='lat' dir='ltr'><strong>Ac</strong></span> <span class='ocrx_word' id='word_1_49' title='bbox 786 858 987 940; x_wconf 88' lang='lat' dir='ltr'><strong>Prophetaqui·</strong></span> 
     </span>
     <span class='ocr_line' id='line_1_6' title="bbox 204 949 987 1034; baseline -0.008 -21"><span class='ocrx_word' id='word_1_50' title='bbox 204 1022 208 1027; x_wconf 23' lang='lat'><strong>⁴</strong></span> <span class='ocrx_word' id='word_1_51' title='bbox 267 954 330 1014; x_wconf 91' lang='lat' dir='ltr'><strong>dem</strong></span> <span class='ocrx_word' id='word_1_52' title='bbox 345 953 488 1034; x_wconf 77' lang='lat' dir='ltr'><strong>Apostolus</strong></span> <span class='ocrx_word' id='word_1_53' title='bbox 501 973 621 1012; x_wconf 84' lang='lat' dir='ltr'><strong>essenon</strong></span> <span class='ocrx_word' id='word_1_54' title='bbox 636 965 722 1032; x_wconf 91' lang='lat' dir='ltr'><strong>potest</strong></span> <span class='ocrx_word' id='word_1_55' title='bbox 737 965 763 1011; x_wconf 88' lang='lat' dir='ltr'><strong>et</strong></span> <span class='ocrx_word' id='word_1_56' title='bbox 777 951 928 1032; x_wconf 74' lang='lat' dir='ltr'><strong>Propheta:</strong></span> <span class='ocrx_word' id='word_1_57' title='bbox 941 949 987 1007; x_wconf 93' lang='lat' dir='ltr'><strong>scd</strong></span> 
     </span>
     <span class='ocr_line' id='line_1_7' title="bbox 268 1040 985 1125; baseline -0.01 -22"><span class='ocrx_word' id='word_1_58' title='bbox 268 1045 410 1125; x_wconf 81' lang='lat' dir='ltr'><strong>Apostolus</strong></span> <span class='ocrx_word' id='word_1_59' title='bbox 419 1057 459 1103; x_wconf 91' lang='lat' dir='ltr'><strong>est</strong></span> <span class='ocrx_word' id='word_1_60' title='bbox 470 1043 551 1103; x_wconf 88' lang='lat' dir='ltr'><strong>ctiam</strong></span> <span class='ocrx_word' id='word_1_61' title='bbox 566 1044 676 1103; x_wconf 89' lang='lat' dir='ltr'><strong>omnino</strong></span> <span class='ocrx_word' id='word_1_62' title='bbox 689 1042 835 1123; x_wconf 87' lang='lat' dir='ltr'><strong>Propheta,</strong></span> <span class='ocrx_word' id='word_1_63' title='bbox 847 1054 873 1101; x_wconf 89' lang='lat' dir='ltr'><strong>et</strong></span> <span class='ocrx_word' id='word_1_64' title='bbox 884 1040 985 1122; x_wconf 79' lang='lat' dir='ltr'><strong>gratias</strong></span> 
     </span>
     <span class='ocr_line' id='line_1_8' title="bbox 268 1132 984 1215; baseline -0.006 -21"><span class='ocrx_word' id='word_1_65' title='bbox 268 1136 350 1195; x_wconf 89' lang='lat' dir='ltr'><strong>habet</strong></span> <span class='ocrx_word' id='word_1_66' title='bbox 363 1135 543 1208; x_wconf 85' lang='lat' dir='ltr'><strong>curationum,</strong></span> <span class='ocrx_word' id='word_1_67' title='bbox 559 1151 585 1195; x_wconf 91' lang='lat' dir='ltr'><strong>et</strong></span> <span class='ocrx_word' id='word_1_68' title='bbox 605 1156 700 1215; x_wconf 88' lang='lat' dir='ltr'><strong>genera</strong></span> <span class='ocrx_word' id='word_1_69' title='bbox 714 1134 882 1213; x_wconf 84' lang='lat' dir='ltr'><strong>linguarum,</strong></span> <span class='ocrx_word' id='word_1_70' title='bbox 898 1147 924 1191; x_wconf 94' lang='lat' dir='ltr'><strong>et</strong></span> <span class='ocrx_word' id='word_1_71' title='bbox 938 1132 984 1190; x_wconf 91' lang='lat' dir='ltr'><strong>in-</strong></span> 
     </span>
     <span class='ocr_line' id='line_1_9' title="bbox 269 1223 987 1308; baseline -0.007 -22"><span class='ocrx_word' id='word_1_72' title='bbox 269 1227 470 1308; x_wconf 85' lang='lat' dir='ltr'><strong>terpretationes</strong></span> <span class='ocrx_word' id='word_1_73' title='bbox 483 1227 640 1307; x_wconf 89' lang='lat' dir='ltr'><strong>linguarum</strong></span> <span class='ocrx_word' id='word_1_74' title='bbox 653 1238 806 1307; x_wconf 86' lang='lat' dir='ltr'><strong>:propterea</strong></span> <span class='ocrx_word' id='word_1_75' title='bbox 820 1223 987 1304; x_wconf 86' lang='lat' dir='ltr'><strong>principatus</strong></span> 
     </span>
     <span class='ocr_line' id='line_1_10' title="bbox 269 1319 987 1400; baseline 0.003 -22"><span class='ocrx_word' id='word_1_76' title='bbox 269 1333 296 1378; x_wconf 92' lang='lat' dir='ltr'><strong>et</strong></span> <span class='ocrx_word' id='word_1_77' title='bbox 308 1319 389 1379; x_wconf 81' lang='lat' dir='ltr'><strong>radix</strong></span> <span class='ocrx_word' id='word_1_78' title='bbox 401 1334 442 1380; x_wconf 86' lang='lat' dir='ltr'><strong>est</strong></span> <span class='ocrx_word' id='word_1_79' title='bbox 456 1321 613 1400; x_wconf 87' lang='lat' dir='ltr'><strong>gratiarum.</strong></span> <span class='ocrx_word' id='word_1_80' title='bbox 976 1380 987 1394; x_wconf 62' lang='grc'>,</span> 
     </span>
     <span class='ocr_line' id='line_1_11' title="bbox 308 1401 1810 1488; baseline 0.001 -25"><span class='ocrx_word' id='word_1_81' title='bbox 308 1415 432 1472; x_wconf 65' lang='lat' dir='ltr'><strong>t,P0r1·0</strong></span> <span class='ocrx_word' id='word_1_82' title='bbox 449 1426 480 1472; x_wconf 88' lang='lat' dir='ltr'><strong>ut</strong></span> <span class='ocrx_word' id='word_1_83' title='bbox 492 1413 550 1471; x_wconf 79' lang='lat' dir='ltr'><strong>haec</strong></span> <span class='ocrx_word' id='word_1_84' title='bbox 563 1412 600 1470; x_wconf 87' lang='lat' dir='ltr'><strong>ita</strong></span> <span class='ocrx_word' id='word_1_85' title='bbox 615 1433 643 1471; x_wconf 84' lang='lat' dir='ltr'><strong>se</strong></span> <span class='ocrx_word' id='word_1_86' title='bbox 656 1411 756 1470; x_wconf 87' lang='lat' dir='ltr'><strong>habere</strong></span> <span class='ocrx_word' id='word_1_87' title='bbox 769 1423 879 1482; x_wconf 87' lang='lat' dir='ltr'><strong>constet,</strong></span> <span class='ocrx_word' id='word_1_88' title='bbox 894 1423 988 1469; x_wconf 80' lang='lat' dir='ltr'><strong>testem</strong></span> <span class='ocrx_word' id='word_1_89' title='bbox 1081 1402 1136 1462; x_wconf 84' lang='grc' dir='ltr'><strong>Καί</strong></span> <span class='ocrx_word' id='word_1_90' title='bbox 1145 1401 1186 1462; x_wconf 77' lang='grc' dir='ltr'><strong>ὅτι</strong></span> <span class='ocrx_word' id='word_1_91' title='bbox 1200 1409 1282 1463; x_wconf 79' lang='grc' dir='ltr'>ταῦτα</span> <span class='ocrx_word' id='word_1_92' title='bbox 1296 1404 1377 1473; x_wconf 74' lang='grc' dir='ltr'>οὕτως</span> <span class='ocrx_word' id='word_1_93' title='bbox 1389 1404 1458 1487; x_wconf 83' lang='grc' dir='ltr'>ἔχει,</span> <span class='ocrx_word' id='word_1_94' title='bbox 1471 1407 1577 1468; x_wconf 81' lang='grc' dir='ltr'>Παῦλον</span> <span class='ocrx_word' id='word_1_95' title='bbox 1588 1411 1649 1486; x_wconf 80' lang='grc' dir='ltr'>ὑμῖν</span> <span class='ocrx_word' id='word_1_96' title='bbox 1663 1408 1810 1488; x_wconf 84' lang='grc' dir='ltr'>παραγάγω</span> 
     </span>
     <span class='ocr_line' id='line_1_12' title="bbox 268 1494 1809 1579; baseline -0.002 -17"><span class='ocrx_word' id='word_1_97' title='bbox 268 1502 347 1562; x_wconf 81' lang='lat' dir='ltr'><strong>vobis</strong></span> <span class='ocrx_word' id='word_1_98' title='bbox 365 1501 471 1562; x_wconf 86' lang='lat' dir='ltr'><strong>adduco</strong></span> <span class='ocrx_word' id='word_1_99' title='bbox 481 1503 607 1564; x_wconf 91' lang='lat' dir='ltr'><strong>Paulum.</strong></span> <span class='ocrx_word' id='word_1_100' title='bbox 623 1503 703 1562; x_wconf 87' lang='lat' dir='ltr'><strong>Prius</strong></span> <span class='ocrx_word' id='word_1_101' title='bbox 717 1517 806 1562; x_wconf 89' lang='lat' dir='ltr'><strong>tamen</strong></span> <span class='ocrx_word' id='word_1_102' title='bbox 821 1501 912 1563; x_wconf 89' lang='lat' dir='ltr'><strong>dicere</strong></span> <span class='ocrx_word' id='word_1_103' title='bbox 925 1523 987 1561; x_wconf 91' lang='lat' dir='ltr'><strong>oon·</strong></span> <span class='ocrx_word' id='word_1_104' title='bbox 1042 1494 1172 1577; x_wconf 79' lang='grc' dir='ltr'>μάρτυρα.</span> <span class='ocrx_word' id='word_1_105' title='bbox 1198 1497 1309 1578; x_wconf 87' lang='grc' dir='ltr'>Πρῶτον</span> <span class='ocrx_word' id='word_1_106' title='bbox 1322 1498 1350 1558; x_wconf 79' lang='grc' dir='ltr'><strong>δὲ</strong></span> <span class='ocrx_word' id='word_1_107' title='bbox 1364 1500 1505 1579; x_wconf 82' lang='grc' dir='ltr'>ἀναγκαῖον</span> <span class='ocrx_word' id='word_1_108' title='bbox 1519 1502 1613 1573; x_wconf 80' lang='grc' dir='ltr'>είπιῑν,</span> <span class='ocrx_word' id='word_1_109' title='bbox 1628 1499 1654 1560; x_wconf 88' lang='grc' dir='ltr'><strong>τί</strong></span> <span class='ocrx_word' id='word_1_110' title='bbox 1676 1501 1741 1560; x_wconf 83' lang='grc' dir='ltr'>ποτέ</span> <span class='ocrx_word' id='word_1_111' title='bbox 1753 1503 1809 1560; x_wconf 67' lang='grc' dir='ltr'>ἐστι</span> 
     </span>
     <span class='ocr_line' id='line_1_13' title="bbox 269 1583 1809 1675; baseline 0 -21"><span class='ocrx_word' id='word_1_112' title='bbox 269 1595 354 1672; x_wconf 76' lang='lat' dir='ltr'><strong>veuit,</strong></span> <span class='ocrx_word' id='word_1_113' title='bbox 366 1595 434 1675; x_wconf 90' lang='lat' dir='ltr'><strong>quid</strong></span> <span class='ocrx_word' id='word_1_114' title='bbox 447 1594 517 1656; x_wconf 93' lang='lat' dir='ltr'><strong>illud</strong></span> <span class='ocrx_word' id='word_1_115' title='bbox 528 1596 636 1657; x_wconf 89' lang='lat' dir='ltr'><strong>tandem</strong></span> <span class='ocrx_word' id='word_1_116' title='bbox 649 1596 695 1671; x_wconf 89' lang='lat' dir='ltr'><strong>sit,</strong></span> <span class='ocrx_word' id='word_1_117' title='bbox 706 1617 804 1675; x_wconf 88' lang='lat' dir='ltr'><strong>genera</strong></span> <span class='ocrx_word' id='word_1_118' title='bbox 817 1595 984 1675; x_wconf 90' lang='lat' dir='ltr'><strong>linguarum.</strong></span> <span class='ocrx_word' id='word_1_119' title='bbox 1040 1589 1103 1668; x_wconf 80' lang='grc' dir='ltr'>γένη</span> <span class='ocrx_word' id='word_1_120' title='bbox 1115 1593 1251 1667; x_wconf 86' lang='grc' dir='ltr'>γλωσσῶν,</span> <span class='ocrx_word' id='word_1_121' title='bbox 1264 1591 1301 1651; x_wconf 84' lang='grc' dir='ltr'>Τί</span> <span class='ocrx_word' id='word_1_122' title='bbox 1321 1583 1365 1651; x_wconf 71' lang='grc' dir='ltr'><strong>σίν</strong></span> <span class='ocrx_word' id='word_1_123' title='bbox 1384 1595 1441 1652; x_wconf 78' lang='grc' dir='ltr'>ἐστι</span> <span class='ocrx_word' id='word_1_124' title='bbox 1453 1592 1516 1672; x_wconf 83' lang='grc' dir='ltr'>γένη</span> <span class='ocrx_word' id='word_1_125' title='bbox 1535 1595 1679 1673; x_wconf 69' lang='grc' dir='ltr'>γλωσσῶν,</span> <span class='ocrx_word' id='word_1_126' title='bbox 1689 1595 1731 1655; x_wconf 81' lang='grc' dir='ltr'><strong>Τὸ</strong></span> <span class='ocrx_word' id='word_1_127' title='bbox 1752 1619 1809 1656; x_wconf 80' lang='grc' dir='ltr'>πα·</span> 
     </span>
     <span class='ocr_line' id='line_1_14' title="bbox 269 1681 1808 1769; baseline 0.008 -24"><span class='ocrx_word' id='word_1_128' title='bbox 269 1687 346 1760; x_wconf 88' lang='lat' dir='ltr'><strong>Quid</strong></span> <span class='ocrx_word' id='word_1_129' title='bbox 359 1687 443 1769; x_wconf 88' lang='lat' dir='ltr'><strong>igitur</strong></span> <span class='ocrx_word' id='word_1_130' title='bbox 456 1702 498 1748; x_wconf 88' lang='lat' dir='ltr'><strong>est</strong></span> <span class='ocrx_word' id='word_1_131' title='bbox 511 1708 607 1767; x_wconf 85' lang='lat' dir='ltr'><strong>genera</strong></span> <span class='ocrx_word' id='word_1_132' title='bbox 620 1687 797 1768; x_wconf 78' lang='lat' dir='ltr'><strong>linguarum?</strong></span> <span class='ocrx_word' id='word_1_133' title='bbox 808 1687 883 1746; x_wconf 90' lang='lat' dir='ltr'><strong>Olim</strong></span> <span class='ocrx_word' id='word_1_134' title='bbox 902 1686 926 1745; x_wconf 92' lang='lat' dir='ltr'><strong>is</strong></span> <span class='ocrx_word' id='word_1_135' title='bbox 939 1686 986 1765; x_wconf 91' lang='lat' dir='ltr'><strong>qui</strong></span> <span class='ocrx_word' id='word_1_136' title='bbox 1039 1681 1134 1741; x_wconf 80' lang='grc' dir='ltr'>λοιὺνδ</span> <span class='ocrx_word' id='word_1_137' title='bbox 1143 1683 1295 1761; x_wconf 67' lang='grc' dir='ltr'>βαπτισθεὶς</span> <span class='ocrx_word' id='word_1_138' title='bbox 1302 1683 1348 1744; x_wconf 69' lang='grc' dir='ltr'>καί</span> <span class='ocrx_word' id='word_1_139' title='bbox 1358 1683 1672 1766; x_wconf 69' lang='grc' dir='ltr'>πιοτεῦοοιῑῦθίιοςπρος</span> <span class='ocrx_word' id='word_1_140' title='bbox 1678 1684 1728 1757; x_wconf 63' lang='lat' dir='ltr'><strong>t&#39;lt</strong></span> <span class='ocrx_word' id='word_1_141' title='bbox 1734 1687 1808 1766; x_wconf 72' lang='grc' dir='ltr'>φοιί·</span> 
     </span>
     <span class='ocr_line' id='line_1_15' title="bbox 173 1774 1807 1860; baseline 0.006 -24"><span class='ocrx_word' id='word_1_142' title='bbox 173 1808 193 1847; x_wconf 67' lang='grc' dir='ltr'>,ς</span> <span class='ocrx_word' id='word_1_143' title='bbox 236 1778 526 1860; x_wconf 64' lang='grc' dir='ltr'><strong>ο,Ιιιιμῑὶιοιιιιίιισιειι,</strong></span> <span class='ocrx_word' id='word_1_144' title='bbox 544 1795 569 1840; x_wconf 90' lang='lat' dir='ltr'><strong>et</strong></span> <span class='ocrx_word' id='word_1_145' title='bbox 589 1779 750 1856; x_wconf 82' lang='lat' dir='ltr'><strong>crediderat,</strong></span> <span class='ocrx_word' id='word_1_146' title='bbox 763 1778 854 1838; x_wconf 90' lang='lat' dir='ltr'><strong>statim</strong></span> <span class='ocrx_word' id='word_1_147' title='bbox 870 1778 905 1837; x_wconf 92' lang='lat' dir='ltr'><strong>ad</strong></span> <span class='ocrx_word' id='word_1_148' title='bbox 919 1778 985 1859; x_wconf 86' lang='lat' dir='ltr'><strong>spi·</strong></span> <span class='ocrx_word' id='word_1_149' title='bbox 1041 1795 1120 1851; x_wconf 83' lang='grc' dir='ltr'>ρωσιν</span> <span class='ocrx_word' id='word_1_150' title='bbox 1145 1774 1367 1852; x_wconf 65' lang='lat' dir='ltr'><strong>connotatio&lt;</strong></span> <span class='ocrx_word' id='word_1_151' title='bbox 1390 1775 1521 1858; x_wconf 72' lang='grc' dir='ltr'>διοοὸροι(</span> <span class='ocrx_word' id='word_1_152' title='bbox 1546 1778 1636 1838; x_wconf 54' lang='lat' dir='ltr'><strong>{bellet</strong></span> <span class='ocrx_word' id='word_1_153' title='bbox 1667 1777 1807 1857; x_wconf 74' lang='grc' dir='ltr'>γλίιοοοις.</span> 
     </span>
     <span class='ocr_line' id='line_1_16' title="bbox 130 1865 1808 1950; baseline 0.01 -23"><span class='ocrx_word' id='word_1_154' title='bbox 130 1883 194 1909; x_wconf 64' lang='grc' dir='ltr'>ι”ιιο</span> <span class='ocrx_word' id='word_1_155' title='bbox 222 1870 258 1940; x_wconf 54' lang='grc' dir='ltr'><strong>,θ’</strong></span> <span class='ocrx_word' id='word_1_156' title='bbox 268 1871 336 1930; x_wconf 91' lang='lat' dir='ltr'><strong>ritus</strong></span> <span class='ocrx_word' id='word_1_157' title='bbox 349 1872 588 1933; x_wconf 76' lang='lat' dir='ltr'><strong>manifestationem</strong></span> <span class='ocrx_word' id='word_1_158' title='bbox 600 1872 716 1934; x_wconf 87' lang='lat' dir='ltr'><strong>diversis</strong></span> <span class='ocrx_word' id='word_1_159' title='bbox 735 1871 837 1950; x_wconf 88' lang='lat' dir='ltr'><strong>linguis</strong></span> <span class='ocrx_word' id='word_1_160' title='bbox 858 1871 985 1950; x_wconf 84' lang='lat' dir='ltr'><strong>loqueba·</strong></span> <span class='ocrx_word' id='word_1_161' title='bbox 1040 1865 1262 1948; x_wconf 64' lang='grc' dir='ltr'>Ἐπειδῆγᾶρὲτι</span> <span class='ocrx_word' id='word_1_162' title='bbox 1276 1868 1461 1946; x_wconf 68' lang='grc' dir='ltr'>οἶοθιιίοιιοοι</span> <span class='ocrx_word' id='word_1_163' title='bbox 1475 1868 1601 1930; x_wconf 63' lang='grc' dir='ltr'>διέκειντο</span> <span class='ocrx_word' id='word_1_164' title='bbox 1624 1874 1649 1932; x_wconf 76' lang='grc' dir='ltr'><strong>οἱ</strong></span> <span class='ocrx_word' id='word_1_165' title='bbox 1672 1871 1750 1943; x_wconf 61' lang='grc' dir='ltr'>τότε,</span> <span class='ocrx_word' id='word_1_166' title='bbox 1764 1872 1808 1931; x_wconf 63' lang='lat' dir='ltr'><strong>ml</strong></span> 
     </span>
     <span class='ocr_line' id='line_1_17' title="bbox 126 1957 1807 2045; baseline 0.007 -25"><span class='ocrx_word' id='word_1_167' title='bbox 126 2006 209 2033; x_wconf 58' lang='grc' dir='ltr'><strong>Μ,</strong></span> <span class='ocrx_word' id='word_1_168' title='bbox 267 1976 321 2022; x_wconf 92' lang='lat' dir='ltr'><strong>tur.</strong></span> <span class='ocrx_word' id='word_1_169' title='bbox 340 1966 409 2024; x_wconf 89' lang='lat' dir='ltr'><strong>Nam</strong></span> <span class='ocrx_word' id='word_1_170' title='bbox 433 1965 560 2044; x_wconf 88' lang='lat' dir='ltr'><strong>quoniam</strong></span> <span class='ocrx_word' id='word_1_171' title='bbox 584 1963 674 2024; x_wconf 90' lang='lat' dir='ltr'><strong>adhuc</strong></span> <span class='ocrx_word' id='word_1_172' title='bbox 696 1962 888 2023; x_wconf 82' lang='lat' dir='ltr'><strong>imbecilliores</strong></span> <span class='ocrx_word' id='word_1_173' title='bbox 909 1974 984 2021; x_wconf 81' lang='lat' dir='ltr'><strong>erant</strong></span> <span class='ocrx_word' id='word_1_174' title='bbox 1037 1957 1072 2017; x_wconf 77' lang='lat' dir='ltr'><strong>rb</strong></span> <span class='ocrx_word' id='word_1_175' title='bbox 1082 1958 1163 2030; x_wconf 64' lang='grc' dir='ltr'>νοητὰ</span> <span class='ocrx_word' id='word_1_176' title='bbox 1180 1959 1335 2041; x_wconf 67' lang='grc' dir='ltr'>χορίομοιτοι</span> <span class='ocrx_word' id='word_1_177' title='bbox 1355 1965 1417 2042; x_wconf 69' lang='grc' dir='ltr'>δοᾷι</span> <span class='ocrx_word' id='word_1_178' title='bbox 1429 1962 1477 2021; x_wconf 74' lang='grc' dir='ltr'>οὖιι</span> <span class='ocrx_word' id='word_1_179' title='bbox 1496 1961 1624 2033; x_wconf 60' lang='lat' dir='ltr'><strong>’illvm</strong></span> <span class='ocrx_word' id='word_1_180' title='bbox 1636 1973 1691 2031; x_wconf 78' lang='grc' dir='ltr'>τοῖς</span> <span class='ocrx_word' id='word_1_181' title='bbox 1710 1968 1807 2045; x_wconf 56' lang='lat' dir='ltr'><strong>apua</strong></span> 
     </span>
     <span class='ocr_line' id='line_1_18' title="bbox 265 2051 1807 2137; baseline 0.008 -25"><span class='ocrx_word' id='word_1_182' title='bbox 265 2053 389 2114; x_wconf 89' lang='lat' dir='ltr'><strong>homines</strong></span> <span class='ocrx_word' id='word_1_183' title='bbox 401 2056 475 2116; x_wconf 92' lang='lat' dir='ltr'><strong>illius</strong></span> <span class='ocrx_word' id='word_1_184' title='bbox 486 2056 549 2130; x_wconf 75' lang='lat' dir='ltr'><strong>aevi,</strong></span> <span class='ocrx_word' id='word_1_185' title='bbox 561 2070 587 2116; x_wconf 94' lang='lat' dir='ltr'><strong>et</strong></span> <span class='ocrx_word' id='word_1_186' title='bbox 596 2055 748 2137; x_wconf 85' lang='lat' dir='ltr'><strong>spiritualia</strong></span> <span class='ocrx_word' id='word_1_187' title='bbox 759 2054 830 2114; x_wconf 92' lang='lat' dir='ltr'><strong>dona</strong></span> <span class='ocrx_word' id='word_1_188' title='bbox 844 2074 897 2113; x_wconf 91' lang='lat' dir='ltr'><strong>non</strong></span> <span class='ocrx_word' id='word_1_189' title='bbox 908 2067 984 2134; x_wconf 83' lang='lat' dir='ltr'><strong>pote·</strong></span> <span class='ocrx_word' id='word_1_190' title='bbox 1038 2057 1097 2127; x_wconf 79' lang='grc' dir='ltr'>μοῑ(</span> <span class='ocrx_word' id='word_1_191' title='bbox 1112 2054 1159 2122; x_wconf 79' lang='grc' dir='ltr'><strong>τῆς</strong></span> <span class='ocrx_word' id='word_1_192' title='bbox 1172 2051 1282 2131; x_wconf 68' lang='lat' dir='ltr'><strong>capula,</strong></span> <span class='ocrx_word' id='word_1_193' title='bbox 1296 2051 1396 2112; x_wconf 66' lang='grc' dir='ltr'>ίδίδοτο</span> <span class='ocrx_word' id='word_1_194' title='bbox 1404 2053 1528 2126; x_wconf 73' lang='grc' dir='ltr'>οίοθητὸι</span> <span class='ocrx_word' id='word_1_195' title='bbox 1541 2055 1676 2136; x_wconf 78' lang='grc' dir='ltr'>χιίριομο,</span> <span class='ocrx_word' id='word_1_196' title='bbox 1685 2056 1738 2117; x_wconf 69' lang='grc' dir='ltr'><strong>’τὸ</strong></span> <span class='ocrx_word' id='word_1_197' title='bbox 1746 2082 1807 2130; x_wconf 68' lang='lat' dir='ltr'><strong>von·</strong></span> 
     </span>
     <span class='ocr_line' id='line_1_19' title="bbox 264 2141 1807 2223; baseline 0.008 -18"><span class='ocrx_word' id='word_1_198' title='bbox 264 2162 326 2206; x_wconf 86' lang='lat' dir='ltr'><strong>rant</strong></span> <span class='ocrx_word' id='word_1_199' title='bbox 348 2148 435 2208; x_wconf 86' lang='lat' dir='ltr'><strong>oculis</strong></span> <span class='ocrx_word' id='word_1_200' title='bbox 455 2149 558 2208; x_wconf 88' lang='lat' dir='ltr'><strong>carneis</strong></span> <span class='ocrx_word' id='word_1_201' title='bbox 580 2141 710 2222; x_wconf 83' lang='lat' dir='ltr'><strong>contueri,</strong></span> <span class='ocrx_word' id='word_1_202' title='bbox 731 2146 858 2206; x_wconf 86' lang='lat' dir='ltr'><strong>sensibile</strong></span> <span class='ocrx_word' id='word_1_203' title='bbox 879 2144 982 2204; x_wconf 88' lang='lat' dir='ltr'><strong>donum</strong></span> <span class='ocrx_word' id='word_1_204' title='bbox 1036 2141 1081 2199; x_wconf 83' lang='grc' dir='ltr'>τὸν</span> <span class='ocrx_word' id='word_1_205' title='bbox 1095 2141 1214 2220; x_wconf 83' lang='grc' dir='ltr'>γενέσθαι</span> <span class='ocrx_word' id='word_1_206' title='bbox 1229 2143 1390 2223; x_wconf 75' lang='grc' dir='ltr'>καταφανές·</span> <span class='ocrx_word' id='word_1_207' title='bbox 1405 2144 1450 2203; x_wconf 73' lang='grc' dir='ltr'>κοιλ</span> <span class='ocrx_word' id='word_1_208' title='bbox 1463 2149 1477 2204; x_wconf 77' lang='grc' dir='ltr'><strong>ὅ</strong></span> <span class='ocrx_word' id='word_1_209' title='bbox 1492 2148 1645 2223; x_wconf 69' lang='grc' dir='ltr'>βοιοτιοθοὶ(</span> <span class='ocrx_word' id='word_1_210' title='bbox 1658 2146 1753 2217; x_wconf 74' lang='grc' dir='ltr'>ιῦθίοις</span> <span class='ocrx_word' id='word_1_211' title='bbox 1763 2150 1807 2209; x_wconf 74' lang='grc' dir='ltr'><strong>κοί</strong></span> 
     </span>
     <span class='ocr_line' id='line_1_20' title="bbox 244 2235 1806 2320; baseline 0.003 -23"><span class='ocrx_word' id='word_1_212' title='bbox 244 2276 248 2285; x_wconf 89' lang='lat'><strong>·</strong></span> <span class='ocrx_word' id='word_1_213' title='bbox 264 2237 395 2316; x_wconf 85' lang='lat' dir='ltr'><strong>dabatur,</strong></span> <span class='ocrx_word' id='word_1_214' title='bbox 405 2253 436 2298; x_wconf 93' lang='lat' dir='ltr'><strong>ut</strong></span> <span class='ocrx_word' id='word_1_215' title='bbox 456 2240 634 2300; x_wconf 80' lang='lat' dir='ltr'><strong>innotesceret</strong></span> <span class='ocrx_word' id='word_1_216' title='bbox 647 2236 797 2319; x_wconf 83' lang='lat' dir='ltr'><strong>spirituale,</strong></span> <span class='ocrx_word' id='word_1_217' title='bbox 810 2237 910 2315; x_wconf 81' lang='lat' dir='ltr'><strong>&lt;piique</strong></span> <span class='ocrx_word' id='word_1_218' title='bbox 930 2236 980 2294; x_wconf 89' lang='lat' dir='ltr'><strong>ba-</strong></span> <span class='ocrx_word' id='word_1_219' title='bbox 999 2246 1018 2293; x_wconf 81' lang='lat' dir='ltr'>C</span> <span class='ocrx_word' id='word_1_220' title='bbox 1035 2257 1068 2313; x_wconf 78' lang='grc' dir='ltr'>τη</span> <span class='ocrx_word' id='word_1_221' title='bbox 1082 2235 1200 2315; x_wconf 76' lang='grc' dir='ltr'>ἡμετέρᾳ</span> <span class='ocrx_word' id='word_1_222' title='bbox 1210 2235 1329 2316; x_wconf 84' lang='grc' dir='ltr'>γλώσσῃ,</span> <span class='ocrx_word' id='word_1_223' title='bbox 1342 2236 1387 2295; x_wconf 83' lang='grc' dir='ltr'><strong>καί</strong></span> <span class='ocrx_word' id='word_1_224' title='bbox 1400 2242 1433 2310; x_wconf 80' lang='grc' dir='ltr'>τῇ</span> <span class='ocrx_word' id='word_1_225' title='bbox 1448 2242 1499 2297; x_wconf 89' lang='grc' dir='ltr'>τῶν</span> <span class='ocrx_word' id='word_1_226' title='bbox 1509 2241 1632 2319; x_wconf 88' lang='grc' dir='ltr'>Περσῶν,</span> <span class='ocrx_word' id='word_1_227' title='bbox 1645 2240 1740 2320; x_wconf 78' lang='grc' dir='ltr'>καλιῇ</span> <span class='ocrx_word' id='word_1_228' title='bbox 1756 2246 1806 2301; x_wconf 86' lang='grc' dir='ltr'>τῶν</span> 
     </span>
     <span class='ocr_line' id='line_1_21' title="bbox 263 2325 1806 2413; baseline 0.002 -24"><span class='ocrx_word' id='word_1_229' title='bbox 263 2330 379 2410; x_wconf 86' lang='lat' dir='ltr'><strong>ptiratus</strong></span> <span class='ocrx_word' id='word_1_230' title='bbox 391 2331 488 2407; x_wconf 85' lang='lat' dir='ltr'><strong>fuerat,</strong></span> <span class='ocrx_word' id='word_1_231' title='bbox 501 2331 593 2391; x_wconf 90' lang='lat' dir='ltr'><strong>statim</strong></span> <span class='ocrx_word' id='word_1_232' title='bbox 604 2330 699 2409; x_wconf 88' lang='lat' dir='ltr'><strong>lingua</strong></span> <span class='ocrx_word' id='word_1_233' title='bbox 715 2342 804 2388; x_wconf 90' lang='lat' dir='ltr'><strong>nostra</strong></span> <span class='ocrx_word' id='word_1_234' title='bbox 825 2342 851 2386; x_wconf 89' lang='lat' dir='ltr'><strong>et</strong></span> <span class='ocrx_word' id='word_1_235' title='bbox 864 2327 980 2400; x_wconf 87' lang='lat' dir='ltr'><strong>Persica,</strong></span> <span class='ocrx_word' id='word_1_236' title='bbox 1036 2325 1136 2398; x_wconf 83' lang='grc' dir='ltr'>Ἰνδῶν,</span> <span class='ocrx_word' id='word_1_237' title='bbox 1155 2328 1200 2387; x_wconf 81' lang='grc' dir='ltr'><strong>καί</strong></span> <span class='ocrx_word' id='word_1_238' title='bbox 1221 2333 1254 2408; x_wconf 81' lang='grc' dir='ltr'>τῇ</span> <span class='ocrx_word' id='word_1_239' title='bbox 1269 2333 1322 2387; x_wconf 88' lang='grc' dir='ltr'>τῶν</span> <span class='ocrx_word' id='word_1_240' title='bbox 1342 2330 1452 2389; x_wconf 83' lang='grc' dir='ltr'>Σκυθῶν</span> <span class='ocrx_word' id='word_1_241' title='bbox 1465 2332 1619 2412; x_wconf 80' lang='grc' dir='ltr'>έφθέγγετο,</span> <span class='ocrx_word' id='word_1_242' title='bbox 1629 2333 1701 2394; x_wconf 79' lang='grc' dir='ltr'>ὥστε</span> <span class='ocrx_word' id='word_1_243' title='bbox 1715 2342 1806 2413; x_wconf 86' lang='grc' dir='ltr'>μαθεῖν</span> 
     </span>
     <span class='ocr_line' id='line_1_22' title="bbox 262 2417 1806 2504; baseline 0.003 -23"><span class='ocrx_word' id='word_1_244' title='bbox 262 2434 288 2481; x_wconf 91' lang='lat' dir='ltr'><strong>et</strong></span> <span class='ocrx_word' id='word_1_245' title='bbox 307 2421 415 2500; x_wconf 88' lang='lat' dir='ltr'><strong>ludica,</strong></span> <span class='ocrx_word' id='word_1_246' title='bbox 429 2435 455 2483; x_wconf 92' lang='lat' dir='ltr'><strong>et</strong></span> <span class='ocrx_word' id='word_1_247' title='bbox 472 2421 600 2504; x_wconf 78' lang='lat' dir='ltr'><strong>Scythica</strong></span> <span class='ocrx_word' id='word_1_248' title='bbox 619 2422 796 2500; x_wconf 89' lang='lat' dir='ltr'><strong>loquebatur;</strong></span> <span class='ocrx_word' id='word_1_249' title='bbox 814 2421 853 2479; x_wconf 90' lang='lat' dir='ltr'><strong>sic</strong></span> <span class='ocrx_word' id='word_1_250' title='bbox 872 2434 903 2479; x_wconf 89' lang='lat' dir='ltr'><strong>ut</strong></span> <span class='ocrx_word' id='word_1_251' title='bbox 918 2441 981 2479; x_wconf 90' lang='lat' dir='ltr'><strong>eum</strong></span> <span class='ocrx_word' id='word_1_252' title='bbox 1035 2418 1081 2477; x_wconf 80' lang='grc' dir='ltr'><strong>καί</strong></span> <span class='ocrx_word' id='word_1_253' title='bbox 1090 2417 1150 2486; x_wconf 73' lang='lat' dir='ltr'><strong>rob&lt;</strong></span> <span class='ocrx_word' id='word_1_254' title='bbox 1166 2419 1307 2492; x_wconf 74' lang='grc' dir='ltr'>ἀπίστως,</span> <span class='ocrx_word' id='word_1_255' title='bbox 1318 2418 1359 2481; x_wconf 77' lang='grc' dir='ltr'><strong>ὅτι</strong></span> <span class='ocrx_word' id='word_1_256' title='bbox 1373 2422 1528 2502; x_wconf 81' lang='grc' dir='ltr'>Πνεάματος</span> <span class='ocrx_word' id='word_1_257' title='bbox 1541 2423 1616 2504; x_wconf 79' lang='grc' dir='ltr'>ἁγίου</span> <span class='ocrx_word' id='word_1_258' title='bbox 1631 2425 1739 2496; x_wconf 81' lang='grc' dir='ltr'>ἠξίωτο.</span> <span class='ocrx_word' id='word_1_259' title='bbox 1753 2430 1806 2488; x_wconf 80' lang='lat' dir='ltr'><strong>Kal</strong></span> 
     </span>
     <span class='ocr_line' id='line_1_23' title="bbox 261 2501 1805 2598; baseline 0.003 -24"><span class='ocrx_word' id='word_1_260' title='bbox 261 2513 367 2595; x_wconf 89' lang='lat' dir='ltr'><strong>Spiritu</strong></span> <span class='ocrx_word' id='word_1_261' title='bbox 388 2529 480 2576; x_wconf 92' lang='lat' dir='ltr'><strong>sancto</strong></span> <span class='ocrx_word' id='word_1_262' title='bbox 501 2514 632 2575; x_wconf 89' lang='lat' dir='ltr'><strong>donatum</strong></span> <span class='ocrx_word' id='word_1_263' title='bbox 650 2535 705 2574; x_wconf 86' lang='lat' dir='ltr'><strong>csse</strong></span> <span class='ocrx_word' id='word_1_264' title='bbox 719 2513 898 2593; x_wconf 80' lang='lat' dir='ltr'><strong>intelligerent</strong></span> <span class='ocrx_word' id='word_1_265' title='bbox 917 2513 981 2573; x_wconf 87' lang='lat' dir='ltr'><strong>inli—</strong></span> <span class='ocrx_word' id='word_1_266' title='bbox 1034 2501 1067 2583; x_wconf 70' lang='grc' dir='ltr'><strong>ἦν</strong></span> <span class='ocrx_word' id='word_1_267' title='bbox 1086 2509 1181 2590; x_wconf 78' lang='grc' dir='ltr'>τὸμὲν</span> <span class='ocrx_word' id='word_1_268' title='bbox 1202 2518 1311 2591; x_wconf 83' lang='grc' dir='ltr'>σημεῖον</span> <span class='ocrx_word' id='word_1_269' title='bbox 1327 2515 1461 2589; x_wconf 73' lang='grc' dir='ltr'>αἰσθητὸν,</span> <span class='ocrx_word' id='word_1_270' title='bbox 1479 2516 1619 2588; x_wconf 77' lang='grc' dir='ltr'>ἡτοιαύτη</span> <span class='ocrx_word' id='word_1_271' title='bbox 1631 2517 1705 2598; x_wconf 76' lang='grc' dir='ltr'>φωνὴ</span> <span class='ocrx_word' id='word_1_272' title='bbox 1720 2518 1805 2598; x_wconf 81' lang='grc' dir='ltr'>λέγω</span> 
     </span>
     <span class='ocr_line' id='line_1_24' title="bbox 260 2602 1804 2689; baseline 0.008 -26"><span class='ocrx_word' id='word_1_273' title='bbox 260 2602 342 2664; x_wconf 87' lang='lat' dir='ltr'><strong>deles.</strong></span> <span class='ocrx_word' id='word_1_274' title='bbox 360 2608 400 2666; x_wconf 77' lang='lat' dir='ltr'><strong>hc</strong></span> <span class='ocrx_word' id='word_1_275' title='bbox 423 2607 532 2688; x_wconf 88' lang='lat' dir='ltr'><strong>signum</strong></span> <span class='ocrx_word' id='word_1_276' title='bbox 555 2605 664 2686; x_wconf 91' lang='lat' dir='ltr'><strong>quidem</strong></span> <span class='ocrx_word' id='word_1_277' title='bbox 685 2607 807 2667; x_wconf 91' lang='lat' dir='ltr'><strong>sensibus</strong></span> <span class='ocrx_word' id='word_1_278' title='bbox 829 2607 980 2687; x_wconf 84' lang='lat' dir='ltr'><strong>subjectum</strong></span> <span class='ocrx_word' id='word_1_279' title='bbox 1033 2603 1132 2685; x_wconf 76' lang='grc' dir='ltr'>τῇγὰρ</span> <span class='ocrx_word' id='word_1_280' title='bbox 1147 2605 1267 2678; x_wconf 75' lang='grc' dir='ltr'>αἰσθήσει</span> <span class='ocrx_word' id='word_1_281' title='bbox 1280 2610 1325 2666; x_wconf 77' lang='grc' dir='ltr'><strong>τοῦ</strong></span> <span class='ocrx_word' id='word_1_282' title='bbox 1347 2604 1469 2689; x_wconf 67' lang='grc' dir='ltr'>σώματος</span> <span class='ocrx_word' id='word_1_283' title='bbox 1496 2609 1576 2680; x_wconf 81' lang='grc' dir='ltr'>οὖτῆ(</span> <span class='ocrx_word' id='word_1_284' title='bbox 1592 2608 1702 2680; x_wconf 75' lang='grc' dir='ltr'>ἤκουον·</span> <span class='ocrx_word' id='word_1_285' title='bbox 1716 2610 1804 2684; x_wconf 61' lang='lat' dir='ltr'><strong>eludi</strong></span> 
     </span>
     <span class='ocr_line' id='line_1_25' title="bbox 260 2696 1804 2786; baseline 0.007 -33"><span class='ocrx_word' id='word_1_286' title='bbox 260 2710 328 2768; x_wconf 88' lang='lat' dir='ltr'><strong>erat,</strong></span> <span class='ocrx_word' id='word_1_287' title='bbox 345 2697 406 2755; x_wconf 87' lang='lat' dir='ltr'><strong>talis</strong></span> <span class='ocrx_word' id='word_1_288' title='bbox 420 2696 754 2776; x_wconf 75' lang='lat' dir='ltr'><strong>inquamvoxasiquidem</strong></span> <span class='ocrx_word' id='word_1_289' title='bbox 766 2698 886 2778; x_wconf 89' lang='lat' dir='ltr'><strong>corporis</strong></span> <span class='ocrx_word' id='word_1_290' title='bbox 901 2719 979 2756; x_wconf 91' lang='lat' dir='ltr'><strong>sensu</strong></span> <span class='ocrx_word' id='word_1_291' title='bbox 1032 2697 1129 2772; x_wconf 81' lang='grc' dir='ltr'>νοητλν</span> <span class='ocrx_word' id='word_1_292' title='bbox 1141 2699 1187 2758; x_wconf 81' lang='grc' dir='ltr'>καλ</span> <span class='ocrx_word' id='word_1_293' title='bbox 1198 2702 1248 2779; x_wconf 84' lang='grc' dir='ltr'><strong>οὐχ</strong></span> <span class='ocrx_word' id='word_1_294' title='bbox 1267 2700 1403 2782; x_wconf 83' lang='grc' dir='ltr'>ὁρωμένην</span> <span class='ocrx_word' id='word_1_295' title='bbox 1412 2708 1457 2761; x_wconf 80' lang='grc' dir='ltr'><strong>τοῦ</strong></span> <span class='ocrx_word' id='word_1_296' title='bbox 1472 2700 1628 2780; x_wconf 84' lang='grc' dir='ltr'>Πνειίματος</span> <span class='ocrx_word' id='word_1_297' title='bbox 1647 2704 1728 2786; x_wconf 80' lang='grc' dir='ltr'>χάριν</span> <span class='ocrx_word' id='word_1_298' title='bbox 1739 2715 1804 2766; x_wconf 75' lang='grc' dir='ltr'>πᾶσι</span> 
     </span>
     <span class='ocr_line' id='line_1_26' title="bbox 259 2787 1804 2871; baseline 0.006 -25"><span class='ocrx_word' id='word_1_299' title='bbox 259 2787 338 2847; x_wconf 89' lang='lat' dir='ltr'><strong>illam</strong></span> <span class='ocrx_word' id='word_1_300' title='bbox 360 2787 527 2849; x_wconf 85' lang='lat' dir='ltr'><strong>audiebant:</strong></span> <span class='ocrx_word' id='word_1_301' title='bbox 554 2790 723 2871; x_wconf 88' lang='lat' dir='ltr'><strong>spiritualem</strong></span> <span class='ocrx_word' id='word_1_302' title='bbox 745 2803 845 2866; x_wconf 86' lang='lat' dir='ltr'><strong>autern,</strong></span> <span class='ocrx_word' id='word_1_303' title='bbox 869 2804 895 2850; x_wconf 93' lang='lat' dir='ltr'><strong>ct</strong></span> <span class='ocrx_word' id='word_1_304' title='bbox 920 2812 979 2869; x_wconf 75' lang='lat' dir='ltr'><strong>quae</strong></span> <span class='ocrx_word' id='word_1_305' title='bbox 1032 2790 1063 2849; x_wconf 79' lang='lat' dir='ltr'><strong>rb</strong></span> <span class='ocrx_word' id='word_1_306' title='bbox 1088 2789 1211 2863; x_wconf 81' lang='grc' dir='ltr'>αἰσθητὸν</span> <span class='ocrx_word' id='word_1_307' title='bbox 1233 2797 1310 2852; x_wconf 83' lang='grc' dir='ltr'>τοῦτο</span> <span class='ocrx_word' id='word_1_308' title='bbox 1332 2801 1441 2870; x_wconf 84' lang='grc' dir='ltr'>σημεῖον</span> <span class='ocrx_word' id='word_1_309' title='bbox 1462 2793 1610 2866; x_wconf 72' lang='grc' dir='ltr'>κατάδηλον</span> <span class='ocrx_word' id='word_1_310' title='bbox 1637 2797 1732 2858; x_wconf 79' lang='grc' dir='ltr'>ἐποίει.</span> <span class='ocrx_word' id='word_1_311' title='bbox 1751 2799 1804 2858; x_wconf 82' lang='grc' dir='ltr'>Καὶ</span> 
     </span>
     <span class='ocr_line' id='line_1_27' title="bbox 260 2879 1803 2968; baseline 0.009 -32"><span class='ocrx_word' id='word_1_312' title='bbox 260 2879 372 2939; x_wconf 91' lang='lat' dir='ltr'><strong>minime</strong></span> <span class='ocrx_word' id='word_1_313' title='bbox 386 2881 553 2958; x_wconf 87' lang='lat' dir='ltr'><strong>cernebatur,</strong></span> <span class='ocrx_word' id='word_1_314' title='bbox 565 2881 685 2963; x_wconf 87' lang='lat' dir='ltr'><strong>Spiritus</strong></span> <span class='ocrx_word' id='word_1_315' title='bbox 698 2882 813 2961; x_wconf 82' lang='lat' dir='ltr'><strong>gratiam</strong></span> <span class='ocrx_word' id='word_1_316' title='bbox 826 2882 979 2962; x_wconf 83' lang='lat' dir='ltr'><strong>subjectum</strong></span> <span class='ocrx_word' id='word_1_317' title='bbox 1032 2888 1108 2943; x_wconf 78' lang='grc' dir='ltr'>τοῦτο</span> <span class='ocrx_word' id='word_1_318' title='bbox 1126 2883 1157 2942; x_wconf 86' lang='grc' dir='ltr'>τὸ</span> <span class='ocrx_word' id='word_1_319' title='bbox 1180 2892 1288 2962; x_wconf 80' lang='grc' dir='ltr'>σημεῖον</span> <span class='ocrx_word' id='word_1_320' title='bbox 1310 2887 1430 2944; x_wconf 74' lang='grc' dir='ltr'>ἐκαλεῖτο</span> <span class='ocrx_word' id='word_1_321' title='bbox 1449 2886 1512 2965; x_wconf 83' lang='grc' dir='ltr'>γένη</span> <span class='ocrx_word' id='word_1_322' title='bbox 1535 2889 1675 2964; x_wconf 84' lang='grc' dir='ltr'>γλωσσῶν.</span> <span class='ocrx_word' id='word_1_323' title='bbox 1693 2887 1729 2950; x_wconf 88' lang='lat'><strong>‘0</strong></span> <span class='ocrx_word' id='word_1_324' title='bbox 1752 2889 1803 2968; x_wconf 68' lang='grc' dir='ltr'>γάρ</span> 
     </span>
     <span class='ocr_line' id='line_1_28' title="bbox 260 2972 1802 3058; baseline 0.008 -28"><span class='ocrx_word' id='word_1_325' title='bbox 260 2972 382 3032; x_wconf 86' lang='lat' dir='ltr'><strong>sensibus</strong></span> <span class='ocrx_word' id='word_1_326' title='bbox 393 2973 501 3052; x_wconf 88' lang='lat' dir='ltr'><strong>signum</strong></span> <span class='ocrx_word' id='word_1_327' title='bbox 514 2973 587 3034; x_wconf 87' lang='lat' dir='ltr'><strong>istud</strong></span> <span class='ocrx_word' id='word_1_328' title='bbox 598 2974 723 3035; x_wconf 85' lang='lat' dir='ltr'><strong>omnibus</strong></span> <span class='ocrx_word' id='word_1_329' title='bbox 736 2975 904 3034; x_wconf 77' lang='lat' dir='ltr'><strong>manifestam</strong></span> <span class='ocrx_word' id='word_1_330' title='bbox 919 2976 980 3036; x_wconf 89' lang='lat' dir='ltr'><strong>red·</strong></span> <span class='ocrx_word' id='word_1_331' title='bbox 1033 2974 1096 3051; x_wconf 84' lang='grc' dir='ltr'>μίαν</span> <span class='ocrx_word' id='word_1_332' title='bbox 1111 2976 1234 3053; x_wconf 86' lang='grc' dir='ltr'>γλῶσσαν</span> <span class='ocrx_word' id='word_1_333' title='bbox 1251 2973 1319 3056; x_wconf 79' lang='grc' dir='ltr'>έχων</span> <span class='ocrx_word' id='word_1_334' title='bbox 1333 2976 1386 3036; x_wconf 79' lang='grc' dir='ltr'><strong>ἀπὸ</strong></span> <span class='ocrx_word' id='word_1_335' title='bbox 1400 2980 1448 3048; x_wconf 79' lang='grc' dir='ltr'>τῆς</span> <span class='ocrx_word' id='word_1_336' title='bbox 1460 2977 1576 3058; x_wconf 77' lang='grc' dir='ltr'>φύσεως,</span> <span class='ocrx_word' id='word_1_337' title='bbox 1592 2981 1730 3049; x_wconf 76' lang='grc' dir='ltr'>ποικίλαις</span> <span class='ocrx_word' id='word_1_338' title='bbox 1742 2983 1802 3042; x_wconf 77' lang='grc' dir='ltr'>ἐλά·</span> 
     </span>
     <span class='ocr_line' id='line_1_29' title="bbox 260 3061 1803 3152; baseline 0.01 -31"><span class='ocrx_word' id='word_1_339' title='bbox 260 3061 352 3122; x_wconf 90' lang='lat' dir='ltr'><strong>debat.</strong></span> <span class='ocrx_word' id='word_1_340' title='bbox 369 3065 405 3123; x_wconf 90' lang='lat' dir='ltr'><strong>Et</strong></span> <span class='ocrx_word' id='word_1_341' title='bbox 417 3064 468 3124; x_wconf 91' lang='lat' dir='ltr'><strong>hoc</strong></span> <span class='ocrx_word' id='word_1_342' title='bbox 483 3064 592 3146; x_wconf 90' lang='lat' dir='ltr'><strong>signum</strong></span> <span class='ocrx_word' id='word_1_343' title='bbox 606 3087 701 3146; x_wconf 88' lang='lat' dir='ltr'><strong>genera</strong></span> <span class='ocrx_word' id='word_1_344' title='bbox 715 3066 870 3146; x_wconf 86' lang='lat' dir='ltr'><strong>linguarum</strong></span> <span class='ocrx_word' id='word_1_345' title='bbox 884 3069 979 3148; x_wconf 92' lang='lat' dir='ltr'><strong>appel-</strong></span> <span class='ocrx_word' id='word_1_346' title='bbox 1032 3069 1073 3126; x_wconf 85' lang='grc' dir='ltr'>λιι</span> <span class='ocrx_word' id='word_1_347' title='bbox 1085 3067 1218 3148; x_wconf 79' lang='grc' dir='ltr'>γλώσσαις</span> <span class='ocrx_word' id='word_1_348' title='bbox 1233 3069 1279 3129; x_wconf 75' lang='lat' dir='ltr'><strong>ael</strong></span> <span class='ocrx_word' id='word_1_349' title='bbox 1296 3070 1427 3151; x_wconf 84' lang='grc' dir='ltr'>διαφόροις</span> <span class='ocrx_word' id='word_1_350' title='bbox 1449 3071 1502 3131; x_wconf 80' lang='grc' dir='ltr'><strong>ἀπὸ</strong></span> <span class='ocrx_word' id='word_1_351' title='bbox 1515 3075 1563 3142; x_wconf 76' lang='grc' dir='ltr'>τῆς</span> <span class='ocrx_word' id='word_1_352' title='bbox 1576 3072 1699 3152; x_wconf 88' lang='grc' dir='ltr'>χάριτος·</span> <span class='ocrx_word' id='word_1_353' title='bbox 1710 3067 1803 3150; x_wconf 68' lang='grc' dir='ltr'>καὶῆν</span> 
     </span>
     <span class='ocr_line' id='line_1_30' title="bbox 242 3152 1803 3243; baseline 0.012 -32"><span class='ocrx_word' id='word_1_354' title='bbox 242 3152 377 3215; x_wconf 80' lang='lat' dir='ltr'><strong>labatur.</strong></span> <span class='ocrx_word' id='word_1_355' title='bbox 395 3155 451 3229; x_wconf 90' lang='lat' dir='ltr'><strong>Qui</strong></span> <span class='ocrx_word' id='word_1_356' title='bbox 473 3157 546 3216; x_wconf 93' lang='lat' dir='ltr'><strong>enim</strong></span> <span class='ocrx_word' id='word_1_357' title='bbox 569 3160 675 3217; x_wconf 87' lang='lat' dir='ltr'><strong>unicam</strong></span> <span class='ocrx_word' id='word_1_358' title='bbox 697 3181 712 3217; x_wconf 88' lang='lat' dir='ltr'><strong>a</strong></span> <span class='ocrx_word' id='word_1_359' title='bbox 736 3173 833 3218; x_wconf 87' lang='lat' dir='ltr'><strong>natura</strong></span> <span class='ocrx_word' id='word_1_360' title='bbox 857 3158 977 3241; x_wconf 89' lang='lat' dir='ltr'><strong>linguam</strong></span> <span class='ocrx_word' id='word_1_361' title='bbox 1031 3161 1095 3228; x_wconf 73' lang='lat' dir='ltr'><strong>ideis</strong></span> <span class='ocrx_word' id='word_1_362' title='bbox 1110 3161 1246 3242; x_wconf 79' lang='grc' dir='ltr'>ἄνθρωπον</span> <span class='ocrx_word' id='word_1_363' title='bbox 1260 3163 1306 3221; x_wconf 84' lang='grc' dir='ltr'>ἕνα</span> <span class='ocrx_word' id='word_1_364' title='bbox 1321 3159 1368 3241; x_wconf 79' lang='grc' dir='ltr'>μὲν</span> <span class='ocrx_word' id='word_1_365' title='bbox 1381 3166 1420 3242; x_wconf 79' lang='grc' dir='ltr'>τῷ</span> <span class='ocrx_word' id='word_1_366' title='bbox 1434 3167 1553 3243; x_wconf 80' lang='grc' dir='ltr'>ἀριθμῷ,</span> <span class='ocrx_word' id='word_1_367' title='bbox 1575 3167 1695 3228; x_wconf 87' lang='grc' dir='ltr'>ποικίλον</span> <span class='ocrx_word' id='word_1_368' title='bbox 1710 3168 1803 3236; x_wconf 78' lang='grc' dir='ltr'>δέτοῖς</span> 
     </span>
     <span class='ocr_line' id='line_1_31' title="bbox 258 3244 1802 3342; baseline 0.01 -39"><span class='ocrx_word' id='word_1_369' title='bbox 258 3244 386 3319; x_wconf 85' lang='lat' dir='ltr'><strong>babebat,</strong></span> <span class='ocrx_word' id='word_1_370' title='bbox 401 3247 531 3309; x_wconf 84' lang='lat' dir='ltr'><strong>beneficio</strong></span> <span class='ocrx_word' id='word_1_371' title='bbox 545 3249 636 3330; x_wconf 80' lang='lat' dir='ltr'><strong>gratiae</strong></span> <span class='ocrx_word' id='word_1_372' title='bbox 649 3250 733 3310; x_wconf 84' lang='lat' dir='ltr'><strong>variis</strong></span> <span class='ocrx_word' id='word_1_373' title='bbox 745 3271 777 3311; x_wconf 91' lang='lat' dir='ltr'><strong>ac</strong></span> <span class='ocrx_word' id='word_1_374' title='bbox 791 3251 977 3313; x_wconf 82' lang='lat' dir='ltr'><strong>differentibus</strong></span> <span class='ocrx_word' id='word_1_375' title='bbox 1030 3252 1194 3332; x_wconf 83' lang='grc' dir='ltr'>χαρίσματι,</span> <span class='ocrx_word' id='word_1_376' title='bbox 1204 3254 1250 3314; x_wconf 82' lang='grc' dir='ltr'>καλ</span> <span class='ocrx_word' id='word_1_377' title='bbox 1261 3254 1373 3335; x_wconf 83' lang='grc' dir='ltr'>διάφορα</span> <span class='ocrx_word' id='word_1_378' title='bbox 1387 3253 1507 3333; x_wconf 84' lang='grc' dir='ltr'>στόματα</span> <span class='ocrx_word' id='word_1_379' title='bbox 1526 3257 1636 3338; x_wconf 84' lang='grc' dir='ltr'>ἔχοντα,</span> <span class='ocrx_word' id='word_1_380' title='bbox 1648 3260 1694 3320; x_wconf 80' lang='grc' dir='ltr'><strong>καί</strong></span> <span class='ocrx_word' id='word_1_381' title='bbox 1708 3261 1802 3342; x_wconf 81' lang='grc' dir='ltr'>διαφό-</span> 
     </span>
     <span class='ocr_line' id='line_1_32' title="bbox 258 3334 1802 3426; baseline 0.013 -33"><span class='ocrx_word' id='word_1_382' title='bbox 258 3334 360 3415; x_wconf 85' lang='lat' dir='ltr'><strong>linguis</strong></span> <span class='ocrx_word' id='word_1_383' title='bbox 373 3338 533 3418; x_wconf 84' lang='lat' dir='ltr'><strong>loquebatur</strong></span> <span class='ocrx_word' id='word_1_384' title='bbox 557 3364 565 3397; x_wconf 79' lang='grc' dir='ltr'><strong>ι</strong></span> <span class='ocrx_word' id='word_1_385' title='bbox 588 3361 620 3400; x_wconf 87' lang='lat' dir='ltr'><strong>ac</strong></span> <span class='ocrx_word' id='word_1_386' title='bbox 645 3342 736 3403; x_wconf 87' lang='lat' dir='ltr'><strong>ridere</strong></span> <span class='ocrx_word' id='word_1_387' title='bbox 759 3356 816 3402; x_wconf 90' lang='lat' dir='ltr'><strong>erat</strong></span> <span class='ocrx_word' id='word_1_388' title='bbox 840 3343 977 3406; x_wconf 89' lang='lat' dir='ltr'><strong>hominem</strong></span> <span class='ocrx_word' id='word_1_389' title='bbox 994 3367 1013 3414; x_wconf 82' lang='lat' dir='ltr'><strong>n</strong></span> <span class='ocrx_word' id='word_1_390' title='bbox 1032 3367 1091 3425; x_wconf 82' lang='grc' dir='ltr'>ρους</span> <span class='ocrx_word' id='word_1_391' title='bbox 1100 3345 1232 3423; x_wconf 88' lang='grc' dir='ltr'>γλώσσας.</span> <span class='ocrx_word' id='word_1_392' title='bbox 1243 3347 1355 3426; x_wconf 85' lang='grc' dir='ltr'>Ἰθωμεν</span> <span class='ocrx_word' id='word_1_393' title='bbox 1365 3338 1410 3407; x_wconf 71' lang='grc' dir='ltr'>οὖν</span> <span class='ocrx_word' id='word_1_394' title='bbox 1420 3352 1477 3416; x_wconf 87' lang='grc' dir='ltr'><strong>πῶς</strong></span> <span class='ocrx_word' id='word_1_395' title='bbox 1490 3353 1504 3408; x_wconf 85' lang='grc' dir='ltr'>θ</span> <span class='ocrx_word' id='word_1_396' title='bbox 1517 3350 1662 3419; x_wconf 74' lang='grc' dir='ltr'>ἀπόπολις</span> <span class='ocrx_word' id='word_1_397' title='bbox 1670 3352 1802 3414; x_wconf 73' lang='grc' dir='ltr'>καὶτοῦτο</span> 
     </span>
     <span class='ocr_line' id='line_1_33' title="bbox 258 3425 1800 3527; baseline 0.014 -40"><span class='ocrx_word' id='word_1_398' title='bbox 258 3448 370 3489; x_wconf 92' lang='lat' dir='ltr'><strong>numero</strong></span> <span class='ocrx_word' id='word_1_399' title='bbox 380 3430 491 3511; x_wconf 90' lang='lat' dir='ltr'><strong>quidem</strong></span> <span class='ocrx_word' id='word_1_400' title='bbox 506 3453 601 3511; x_wconf 90' lang='lat' dir='ltr'><strong>unum,</strong></span> <span class='ocrx_word' id='word_1_401' title='bbox 615 3434 722 3495; x_wconf 77' lang='lat' dir='ltr'><strong>varium</strong></span> <span class='ocrx_word' id='word_1_402' title='bbox 733 3450 823 3496; x_wconf 88' lang='lat' dir='ltr'><strong>autem</strong></span> <span class='ocrx_word' id='word_1_403' title='bbox 840 3436 930 3516; x_wconf 89' lang='lat' dir='ltr'><strong>donis,</strong></span> <span class='ocrx_word' id='word_1_404' title='bbox 945 3460 977 3499; x_wconf 94' lang='lat' dir='ltr'><strong>ac</strong></span> <span class='ocrx_word' id='word_1_405' title='bbox 1031 3425 1088 3516; x_wconf 77' lang='grc' dir='ltr'>εἶχε</span> <span class='ocrx_word' id='word_1_406' title='bbox 1100 3438 1132 3498; x_wconf 80' lang='grc' dir='ltr'>τὸ</span> <span class='ocrx_word' id='word_1_407' title='bbox 1143 3443 1275 3520; x_wconf 82' lang='grc' dir='ltr'>χάρισμα,</span> <span class='ocrx_word' id='word_1_408' title='bbox 1290 3438 1382 3498; x_wconf 77' lang='grc' dir='ltr'>καὶτὰ</span> <span class='ocrx_word' id='word_1_409' title='bbox 1396 3440 1465 3500; x_wconf 85' lang='grc' dir='ltr'>ἄλλα</span> <span class='ocrx_word' id='word_1_410' title='bbox 1478 3441 1575 3502; x_wconf 90' lang='grc' dir='ltr'>πάντα.</span> <span class='ocrx_word' id='word_1_411' title='bbox 1591 3445 1660 3527; x_wconf 80' lang='grc' dir='ltr'>Περὶ</span> <span class='ocrx_word' id='word_1_412' title='bbox 1672 3444 1723 3523; x_wconf 77' lang='grc' dir='ltr'>μέν</span> <span class='ocrx_word' id='word_1_413' title='bbox 1737 3448 1800 3508; x_wconf 76' lang='grc' dir='ltr'>τοί-</span> 
     </span>
     <span class='ocr_line' id='line_1_34' title="bbox 257 3517 1800 3616; baseline 0.015 -37"><span class='ocrx_word' id='word_1_414' title='bbox 257 3517 364 3581; x_wconf 85' lang='lat' dir='ltr'><strong>diversa</strong></span> <span class='ocrx_word' id='word_1_415' title='bbox 387 3523 569 3604; x_wconf 89' lang='lat' dir='ltr'><strong>possidentem</strong></span> <span class='ocrx_word' id='word_1_416' title='bbox 590 3548 648 3605; x_wconf 89' lang='lat' dir='ltr'><strong>ora,</strong></span> <span class='ocrx_word' id='word_1_417' title='bbox 664 3527 823 3608; x_wconf 87' lang='lat' dir='ltr'><strong>linguasque</strong></span> <span class='ocrx_word' id='word_1_418' title='bbox 844 3530 974 3592; x_wconf 87' lang='lat' dir='ltr'><strong>diversas.</strong></span> <span class='ocrx_word' id='word_1_419' title='bbox 1030 3550 1076 3588; x_wconf 91' lang='grc' dir='ltr'><strong>του</strong></span> <span class='ocrx_word' id='word_1_420' title='bbox 1099 3528 1168 3589; x_wconf 76' lang='grc' dir='ltr'>οὕτω</span> <span class='ocrx_word' id='word_1_421' title='bbox 1191 3531 1281 3612; x_wconf 83' lang='grc' dir='ltr'>λέγει·</span> <span class='ocrx_word' id='word_1_422' title='bbox 1302 3531 1415 3592; x_wconf 84' lang='grc' dir='ltr'>Πάντων</span> <span class='ocrx_word' id='word_1_423' title='bbox 1441 3536 1515 3611; x_wconf 80' lang='grc' dir='ltr'>ὑμῶν</span> <span class='ocrx_word' id='word_1_424' title='bbox 1539 3536 1640 3613; x_wconf 61' lang='grc' dir='ltr'>μάλλον</span> <span class='ocrx_word' id='word_1_425' title='bbox 1666 3539 1800 3616; x_wconf 80' lang='grc' dir='ltr'>γλώσσαις</span> 
     </span>
     <span class='ocr_line' id='line_1_35' title="bbox 259 3611 1800 3709; baseline 0.014 -36"><span class='ocrx_word' id='word_1_426' title='bbox 259 3611 410 3674; x_wconf 84' lang='lat' dir='ltr'><strong>Videamus</strong></span> <span class='ocrx_word' id='word_1_427' title='bbox 423 3615 513 3695; x_wconf 88' lang='lat' dir='ltr'><strong>itaque</strong></span> <span class='ocrx_word' id='word_1_428' title='bbox 523 3633 669 3699; x_wconf 85' lang='lat' dir='ltr'><strong>qucpacto</strong></span> <span class='ocrx_word' id='word_1_429' title='bbox 681 3622 824 3702; x_wconf 78' lang='lat' dir='ltr'><strong>Apostolus</strong></span> <span class='ocrx_word' id='word_1_430' title='bbox 842 3622 893 3683; x_wconf 86' lang='lat' dir='ltr'><strong>hoc</strong></span> <span class='ocrx_word' id='word_1_431' title='bbox 909 3645 974 3702; x_wconf 91' lang='lat' dir='ltr'><strong>quo·</strong></span> <span class='ocrx_word' id='word_1_432' title='bbox 1029 3622 1111 3682; x_wconf 84' lang='grc' dir='ltr'>λαλῶ.</span> <span class='ocrx_word' id='word_1_433' title='bbox 1122 3615 1199 3693; x_wconf 80' lang='grc' dir='ltr'>Εἶδες</span> <span class='ocrx_word' id='word_1_434' title='bbox 1215 3630 1271 3692; x_wconf 87' lang='grc' dir='ltr'><strong>πῶς</strong></span> <span class='ocrx_word' id='word_1_435' title='bbox 1281 3626 1338 3707; x_wconf 73' lang='grc' dir='ltr'>ἔχει</span> <span class='ocrx_word' id='word_1_436' title='bbox 1351 3626 1384 3685; x_wconf 78' lang='grc' dir='ltr'>τὰ</span> <span class='ocrx_word' id='word_1_437' title='bbox 1397 3626 1461 3705; x_wconf 83' lang='grc' dir='ltr'>γένη</span> <span class='ocrx_word' id='word_1_438' title='bbox 1473 3629 1525 3685; x_wconf 88' lang='grc' dir='ltr'>τῶν</span> <span class='ocrx_word' id='word_1_439' title='bbox 1540 3630 1679 3709; x_wconf 85' lang='grc' dir='ltr'>γλωσσῶν,</span> <span class='ocrx_word' id='word_1_440' title='bbox 1694 3633 1741 3692; x_wconf 85' lang='grc' dir='ltr'>καὶ</span> <span class='ocrx_word' id='word_1_441' title='bbox 1753 3636 1800 3694; x_wconf 70' lang='lat' dir='ltr'><strong>oux</strong></span> 
     </span>
     <span class='ocr_line' id='line_1_36' title="bbox 258 3706 1799 3799; baseline 0.016 -36"><span class='ocrx_word' id='word_1_442' title='bbox 258 3725 311 3782; x_wconf 92' lang='lat' dir='ltr'><strong>que</strong></span> <span class='ocrx_word' id='word_1_443' title='bbox 323 3706 425 3766; x_wconf 91' lang='lat' dir='ltr'><strong>donum</strong></span> <span class='ocrx_word' id='word_1_444' title='bbox 440 3709 562 3788; x_wconf 83' lang='lat' dir='ltr'><strong>baberet,</strong></span> <span class='ocrx_word' id='word_1_445' title='bbox 575 3724 601 3770; x_wconf 91' lang='lat' dir='ltr'><strong>et</strong></span> <span class='ocrx_word' id='word_1_446' title='bbox 616 3712 669 3772; x_wconf 86' lang='lat' dir='ltr'><strong>alia</strong></span> <span class='ocrx_word' id='word_1_447' title='bbox 684 3715 782 3774; x_wconf 86' lang='lat' dir='ltr'><strong>omnia.</strong></span> <span class='ocrx_word' id='word_1_448' title='bbox 794 3717 835 3776; x_wconf 86' lang='lat' dir='ltr'><strong>De</strong></span> <span class='ocrx_word' id='word_1_449' title='bbox 847 3716 898 3776; x_wconf 92' lang='lat' dir='ltr'><strong>hoc</strong></span> <span class='ocrx_word' id='word_1_450' title='bbox 908 3716 973 3796; x_wconf 89' lang='lat' dir='ltr'><strong>qui·</strong></span> <span class='ocrx_word' id='word_1_451' title='bbox 1029 3713 1085 3796; x_wconf 71' lang='grc' dir='ltr'>ἔχει</span> <span class='ocrx_word' id='word_1_452' title='bbox 1101 3716 1188 3795; x_wconf 83' lang='grc' dir='ltr'>μόνον,</span> <span class='ocrx_word' id='word_1_453' title='bbox 1202 3718 1330 3778; x_wconf 76' lang='grc' dir='ltr'>ἀλλὰκαὶ</span> <span class='ocrx_word' id='word_1_454' title='bbox 1346 3718 1413 3798; x_wconf 74' lang='grc' dir='ltr'>μετὰ</span> <span class='ocrx_word' id='word_1_455' title='bbox 1433 3717 1552 3788; x_wconf 85' lang='grc' dir='ltr'>πλείονος</span> <span class='ocrx_word' id='word_1_456' title='bbox 1572 3723 1723 3799; x_wconf 82' lang='grc' dir='ltr'>θπερίολῆς</span> <span class='ocrx_word' id='word_1_457' title='bbox 1741 3727 1759 3798; x_wconf 80' lang='grc' dir='ltr'>ἣ</span> <span class='ocrx_word' id='word_1_458' title='bbox 1775 3731 1799 3787; x_wconf 82' lang='grc' dir='ltr'><strong>οἱ</strong></span> 
     </span>
     <span class='ocr_line' id='line_1_37' title="bbox 108 3794 1800 3910; baseline 0.02 -63"><span class='ocrx_word' id='word_1_459' title='bbox 108 3794 319 3910; x_wconf 24' lang='lat' dir='ltr'><strong>&amp;confflem</strong></span> <span class='ocrx_word' id='word_1_460' title='bbox 344 3798 382 3856; x_wconf 86' lang='lat' dir='ltr'><strong>ita</strong></span> <span class='ocrx_word' id='word_1_461' title='bbox 405 3799 524 3879; x_wconf 85' lang='lat' dir='ltr'><strong>loquitur</strong></span> <span class='ocrx_word' id='word_1_462' title='bbox 542 3826 548 3859; x_wconf 92' lang='lat'><strong>:</strong></span> <span class='ocrx_word' id='word_1_463' title='bbox 565 3806 663 3884; x_wconf 83' lang='lat' dir='ltr'><strong>Magis</strong></span> <span class='ocrx_word' id='word_1_464' title='bbox 680 3827 772 3886; x_wconf 82' lang='lat' dir='ltr'><strong>quam</strong></span> <span class='ocrx_word' id='word_1_465' title='bbox 795 3829 850 3868; x_wconf 83' lang='lat' dir='ltr'><strong>uos</strong></span> <span class='ocrx_word' id='word_1_466' title='bbox 875 3831 974 3871; x_wconf 88' lang='lat' dir='ltr'><strong>omnes</strong></span> <span class='ocrx_word' id='word_1_467' title='bbox 1027 3809 1116 3870; x_wconf 81' lang='grc' dir='ltr'>λοιποί</span> <span class='ocrx_word' id='word_1_468' title='bbox 1137 3811 1234 3879; x_wconf 85' lang='grc' dir='ltr'>πάντες</span> <span class='ocrx_word' id='word_1_469' title='bbox 1246 3812 1348 3885; x_wconf 87' lang='grc' dir='ltr'>πιστοί;</span> <span class='ocrx_word' id='word_1_470' title='bbox 1368 3815 1409 3872; x_wconf 76' lang='grc' dir='ltr'><strong>Οὐ</strong></span> <span class='ocrx_word' id='word_1_471' title='bbox 1434 3815 1485 3894; x_wconf 75' lang='grc' dir='ltr'>γὰρ</span> <span class='ocrx_word' id='word_1_472' title='bbox 1507 3806 1644 3889; x_wconf 60' lang='lat' dir='ltr'><strong>timbre</strong></span> <span class='ocrx_word' id='word_1_473' title='bbox 1666 3818 1800 3896; x_wconf 73' lang='grc' dir='ltr'>γλώσσαις</span> 
     </span>
     <span class='ocr_line' id='line_1_38' title="bbox 107 3877 1798 3988; baseline 0.015 -41"><span class='ocrx_word' id='word_1_474' title='bbox 107 3877 115 3908; x_wconf 89' lang='lat'>¹</span> <span class='ocrx_word' id='word_1_475' title='bbox 137 3899 143 3910; x_wconf 88' lang='lat'>&#39;</span> <span class='ocrx_word' id='word_1_476' title='bbox 248 3888 366 3968; x_wconf 69' lang='lat' dir='ltr'><strong>lingua</strong></span> <span class='ocrx_word' id='word_1_477' title='bbox 378 3891 490 3971; x_wconf 78' lang='lat' dir='ltr'><strong>loquor.</strong></span> <span class='ocrx_word' id='word_1_478' title='bbox 504 3893 588 3954; x_wconf 83' lang='lat' dir='ltr'><strong>Vides</strong></span> <span class='ocrx_word' id='word_1_479' title='bbox 600 3909 629 3953; x_wconf 87' lang='lat' dir='ltr'><strong>ut</strong></span> <span class='ocrx_word' id='word_1_480' title='bbox 643 3918 738 3975; x_wconf 90' lang='lat' dir='ltr'><strong>genera</strong></span> <span class='ocrx_word' id='word_1_481' title='bbox 752 3898 908 3978; x_wconf 87' lang='lat' dir='ltr'><strong>linguarum</strong></span> <span class='ocrx_word' id='word_1_482' title='bbox 923 3903 974 3962; x_wconf 90' lang='lat' dir='ltr'><strong>ha-</strong></span> <span class='ocrx_word' id='word_1_483' title='bbox 1028 3901 1083 3982; x_wconf 83' lang='grc' dir='ltr'>ίχω</span> <span class='ocrx_word' id='word_1_484' title='bbox 1102 3904 1191 3964; x_wconf 80' lang='grc' dir='ltr'>λαλεῖν</span> <span class='ocrx_word' id='word_1_485' title='bbox 1206 3904 1293 3983; x_wconf 88' lang='grc' dir='ltr'>μόνον,</span> <span class='ocrx_word' id='word_1_486' title='bbox 1308 3904 1377 3964; x_wconf 75' lang='grc' dir='ltr'>ἀλλὰ</span> <span class='ocrx_word' id='word_1_487' title='bbox 1397 3906 1460 3979; x_wconf 83' lang='grc' dir='ltr'>καί,</span> <span class='ocrx_word' id='word_1_488' title='bbox 1483 3908 1595 3967; x_wconf 87' lang='grc' dir='ltr'>Πάντων</span> <span class='ocrx_word' id='word_1_489' title='bbox 1608 3913 1685 3988; x_wconf 76' lang='grc' dir='ltr'>ὑμῶν</span> <span class='ocrx_word' id='word_1_490' title='bbox 1699 3915 1798 3988; x_wconf 67' lang='grc' dir='ltr'>μᾶλλον</span> 
     </span>
     <span class='ocr_line' id='line_1_39' title="bbox 256 3977 1797 4084; baseline 0.017 -47"><span class='ocrx_word' id='word_1_491' title='bbox 256 3977 327 4055; x_wconf 87' lang='lat' dir='ltr'><strong>beat,</strong></span> <span class='ocrx_word' id='word_1_492' title='bbox 336 4001 383 4039; x_wconf 90' lang='lat' dir='ltr'><strong>nec</strong></span> <span class='ocrx_word' id='word_1_493' title='bbox 395 3981 483 4042; x_wconf 90' lang='lat' dir='ltr'><strong>solum</strong></span> <span class='ocrx_word' id='word_1_494' title='bbox 495 3983 657 4061; x_wconf 86' lang='lat' dir='ltr'><strong>habeat,sed</strong></span> <span class='ocrx_word' id='word_1_495' title='bbox 676 3989 773 4067; x_wconf 89' lang='lat' dir='ltr'><strong>majori</strong></span> <span class='ocrx_word' id='word_1_496' title='bbox 783 4011 845 4050; x_wconf 91' lang='lat' dir='ltr'><strong>cum</strong></span> <span class='ocrx_word' id='word_1_497' title='bbox 854 3993 974 4054; x_wconf 89' lang='lat' dir='ltr'><strong>ubertate</strong></span> <span class='ocrx_word' id='word_1_498' title='bbox 1027 3993 1160 4072; x_wconf 89' lang='grc' dir='ltr'>γλώσσαις</span> <span class='ocrx_word' id='word_1_499' title='bbox 1169 3997 1253 4056; x_wconf 88' lang='grc' dir='ltr'>λαλῶ.</span> <span class='ocrx_word' id='word_1_500' title='bbox 1264 3995 1322 4067; x_wconf 78' lang='grc' dir='ltr'><strong>Τὴν</strong></span> <span class='ocrx_word' id='word_1_501' title='bbox 1334 3995 1362 4055; x_wconf 81' lang='grc' dir='ltr'><strong>δέ</strong></span> <span class='ocrx_word' id='word_1_502' title='bbox 1374 3999 1583 4080; x_wconf 81' lang='grc' dir='ltr'>προφητείαν,ἣν</span> <span class='ocrx_word' id='word_1_503' title='bbox 1597 3991 1666 4084; x_wconf 78' lang='grc' dir='ltr'>εἶχε,</span> <span class='ocrx_word' id='word_1_504' title='bbox 1678 4005 1713 4063; x_wconf 83' lang='grc' dir='ltr'>δι’</span> <span class='ocrx_word' id='word_1_505' title='bbox 1727 4005 1797 4065; x_wconf 70' lang='lat' dir='ltr'><strong>taat-</strong></span> 
     </span>
     <span class='ocr_line' id='line_1_40' title="bbox 255 4074 1796 4172; baseline 0.019 -44"><span class='ocrx_word' id='word_1_506' title='bbox 255 4091 337 4148; x_wconf 88' lang='lat' dir='ltr'><strong>quam</strong></span> <span class='ocrx_word' id='word_1_507' title='bbox 358 4074 447 4132; x_wconf 77' lang='lat' dir='ltr'><strong>caeteri</strong></span> <span class='ocrx_word' id='word_1_508' title='bbox 469 4096 561 4135; x_wconf 91' lang='lat' dir='ltr'><strong>omnes</strong></span> <span class='ocrx_word' id='word_1_509' title='bbox 586 4075 696 4137; x_wconf 77' lang='lat' dir='ltr'><strong>fideles?</strong></span> <span class='ocrx_word' id='word_1_510' title='bbox 717 4080 777 4139; x_wconf 89' lang='lat' dir='ltr'><strong>Non</strong></span> <span class='ocrx_word' id='word_1_511' title='bbox 801 4081 875 4141; x_wconf 86' lang='lat' dir='ltr'><strong>enim</strong></span> <span class='ocrx_word' id='word_1_512' title='bbox 901 4082 973 4145; x_wconf 84' lang='lat' dir='ltr'><strong>dixit</strong></span> <span class='ocrx_word' id='word_1_513' title='bbox 1026 4108 1077 4144; x_wconf 92' lang='grc' dir='ltr'><strong>νων</strong></span> <span class='ocrx_word' id='word_1_514' title='bbox 1103 4087 1217 4150; x_wconf 85' lang='grc' dir='ltr'>δείκνυσι</span> <span class='ocrx_word' id='word_1_515' title='bbox 1248 4092 1300 4147; x_wconf 88' lang='grc' dir='ltr'>τῶν</span> <span class='ocrx_word' id='word_1_516' title='bbox 1328 4093 1467 4169; x_wconf 78' lang='grc' dir='ltr'>ῥημάτων,</span> <span class='ocrx_word' id='word_1_517' title='bbox 1489 4092 1558 4152; x_wconf 77' lang='grc' dir='ltr'>οὕτω</span> <span class='ocrx_word' id='word_1_518' title='bbox 1581 4093 1679 4172; x_wconf 80' lang='grc' dir='ltr'>λέγων·</span> <span class='ocrx_word' id='word_1_519' title='bbox 1705 4097 1747 4156; x_wconf 84' lang='grc' dir='ltr'><strong>Τὸ</strong></span> <span class='ocrx_word' id='word_1_520' title='bbox 1770 4096 1796 4157; x_wconf 78' lang='grc' dir='ltr'><strong>δέ</strong></span> 
     </span>
     <span class='ocr_line' id='line_1_41' title="bbox 254 4161 1797 4268; baseline 0.017 -48"><span class='ocrx_word' id='word_1_521' title='bbox 254 4161 347 4237; x_wconf 89' lang='lat' dir='ltr'><strong>modo,</strong></span> <span class='ocrx_word' id='word_1_522' title='bbox 358 4163 473 4244; x_wconf 88' lang='lat' dir='ltr'><strong>Linguis</strong></span> <span class='ocrx_word' id='word_1_523' title='bbox 485 4166 561 4245; x_wconf 91' lang='lat' dir='ltr'><strong>loqui</strong></span> <span class='ocrx_word' id='word_1_524' title='bbox 575 4189 694 4248; x_wconf 88' lang='lat' dir='ltr'><strong>possum,</strong></span> <span class='ocrx_word' id='word_1_525' title='bbox 706 4171 753 4230; x_wconf 87' lang='lat' dir='ltr'><strong>sed</strong></span> <span class='ocrx_word' id='word_1_526' title='bbox 767 4174 865 4253; x_wconf 84' lang='lat' dir='ltr'><strong>Magis</strong></span> <span class='ocrx_word' id='word_1_527' title='bbox 882 4197 971 4255; x_wconf 73' lang='lat' dir='ltr'><strong>queam</strong></span> <span class='ocrx_word' id='word_1_528' title='bbox 1026 4177 1137 4257; x_wconf 80' lang='grc' dir='ltr'>Πνεῦμα</span> <span class='ocrx_word' id='word_1_529' title='bbox 1151 4185 1236 4260; x_wconf 82' lang='grc' dir='ltr'>ῥητῶς</span> <span class='ocrx_word' id='word_1_530' title='bbox 1256 4183 1343 4260; x_wconf 82' lang='grc' dir='ltr'>λέγει,</span> <span class='ocrx_word' id='word_1_531' title='bbox 1360 4182 1400 4241; x_wconf 81' lang='grc' dir='ltr'><strong>ὅτι</strong></span> <span class='ocrx_word' id='word_1_532' title='bbox 1413 4185 1441 4242; x_wconf 79' lang='grc' dir='ltr'><strong>ἐν</strong></span> <span class='ocrx_word' id='word_1_533' title='bbox 1454 4183 1571 4266; x_wconf 82' lang='grc' dir='ltr'>ὑστέροις</span> <span class='ocrx_word' id='word_1_534' title='bbox 1585 4195 1686 4268; x_wconf 87' lang='grc' dir='ltr'>καιροῖς</span> <span class='ocrx_word' id='word_1_535' title='bbox 1702 4189 1797 4262; x_wconf 67' lang='grc' dir='ltr'>ἐνστή-</span> 
     </span>
     <span class='ocr_line' id='line_1_42' title="bbox 255 4258 1797 4363; baseline 0.02 -51"><span class='ocrx_word' id='word_1_536' title='bbox 255 4274 355 4315; x_wconf 85' lang='lat' dir='ltr'><strong>omnes</strong></span> <span class='ocrx_word' id='word_1_537' title='bbox 368 4276 423 4316; x_wconf 83' lang='lat' dir='ltr'><strong>uos</strong></span> <span class='ocrx_word' id='word_1_538' title='bbox 439 4258 547 4338; x_wconf 72' lang='lat' dir='ltr'><strong>linguis</strong></span> <span class='ocrx_word' id='word_1_539' title='bbox 561 4260 674 4340; x_wconf 83' lang='lat' dir='ltr'><strong>loquor.</strong></span> <span class='ocrx_word' id='word_1_540' title='bbox 690 4263 863 4343; x_wconf 85' lang='lat' dir='ltr'><strong>Prophetiam</strong></span> <span class='ocrx_word' id='word_1_541' title='bbox 880 4282 969 4328; x_wconf 90' lang='lat' dir='ltr'><strong>autem</strong></span> <span class='ocrx_word' id='word_1_542' title='bbox 989 4270 1008 4317; x_wconf 75' lang='lat' dir='ltr'><strong>F·</strong></span> <span class='ocrx_word' id='word_1_543' title='bbox 1026 4293 1117 4332; x_wconf 89' lang='grc' dir='ltr'>σονται</span> <span class='ocrx_word' id='word_1_544' title='bbox 1128 4274 1214 4355; x_wconf 82' lang='grc' dir='ltr'>καιροὶ</span> <span class='ocrx_word' id='word_1_545' title='bbox 1226 4274 1356 4355; x_wconf 86' lang='grc' dir='ltr'>χαλεποί·</span> <span class='ocrx_word' id='word_1_546' title='bbox 1372 4276 1414 4336; x_wconf 74' lang='grc' dir='ltr'><strong>ὅτι</strong></span> <span class='ocrx_word' id='word_1_547' title='bbox 1428 4275 1455 4334; x_wconf 81' lang='lat' dir='ltr'><strong>tt</strong></span> <span class='ocrx_word' id='word_1_548' title='bbox 1472 4275 1506 4334; x_wconf 77' lang='grc' dir='ltr'>τὰ</span> <span class='ocrx_word' id='word_1_549' title='bbox 1526 4280 1552 4337; x_wconf 77' lang='grc' dir='ltr'><strong>ἐν</strong></span> <span class='ocrx_word' id='word_1_550' title='bbox 1563 4278 1684 4358; x_wconf 77' lang='grc' dir='ltr'>ὑστέροις</span> <span class='ocrx_word' id='word_1_551' title='bbox 1696 4289 1797 4363; x_wconf 82' lang='grc' dir='ltr'>καιροῖς</span> 
     </span>
     <span class='ocr_line' id='line_1_43' title="bbox 253 4345 1796 4449; baseline 0.017 -44"><span class='ocrx_word' id='word_1_552' title='bbox 253 4367 307 4449; x_wconf 82' lang='lat' dir='ltr'><strong>qua</strong></span> <span class='ocrx_word' id='word_1_553' title='bbox 325 4345 455 4428; x_wconf 77' lang='lat' dir='ltr'><strong>preditus</strong></span> <span class='ocrx_word' id='word_1_554' title='bbox 477 4364 543 4427; x_wconf 89' lang='lat' dir='ltr'><strong>erat,</strong></span> <span class='ocrx_word' id='word_1_555' title='bbox 556 4350 611 4410; x_wconf 90' lang='lat' dir='ltr'><strong>illis</strong></span> <span class='ocrx_word' id='word_1_556' title='bbox 631 4352 720 4413; x_wconf 86' lang='lat' dir='ltr'><strong>verbis</strong></span> <span class='ocrx_word' id='word_1_557' title='bbox 739 4355 886 4435; x_wconf 86' lang='lat' dir='ltr'><strong>indicabat,</strong></span> <span class='ocrx_word' id='word_1_558' title='bbox 908 4382 969 4422; x_wconf 86' lang='lat' dir='ltr'><strong>cunr</strong></span> <span class='ocrx_word' id='word_1_559' title='bbox 1025 4366 1119 4445; x_wconf 85' lang='grc' dir='ltr'>λέγων,</span> <span class='ocrx_word' id='word_1_560' title='bbox 1133 4368 1279 4447; x_wconf 80' lang='grc' dir='ltr'>προφητεία</span> <span class='ocrx_word' id='word_1_561' title='bbox 1293 4370 1364 4442; x_wconf 73' lang='grc' dir='ltr'>ἐστὶ,</span> <span class='ocrx_word' id='word_1_562' title='bbox 1377 4366 1458 4428; x_wconf 88' lang='grc' dir='ltr'>παντί</span> <span class='ocrx_word' id='word_1_563' title='bbox 1473 4391 1523 4428; x_wconf 87' lang='grc' dir='ltr'><strong>που</strong></span> <span class='ocrx_word' id='word_1_564' title='bbox 1536 4370 1625 4443; x_wconf 81' lang='grc' dir='ltr'>δῆλον.</span> <span class='ocrx_word' id='word_1_565' title='bbox 1639 4371 1693 4431; x_wconf 83' lang='grc' dir='ltr'>Καὶ</span> <span class='ocrx_word' id='word_1_566' title='bbox 1707 4373 1796 4446; x_wconf 86' lang='grc' dir='ltr'>πάλιν,</span> 
     </span>
     <span class='ocr_line' id='line_1_44' title="bbox 102 4435 1794 4556; baseline 0.017 -63"><span class='ocrx_word' id='word_1_567' title='bbox 102 4451 206 4556; x_wconf 43' lang='grc' dir='ltr'>οἶμαι</span> <span class='ocrx_word' id='word_1_568' title='bbox 223 4469 243 4500; x_wconf 87' lang='grc' dir='ltr'><strong>ι.</strong></span> <span class='ocrx_word' id='word_1_569' title='bbox 254 4435 368 4517; x_wconf 78' lang='lat' dir='ltr'><strong>diceret,</strong></span> <span class='ocrx_word' id='word_1_570' title='bbox 377 4441 501 4520; x_wconf 77' lang='lat' dir='ltr'><strong>Spiritus</strong></span> <span class='ocrx_word' id='word_1_571' title='bbox 513 4455 610 4501; x_wconf 86' lang='lat' dir='ltr'><strong>autem</strong></span> <span class='ocrx_word' id='word_1_572' title='bbox 624 4445 783 4525; x_wconf 70' lang='lat' dir='ltr'><strong>marcisestc</strong></span> <span class='ocrx_word' id='word_1_573' title='bbox 794 4449 876 4529; x_wconf 81' lang='lat' dir='ltr'><strong>dicit,</strong></span> <span class='ocrx_word' id='word_1_574' title='bbox 891 4457 972 4534; x_wconf 87' lang='lat' dir='ltr'><strong>quod</strong></span> <span class='ocrx_word' id='word_1_575' title='bbox 1024 4461 1111 4520; x_wconf 79' lang='grc' dir='ltr'>Τοῦτο</span> <span class='ocrx_word' id='word_1_576' title='bbox 1134 4458 1161 4520; x_wconf 82' lang='grc' dir='ltr'><strong>δέ</strong></span> <span class='ocrx_word' id='word_1_577' title='bbox 1186 4461 1341 4538; x_wconf 83' lang='grc' dir='ltr'>γινώσκετε,</span> <span class='ocrx_word' id='word_1_578' title='bbox 1352 4459 1392 4520; x_wconf 83' lang='grc' dir='ltr'><strong>ὅτι</strong></span> <span class='ocrx_word' id='word_1_579' title='bbox 1406 4464 1434 4520; x_wconf 79' lang='grc' dir='ltr'><strong>έν</strong></span> <span class='ocrx_word' id='word_1_580' title='bbox 1447 4460 1568 4543; x_wconf 82' lang='grc' dir='ltr'>ἐσχάτοις</span> <span class='ocrx_word' id='word_1_581' title='bbox 1581 4472 1684 4543; x_wconf 87' lang='grc' dir='ltr'>καιροῖς</span> <span class='ocrx_word' id='word_1_582' title='bbox 1697 4466 1794 4538; x_wconf 71' lang='grc' dir='ltr'>ἐνστή-</span> 
     </span>
     <span class='ocr_line' id='line_1_45' title="bbox 104 4519 1794 4637; baseline 0.017 -49"><span class='ocrx_word' id='word_1_583' title='bbox 104 4522 124 4554; x_wconf 85' lang='grc'><em>”</em></span> <span class='ocrx_word' id='word_1_584' title='bbox 150 4519 241 4575; x_wconf 74' lang='lat' dir='ltr'><strong>¹&#39;&#39;&#39;·l·¹·</strong></span> <span class='ocrx_word' id='word_1_585' title='bbox 253 4538 285 4590; x_wconf 86' lang='grc' dir='ltr'><strong>ιἰι</strong></span> <span class='ocrx_word' id='word_1_586' title='bbox 299 4537 463 4593; x_wconf 78' lang='lat' dir='ltr'><strong>novissc&#39;mr&#39;s</strong></span> <span class='ocrx_word' id='word_1_587' title='bbox 482 4538 658 4615; x_wconf 81' lang='lat' dir='ltr'><strong>temporibus</strong></span> <span class='ocrx_word' id='word_1_588' title='bbox 671 4541 825 4600; x_wconf 82' lang='lat' dir='ltr'><strong>instabunt</strong></span> <span class='ocrx_word' id='word_1_589' title='bbox 838 4555 969 4624; x_wconf 85' lang='lat' dir='ltr'><strong>tempora</strong></span> <span class='ocrx_word' id='word_1_590' title='bbox 1024 4575 1115 4612; x_wconf 90' lang='grc' dir='ltr'>σονται</span> <span class='ocrx_word' id='word_1_591' title='bbox 1129 4553 1216 4634; x_wconf 85' lang='grc' dir='ltr'>καιροὶ</span> <span class='ocrx_word' id='word_1_592' title='bbox 1229 4553 1358 4633; x_wconf 84' lang='grc' dir='ltr'>χαλεποί·</span> <span class='ocrx_word' id='word_1_593' title='bbox 1373 4553 1418 4612; x_wconf 82' lang='grc' dir='ltr'>καλ</span> <span class='ocrx_word' id='word_1_594' title='bbox 1432 4553 1529 4626; x_wconf 86' lang='grc' dir='ltr'>πάλιν,</span> <span class='ocrx_word' id='word_1_595' title='bbox 1547 4554 1626 4635; x_wconf 80' lang='grc' dir='ltr'>Λέγω</span> <span class='ocrx_word' id='word_1_596' title='bbox 1647 4555 1676 4617; x_wconf 82' lang='grc' dir='ltr'><strong>δὲ</strong></span> <span class='ocrx_word' id='word_1_597' title='bbox 1691 4560 1754 4637; x_wconf 74' lang='grc' dir='ltr'>ὑμῖν</span> <span class='ocrx_word' id='word_1_598' title='bbox 1769 4562 1794 4618; x_wconf 80' lang='grc' dir='ltr'><strong>ἐν</strong></span> 
     </span>
     <span class='ocr_line' id='line_1_46' title="bbox 249 4624 1795 4730; baseline 0.021 -47"><span class='ocrx_word' id='word_1_599' title='bbox 249 4624 434 4704; x_wconf 78' lang='lat' dir='ltr'><strong>periculcia:</strong></span> <span class='ocrx_word' id='word_1_600' title='bbox 455 4649 536 4708; x_wconf 92' lang='lat' dir='ltr'><strong>porro</strong></span> <span class='ocrx_word' id='word_1_601' title='bbox 554 4650 615 4708; x_wconf 77' lang='lat' dir='ltr'><strong>quae</strong></span> <span class='ocrx_word' id='word_1_602' title='bbox 629 4631 968 4717; x_wconf 86' lang='lat' dir='ltr'><strong>novissimistemporibus</strong></span> <span class='ocrx_word' id='word_1_603' title='bbox 1022 4645 1093 4726; x_wconf 84' lang='grc' dir='ltr'>λόγῳ</span> <span class='ocrx_word' id='word_1_604' title='bbox 1108 4645 1275 4726; x_wconf 82' lang='grc' dir='ltr'>Κυρίοο,θτι</span> <span class='ocrx_word' id='word_1_605' title='bbox 1289 4650 1315 4707; x_wconf 82' lang='grc' dir='ltr'><strong>ἐν</strong></span> <span class='ocrx_word' id='word_1_606' title='bbox 1332 4647 1464 4730; x_wconf 72' lang='grc' dir='ltr'>παρουσία</span> <span class='ocrx_word' id='word_1_607' title='bbox 1478 4653 1556 4710; x_wconf 83' lang='grc' dir='ltr'>αὐτοῦ</span> <span class='ocrx_word' id='word_1_608' title='bbox 1566 4656 1643 4729; x_wconf 82' lang='grc' dir='ltr'>ἡμεῖς</span> <span class='ocrx_word' id='word_1_609' title='bbox 1656 4659 1683 4714; x_wconf 81' lang='grc' dir='ltr'><strong>οἱ</strong></span> <span class='ocrx_word' id='word_1_610' title='bbox 1702 4657 1795 4723; x_wconf 81' lang='grc' dir='ltr'>ζῶντες</span> 
     </span>
     <span class='ocr_line' id='line_1_47' title="bbox 250 4716 1793 4824; baseline 0.022 -50"><span class='ocrx_word' id='word_1_611' title='bbox 250 4716 374 4777; x_wconf 86' lang='lat' dir='ltr'><strong>evenient</strong></span> <span class='ocrx_word' id='word_1_612' title='bbox 390 4717 496 4794; x_wconf 88' lang='lat' dir='ltr'><strong>dicere,</strong></span> <span class='ocrx_word' id='word_1_613' title='bbox 510 4720 680 4800; x_wconf 84' lang='lat' dir='ltr'><strong>prophetiam</strong></span> <span class='ocrx_word' id='word_1_614' title='bbox 694 4744 751 4783; x_wconf 89' lang='lat' dir='ltr'><strong>esse</strong></span> <span class='ocrx_word' id='word_1_615' title='bbox 762 4746 840 4787; x_wconf 89' lang='lat' dir='ltr'><strong>uerno</strong></span> <span class='ocrx_word' id='word_1_616' title='bbox 852 4729 967 4808; x_wconf 88' lang='lat' dir='ltr'><strong>ignorat.</strong></span> <span class='ocrx_word' id='word_1_617' title='bbox 1021 4741 1045 4798; x_wconf 83' lang='lat' dir='ltr'><strong>ot</strong></span> <span class='ocrx_word' id='word_1_618' title='bbox 1057 4738 1283 4819; x_wconf 71' lang='grc' dir='ltr'>περιλειπόμενοι,</span> <span class='ocrx_word' id='word_1_619' title='bbox 1297 4740 1326 4799; x_wconf 83' lang='grc' dir='ltr'>οὐ</span> <span class='ocrx_word' id='word_1_620' title='bbox 1338 4739 1375 4818; x_wconf 81' lang='grc' dir='ltr'>μὴ</span> <span class='ocrx_word' id='word_1_621' title='bbox 1388 4742 1529 4820; x_wconf 74' lang='grc' dir='ltr'>φθάσωμεν</span> <span class='ocrx_word' id='word_1_622' title='bbox 1543 4742 1603 4811; x_wconf 79' lang='grc' dir='ltr'>τοὺς</span> <span class='ocrx_word' id='word_1_623' title='bbox 1610 4747 1793 4824; x_wconf 86' lang='grc' dir='ltr'>κοιμηθέντας.</span> 
     </span>
     <span class='ocr_line' id='line_1_48' title="bbox 98 4799 1793 4919; baseline 0.02 -56"><span class='ocrx_word' id='word_1_624' title='bbox 98 4799 239 4849; x_wconf 67' lang='lat' dir='ltr'><strong>²·²l&#39;&#39;&#39;·³·¹·</strong></span> <span class='ocrx_word' id='word_1_625' title='bbox 251 4806 287 4865; x_wconf 88' lang='lat' dir='ltr'><strong>Et</strong></span> <span class='ocrx_word' id='word_1_626' title='bbox 307 4830 410 4886; x_wconf 89' lang='lat' dir='ltr'><strong>rursus,</strong></span> <span class='ocrx_word' id='word_1_627' title='bbox 426 4813 490 4870; x_wconf 86' lang='lat' dir='ltr'><strong>Hoc</strong></span> <span class='ocrx_word' id='word_1_628' title='bbox 510 4817 633 4886; x_wconf 81' lang='lat' dir='ltr'><strong>scitote,</strong></span> <span class='ocrx_word' id='word_1_629' title='bbox 649 4817 730 4895; x_wconf 84' lang='lat' dir='ltr'><strong>quod</strong></span> <span class='ocrx_word' id='word_1_630' title='bbox 749 4821 783 4875; x_wconf 86' lang='lat' dir='ltr'><strong>in</strong></span> <span class='ocrx_word' id='word_1_631' title='bbox 804 4825 969 4885; x_wconf 80' lang='lat' dir='ltr'><strong>novissimis</strong></span> <span class='ocrx_word' id='word_1_632' title='bbox 1020 4830 1074 4891; x_wconf 83' lang='grc' dir='ltr'><strong>Καί</strong></span> <span class='ocrx_word' id='word_1_633' title='bbox 1088 4837 1164 4889; x_wconf 79' lang='grc' dir='ltr'>τοῦτο</span> <span class='ocrx_word' id='word_1_634' title='bbox 1174 4831 1200 4890; x_wconf 85' lang='grc' dir='ltr'><strong>δέ</strong></span> <span class='ocrx_word' id='word_1_635' title='bbox 1213 4831 1360 4912; x_wconf 88' lang='grc' dir='ltr'>προφητεία</span> <span class='ocrx_word' id='word_1_636' title='bbox 1370 4833 1450 4893; x_wconf 82' lang='grc' dir='ltr'>ἐστίν.</span> <span class='ocrx_word' id='word_1_637' title='bbox 1468 4824 1545 4902; x_wconf 62' lang='lat' dir='ltr'><strong>ulta</strong></span> <span class='ocrx_word' id='word_1_638' title='bbox 1557 4840 1614 4904; x_wconf 89' lang='grc' dir='ltr'><strong>πῶς</strong></span> <span class='ocrx_word' id='word_1_639' title='bbox 1625 4835 1692 4914; x_wconf 84' lang='grc' dir='ltr'>γένη</span> <span class='ocrx_word' id='word_1_640' title='bbox 1706 4842 1793 4919; x_wconf 84' lang='grc' dir='ltr'>γλωσ-</span> 
     </span>
     <span class='ocr_line' id='line_1_49' title="bbox 249 4904 1792 5010; baseline 0.015 -45"><span class='ocrx_word' id='word_1_641' title='bbox 249 4904 424 4979; x_wconf 62' lang='lat' dir='ltr'><strong>temporibus</strong></span> <span class='ocrx_word' id='word_1_642' title='bbox 444 4906 597 4963; x_wconf 71' lang='lat' dir='ltr'><strong>instabunt</strong></span> <span class='ocrx_word' id='word_1_643' title='bbox 631 4919 761 4987; x_wconf 74' lang='lat' dir='ltr'><strong>tempora</strong></span> <span class='ocrx_word' id='word_1_644' title='bbox 786 4914 966 4992; x_wconf 79' lang='lat' dir='ltr'><strong>periculosa;</strong></span> <span class='ocrx_word' id='word_1_645' title='bbox 1019 4925 1071 4981; x_wconf 90' lang='grc' dir='ltr'>σῶν</span> <span class='ocrx_word' id='word_1_646' title='bbox 1083 4921 1127 4982; x_wconf 83' lang='grc' dir='ltr'><strong>καί</strong></span> <span class='ocrx_word' id='word_1_647' title='bbox 1143 4923 1304 5004; x_wconf 81' lang='grc' dir='ltr'>προφητείας</span> <span class='ocrx_word' id='word_1_648' title='bbox 1318 4923 1387 5002; x_wconf 72' lang='grc' dir='ltr'>ἔχει,</span> <span class='ocrx_word' id='word_1_649' title='bbox 1402 4925 1495 4984; x_wconf 82' lang='grc' dir='ltr'>Βούλει</span> <span class='ocrx_word' id='word_1_650' title='bbox 1508 4931 1601 5003; x_wconf 85' lang='grc' dir='ltr'>μαθιῖν</span> <span class='ocrx_word' id='word_1_651' title='bbox 1614 4932 1672 4995; x_wconf 86' lang='grc' dir='ltr'><strong>πῶς</strong></span> <span class='ocrx_word' id='word_1_652' title='bbox 1681 4928 1738 5010; x_wconf 82' lang='grc' dir='ltr'>ἔχει</span> <span class='ocrx_word' id='word_1_653' title='bbox 1749 4931 1792 4991; x_wconf 79' lang='grc' dir='ltr'><strong>καί</strong></span> 
     </span>
     <span class='ocr_line' id='line_1_50' title="bbox 99 4995 1792 5097; baseline 0.023 -57"><span class='ocrx_word' id='word_1_654' title='bbox 99 5000 235 5066; x_wconf 51' lang='lat' dir='ltr'><strong>artent.</strong></span> <span class='ocrx_word' id='word_1_655' title='bbox 248 5002 273 5048; x_wconf 87' lang='lat' dir='ltr'><strong>et</strong></span> <span class='ocrx_word' id='word_1_656' title='bbox 285 5011 388 5068; x_wconf 89' lang='lat' dir='ltr'><strong>rursus,</strong></span> <span class='ocrx_word' id='word_1_657' title='bbox 402 4995 478 5052; x_wconf 84' lang='lat' dir='ltr'><strong>Dico</strong></span> <span class='ocrx_word' id='word_1_658' title='bbox 493 4999 570 5053; x_wconf 86' lang='lat' dir='ltr'><strong>enim</strong></span> <span class='ocrx_word' id='word_1_659' title='bbox 585 5001 672 5057; x_wconf 81' lang='lat' dir='ltr'><strong>uobis</strong></span> <span class='ocrx_word' id='word_1_660' title='bbox 685 5003 717 5057; x_wconf 84' lang='lat' dir='ltr'><strong>in</strong></span> <span class='ocrx_word' id='word_1_661' title='bbox 730 5005 821 5061; x_wconf 84' lang='lat' dir='ltr'><strong>uerbo</strong></span> <span class='ocrx_word' id='word_1_662' title='bbox 831 5006 962 5080; x_wconf 76' lang='lat' dir='ltr'><strong>Domini,</strong></span> <span class='ocrx_word' id='word_1_663' title='bbox 1016 5015 1171 5095; x_wconf 76' lang='grc' dir='ltr'>χαρίσματα</span> <span class='ocrx_word' id='word_1_664' title='bbox 1186 5015 1321 5092; x_wconf 72' lang='grc' dir='ltr'>ἰαμάτωνς</span> <span class='ocrx_word' id='word_1_665' title='bbox 1336 5015 1415 5078; x_wconf 75' lang='grc' dir='ltr'>Ἀλλά</span> <span class='ocrx_word' id='word_1_666' title='bbox 1429 5017 1500 5097; x_wconf 87' lang='grc' dir='ltr'>τάχα</span> <span class='ocrx_word' id='word_1_667' title='bbox 1511 5024 1587 5079; x_wconf 81' lang='grc' dir='ltr'>τοῦτο</span> <span class='ocrx_word' id='word_1_668' title='bbox 1598 5019 1659 5078; x_wconf 75' lang='grc' dir='ltr'>οὐδὲ</span> <span class='ocrx_word' id='word_1_669' title='bbox 1676 5024 1723 5092; x_wconf 84' lang='grc' dir='ltr'>τῆς</span> <span class='ocrx_word' id='word_1_670' title='bbox 1741 5023 1792 5082; x_wconf 77' lang='grc' dir='ltr'><strong>ἀπὸ</strong></span> 
     </span>
     <span class='ocr_line' id='line_1_51' title="bbox 98 5062 1790 5192; baseline 0.021 -56"><span class='ocrx_word' id='word_1_671' title='bbox 98 5062 133 5118; x_wconf 72' lang='lat'><strong>¹⁴·</strong></span> <span class='ocrx_word' id='word_1_672' title='bbox 246 5086 388 5163; x_wconf 82' lang='lat' dir='ltr'><strong>quoniam</strong></span> <span class='ocrx_word' id='word_1_673' title='bbox 407 5088 439 5142; x_wconf 80' lang='lat' dir='ltr'><strong>e&#39;n</strong></span> <span class='ocrx_word' id='word_1_674' title='bbox 454 5087 583 5146; x_wconf 79' lang='lat' dir='ltr'><strong>advemu</strong></span> <span class='ocrx_word' id='word_1_675' title='bbox 597 5092 660 5170; x_wconf 83' lang='lat' dir='ltr'><strong>ejus</strong></span> <span class='ocrx_word' id='word_1_676' title='bbox 679 5111 732 5151; x_wconf 84' lang='lat' dir='ltr'><strong>nos</strong></span> <span class='ocrx_word' id='word_1_677' title='bbox 752 5098 804 5173; x_wconf 84' lang='lat' dir='ltr'><strong>qui</strong></span> <span class='ocrx_word' id='word_1_678' title='bbox 821 5100 962 5173; x_wconf 68' lang='lat' dir='ltr'><strong>uicimus,</strong></span> <span class='ocrx_word' id='word_1_679' title='bbox 1016 5108 1069 5163; x_wconf 86' lang='grc' dir='ltr'>τῶν</span> <span class='ocrx_word' id='word_1_680' title='bbox 1080 5104 1165 5184; x_wconf 85' lang='grc' dir='ltr'>λόγων</span> <span class='ocrx_word' id='word_1_681' title='bbox 1185 5104 1341 5174; x_wconf 82' lang='grc' dir='ltr'>ἀποδείξεως</span> <span class='ocrx_word' id='word_1_682' title='bbox 1356 5108 1454 5186; x_wconf 85' lang='grc' dir='ltr'>δεῖται,</span> <span class='ocrx_word' id='word_1_683' title='bbox 1469 5109 1531 5169; x_wconf 82' lang='grc' dir='ltr'>ὅταν</span> <span class='ocrx_word' id='word_1_684' title='bbox 1546 5109 1644 5190; x_wconf 84' lang='grc' dir='ltr'>ίδωμεν</span> <span class='ocrx_word' id='word_1_685' title='bbox 1659 5114 1690 5173; x_wconf 83' lang='grc' dir='ltr'><strong>οὐ</strong></span> <span class='ocrx_word' id='word_1_686' title='bbox 1712 5112 1790 5192; x_wconf 87' lang='grc' dir='ltr'>μόνον</span> 
     </span>
    </p>
   </div>
   <div class='ocr_carea' id='block_1_3' title="bbox 131 780 136 804">
    <p class='ocr_par' dir='ltr' id='par_1_3' title="bbox 131 780 136 804">
     <span class='ocr_line' id='line_1_52' title="bbox 131 780 136 804; baseline 0 0"><span class='ocrx_word' id='word_1_687' title='bbox 131 780 136 804; x_wconf 93' lang='grc' dir='ltr'>Ι</span> 
     </span>
    </p>
   </div>
   <div class='ocr_carea' id='block_1_4' title="bbox 118 771 131 882">
    <p class='ocr_par' dir='ltr' id='par_1_4' title="bbox 118 771 131 882">
     <span class='ocr_line' id='line_1_53' title="bbox 120 771 128 805; baseline 0 0"><span class='ocrx_word' id='word_1_688' title='bbox 120 771 128 805; x_wconf 86' lang='lat' dir='ltr'><strong>l</strong></span> 
     </span>
     <span class='ocr_line' id='line_1_54' title="bbox 118 840 131 882; baseline 0 0"><span class='ocrx_word' id='word_1_689' title='bbox 118 840 131 882; x_wconf 89' lang='lat' dir='ltr'><strong>‘l</strong></span> 
     </span>
    </p>
   </div>
   <div class='ocr_carea' id='block_1_5' title="bbox 275 5243 1305 5337">
    <p class='ocr_par' dir='ltr' id='par_1_5' title="bbox 275 5243 1305 5337">
     <span class='ocr_line' id='line_1_55' title="bbox 275 5243 1305 5337; baseline 0.029 -43"><span class='ocrx_word' id='word_1_690' title='bbox 275 5244 310 5311; x_wconf 79' lang='lat'><strong>*[</strong></span> <span class='ocrx_word' id='word_1_691' title='bbox 317 5243 381 5296; x_wconf 86' lang='lat' dir='ltr'><strong>Cum</strong></span> <span class='ocrx_word' id='word_1_692' title='bbox 392 5243 469 5298; x_wconf 86' lang='lat' dir='ltr'><strong>Savil.</strong></span> <span class='ocrx_word' id='word_1_693' title='bbox 482 5248 509 5299; x_wconf 88' lang='lat' dir='ltr'><strong>in</strong></span> <span class='ocrx_word' id='word_1_694' title='bbox 518 5264 599 5318; x_wconf 86' lang='lat' dir='ltr'><strong>marg.</strong></span> <span class='ocrx_word' id='word_1_695' title='bbox 612 5261 637 5302; x_wconf 89' lang='lat' dir='ltr'><strong>et</strong></span> <span class='ocrx_word' id='word_1_696' title='bbox 646 5252 735 5309; x_wconf 83' lang='lat' dir='ltr'><strong>Venet.</strong></span> <span class='ocrx_word' id='word_1_697' title='bbox 749 5253 776 5310; x_wconf 90' lang='lat' dir='ltr'><strong>iu</strong></span> <span class='ocrx_word' id='word_1_698' title='bbox 788 5248 894 5312; x_wconf 77' lang='lat' dir='ltr'><strong>Emend.</strong></span> <span class='ocrx_word' id='word_1_699' title='bbox 908 5260 1041 5332; x_wconf 83' lang='lat' dir='ltr'><strong>legendum</strong></span> <span class='ocrx_word' id='word_1_700' title='bbox 1052 5264 1221 5337; x_wconf 61' lang='lat' dir='ltr'><strong>videturesse</strong></span> <span class='ocrx_word' id='word_1_701' title='bbox 1234 5275 1260 5322; x_wconf 76' lang='grc' dir='ltr'>τὸ</span> <span class='ocrx_word' id='word_1_702' title='bbox 1272 5266 1305 5337; x_wconf 89' lang='grc' dir='ltr'><strong>ι.]</strong></span> 
     </span>
    </p>
   </div>
   <div class='ocr_carea' id='block_1_6' title="bbox 0 0 1910 6000">
    <p class='ocr_par' dir='ltr' id='par_1_6' title="bbox 0 0 1910 6000">
     <span class='ocr_line' id='line_1_56' title="bbox 0 0 1910 6000; baseline 0 8"><span class='ocrx_word' id='word_1_703' title='bbox 0 0 1910 6000; x_wconf 95' lang='lat' dir='ltr'><strong> </strong></span> 
     </span>
    </p>
   </div>
  </div>
 </body>
</html>
