3810 6000
403 465 438 514 Πί
467 460 578 528 tutuo,
606 458 781 509 saturnu
807 457 1008 509 rutscmcam
1034 458 1076 507 ET
1102 455 1269 520 AQUILAM·
1295 455 1320 506 1.
1563 454 1629 526 207

107 681 1639 721 m

406 852 557 926 mm
886 849 906 896 r
1172 851 1378 930 mmm

115 1035 262 1099 ’λστύσασθε
279 1035 449 1119 Πρίσκιλλαν
467 1036 515 1097 καί
535 1034 661 1112 Ἇκύλαν,
679 1033 725 1094 καί
742 1033 776 1094 τὰ
794 1032 867 1108 έζῆς,
919 1029 1041 1092 Salutate
1063 1031 1215 1093 Priscillam
1239 1046 1267 1094 et
1290 1004 1430 1114 Aquilam,
1453 1049 1482 1097 et
1503 1056 1569 1118 αισα
1591 1057 1636 1100 σε·
1646 1047 1787 1098 nemrod.

415 1128 493 1207 λόγος
508 1127 543 1188 α’.
1141 1138 1280 1206 quantur,
1292 1147 1387 1188 sermo
1398 1130 1424 1186 1.

145 1313 256 1382 Πολλοὺς
266 1317 342 1392 ὑμῶν
355 1303 431 1392 οἶμαι
444 1313 585 1393 θαυμάζειν
599 1311 643 1374 ίπί
659 1311 708 1384 τὴν
721 1312 868 1395 περικοπὴν
963 1312 991 1367 ί.
1005 1308 1110 1369 Multos
1128 1309 1246 1371 arbitror
1259 1332 1294 1372 ex
1311 1312 1390 1373 robis
1404 1313 1498 1374 mirari
1519 1314 1640 1378 lectionis

116 1410 152 1477 vit
174 1407 350 1478 ἀποστολικῆς
376 1402 549 1484 ἀναγνώσεως
574 1404 685 1478 ταύτης,
713 1407 813 1482 μᾶλλον
841 1404 869 1463 δδ
923 1399 1075 1480 apostolicae
1088 1401 1178 1461 locum
1188 1403 1280 1479 istum,
1291 1405 1334 1464 rel
1349 1404 1439 1486 potius
1451 1406 1542 1466 minus
1550 1428 1641 1468 uocas·

119 1497 230 1577 τίριργον
246 1500 370 1575 ἡγεῖσθαι
382 1495 428 1554 καί
441 1495 564 1574 περιττὸν
580 1501 657 1556 τοῦτο
670 1499 717 1566 τῆς
730 1495 870 1566 ἐπιστολῆς
923 1490 1022 1573 sariam
1045 1514 1078 1553 ac
1096 1514 1321 1574 supervacaneam
1333 1495 1432 1557 ducere
1441 1511 1545 1579 partem
1561 1499 1641 1559 istam

119 1586 231 1666 τδμέρος,
246 1587 290 1645 διὰ
301 1587 332 1646 τδ
346 1585 507 1669 προσρήσεις
520 1587 591 1667 ἔχειν
603 1585 680 1665 μόνον
696 1596 815 1667 συνεχεῖς
825 1576 871 1646 καί
895 1631 899 1639 .
923 1583 1055 1663 epistolae,
1068 1585 1142 1664 quod
1167 1587 1340 1649 salertationes
1362 1603 1467 1650 tantum
1491 1591 1642 1669 frequentes

120 1678 275 1750 ίτσλλτβίαις.
286 1678 336 1738 Διὸ
345 1677 378 1750 δὴ
392 1677 438 1737 καί
448 1677 526 1745 αθτδς
534 1677 646 1760 ἑτέρωσε
655 1677 770 1758 τήμερον
780 1682 872 1759 ὡρμη-
924 1673 1023 1736 lrabeat
1035 1698 1068 1737 ac
1082 1677 1136 1739 sibi
1159 1679 1277 1740 invicem
1298 1682 1480 1743 succedentes.
1502 1684 1592 1755 Quam
1606 1683 1642 1743 ob

121 1767 190 1846 μένος,
200 1769 318 1837 ἀποστὰς
331 1768 433 1842 ἐκείνης
443 1772 491 1840 τῆς
501 1769 657 1844 ὑποθέσεως,
669 1772 706 1837 είς
716 1770 813 1842 ταύτην
824 1794 873 1830 κα·
925 1787 1034 1828 causam
1056 1783 1082 1828 et
1100 1769 1159 1850 ipse
1183 1771 1311 1832 hodierno
1324 1771 1370 1833 die
1392 1795 1502 1834 cursum
1515 1774 1643 1834 orationis

120 1864 186 1919 θεῖναι
205 1860 455 1942 παρασκευάζομαι,
471 1858 514 1919 iva
529 1861 645 1940 μάθητε,
667 1860 709 1921 ότι
723 1865 776 1921 τῶν
797 1861 872 1921 θείων
925 1857 979 1917 alio
990 1859 1108 1938 lleclcns,
1119 1861 1154 1920 ab
1167 1861 1215 1923 illo
1229 1861 1367 1943 digressus
1380 1880 1537 1944 argumento
1546 1866 1581 1926 ad
1591 1867 1643 1928 hoc

121 1950 435 2033 ίρσρῶνούδὲνπεριττδν,
444 1951 518 2012 οὐδὲν
527 1951 658 2034 πάρεργόν
669 1954 736 2028 ἔστι,
746 1953 796 2013 κᾶν
807 1956 873 2012 ἰῶτα
926 1949 1061 2011 divertere
1072 1973 1133 2015 sum
1156 1968 1277 2035 paratus,
1290 1969 1321 2015 ut
1340 1957 1367 2016 in
1391 1958 1474 2018 sacris
1495 1958 1644 2040 scripturis
1695 1974 1794 2022 leseri-

121 2044 204 2117 imriu
218 2044 267 2122 μία
281 2043 376 2124 κεραία
386 2034 414 2123 ᾖ,
429 2043 498 2104 ἀλλὰ
510 2043 555 2104 καί
567 2045 632 2125 ψιλὴ
647 2044 793 2127 πρόσρησις
805 2042 873 2106 πολὺ
893 2058 911 2105 n
926 2041 997 2101 nihil
1013 2064 1242 2125 supervacaneum
1256 2069 1313 2108 esse
1323 2049 1480 2130 intelligatis
1492 2065 1519 2111 et
1530 2072 1584 2112 uon
1598 2072 1643 2111 ne·
1653 2047 1718 2146 {31⁸¹
1758 2039 1796 2082 ¹¹⁵⁶

120 2134 216 2216 πλαγος
227 2142 294 2214 ἡμῖν
310 2133 411 2216 ἀνοίγει
421 2135 575 2213 νοημάτων.
597 2136 651 2196 Kal
665 2129 792 2217 τίλέγω,
809 2135 874 2217 ψιλή
928 2136 1083 2214 cessarium,
1101 2137 1159 2198 sive
1181 2160 1267 2199 unum
1281 2141 1334 2201 iota
1345 2142 1389 2219 sit,
1401 2143 1458 2203 sive
1470 2164 1541 2224 aper
1555 2164 1642 2220 unus,
1653 2114 1797 2209 ninnium

119 2226 262 2310 πρόσρησις,
284 2227 421 2296 Πολλάκις
442 2226 488 2287 καί
512 2229 568 2295 ίνθς
592 2227 723 2311 στοιχείου
736 2228 873 2308 προσθήκη
928 2231 983 2291 imo
992 2233 1197 2315 etiamsimplex
1207 2237 1333 2298 salutatio
1343 2260 1472 2319 magnum
1483 2240 1562 2301 nobis
1572 2240 1645 2321 pela-

118 2319 243 2399 θλόιιληρον
252 2318 394 2398 νοημάτων
407 2317 532 2400 εἰσήγαγε
543 2318 665 2398 δύναμιν.
678 2320 730 2380 Kal
744 2326 821 2380 τοῦτο
831 2319 875 2380 ἐπὶ
928 2340 980 2400 gus
1003 2322 1088 2400 aperit
1114 2324 1314 2385 sententiarum.
1335 2327 1410 2402 Quid
1434 2327 1505 2404 dico,
1529 2330 1646 2411 simplex

118 2411 154 2479 rie
166 2415 209 2469 τοῦ
223 2408 347 2493 Ἀίραίιμ
361 2409 541 2492 προσηγορίας
560 2411 631 2472 ἐστὶν
652 2413 726 2471 ἰδεῖν.
747 2414 810 2480 Πῶς
822 2411 875 2492 γὰρ
929 2410 1075 2471 salutatio?
1088 2414 1166 2493 Saepe
1182 2414 1227 2475 vel
1242 2417 1326 2477 literae
1343 2419 1423 2477 unius
1439 2419 1556 2478 accessio
1572 2421 1645 2480 inte-

118 2503 154 2559 da
173 2500 269 2561 α’τοτον
295 2502 371 2583 παρὰ
395 2503 472 2584 ρίλου
486 2502 534 2582 μὲν
557 2502 698 2576 ἐπιστολήν
723 2503 874 2585 δεχόμενον,
928 2522 1009 2581 grum
1019 2524 1114 2582 agmen
1126 2507 1317 2568 sententiarum
1327 2509 1441 2570 invexit.
1457 2514 1545 2589 Atque
1556 2510 1607 2570 hoe
1617 2510 1645 2570 in

118 2591 186 2670 ρλτδ
196 2599 276 2674 σῶμα
288 2598 338 2667 τῆς
352 2597 492 2668 ἐπιπολῆς
504 2594 693 2675 ἀναγινώσκειν
705 2594 792 2675 μόνον,
806 2596 875 2655 ἀλλὰ
929 2594 1036 2654 numine
1046 2595 1159 2656 Abrahae
1169 2598 1349 2659 viderelieet.
1359 2605 1402 2661 An
1412 2601 1541 2661 nonenim
1551 2602 1646 2662 absur-

118 2686 152 2745 καί
162 2685 208 2758 τὴν
221 2687 296 2747 κάτω
310 2685 435 2766 κειμένην
446 2677 607 2770 πρόσρησιν,
622 2690 742 2747 κάκεῖθεν
757 2687 875 2768 μάλιστα
927 2681 994 2745 dum
1006 2697 1044 2743 est
1059 2705 1120 2744 eum
1134 2685 1264 2763 quidem,
1278 2688 1326 2767 qui
1349 2689 1488 2770 epistolam
1514 2692 1647 2771 acceperit

118 2779 276 2858 στοχάζεσθαι
297 2777 348 2851 τήν
372 2786 418 2839 τοῦ
437 2772 598 2861 γεγραρύτος
618 2779 748 2853 διάθεσιν,
765 2779 875 2840 Παύλου
927 2775 965 2834 ab
973 2775 1131 2850 amieo,non
1143 2799 1240 2861 corpus
1249 2781 1482 2862 tantumepistoiae
1494 2781 1647 2862 legere‚sed

118 2868 307 2953 θίγρόροντος,
328 2872 429 2950 μᾶλλον
452 2870 480 2932 δὲ
501 2875 530 2932 οὐ
544 2877 591 2931 τοῦ
606 2871 731 2946 Παύλου,
745 2871 815 2932 ἀλλὰ
827 2876 874 2944 τῆς
928 2868 1009 2928 etiam
1029 2869 1058 2928 in
1081 2869 1136 2930 line
1148 2871 1265 2952 positam
1279 2872 1476 2947 salutationem,
1487 2887 1569 2953 atque
1583 2873 1647 2934 inde

118 2963 313 3042 συῖΠνειίματος
325 2962 435 3045 χάριτος
447 2964 495 3035 τήν
509 2962 650 3035 ἐπιστολήν
663 2963 884 3046 θπαγορευούσης
927 2960 1046 3020 maxime
1059 2963 1196 3044 scriptoris
1208 2964 1335 3024 aflectum
1349 2965 1494 3045 conjiceret
1506 2986 1568 3025 curn
1584 2986 1646 3026 reru

119 3054 237 3136 llorlriprp
256 3053 336 3114 πόλει
349 3055 395 3114 καί
414 3056 491 3136 δήμῳ
511 3055 643 3137 τοσούτῳ,
658 3055 703 3114 καί
718 3056 751 3114 δι’
767 3053 875 3115 ἐκείνων
893 3073 912 3120 c
928 3053 1028 3112 scribat
1039 3055 1151 3130 Paulus,
1162 3056 1206 3116 vel
1220 3056 1310 3136 potius
1332 3076 1385 3115 nun
1404 3057 1514 3129 Paulus,
1528 3057 1573 3118 sed
1583 3056 1647 3138 Spi-

120 3145 289 3227 τῇοίιοιμένῃ
308 3146 400 3226 παίσῃ,
414 3145 528 3225 νομίζειν
543 3146 665 3228 περιττόν
685 3171 712 3206 τι
730 3136 796 3207 ε’ίναι
822 3151 875 3207 τῶν
930 3143 998 3204 ritus
1011 3147 1097 3224 gratia
1106 3145 1190 3207 dictet
1201 3148 1342 3229 epistolam
1356 3147 1392 3208 ad
1405 3149 1536 3230 integram
1550 3151 1647 3212 civita-

121 3239 271 3318 ἐγκιιμένων,
289 3237 335 3298 καί
351 3238 527 3321 παρατρέχειν
543 3241 641 3314 ἁπλῶς,
656 3239 702 3299 καί
718 3240 757 3316 μὴ
770 3243 874 3313 ἐννοεῖν,
930 3247 985 3295 tem
997 3257 1029 3295 ac
1043 3251 1148 3297 tantum
1158 3238 1300 3319 populum,
1314 3252 1340 3298 et
1352 3260 1400 3318 per
1413 3241 1474 3300 illos
1487 3241 1548 3301 orbi
1563 3255 1646 3302 terra·

120 3327 151 3387 ότι
166 3336 245 3390 ταῦτα
257 3328 347 3390 πάντα
365 3328 399 3415 τί,
412 3329 467 3389 ἄνω
479 3332 553 3391 κάτω
565 3331 708 3404 ermines,
723 3335 810 3392 Τοῦτο
823 3333 875 3415 γάρ
929 3348 991 3386 rum
1012 3329 1146 3403 universo,
1158 3352 1387 3411 supervacaneum
1411 3332 1517 3410 aliquid
1540 3353 1644 3412 eorum,

121 3421 175 3493 ίσσι,
185 3430 276 3498 τυῧτο,
294 3423 422 3496 θπολλῆς
447 3422 576 3505 ῥᾳθυμίας
598 3428 670 3501 ἡμᾶς
692 3424 829 3498 ἐνέπλησε,
845 3427 876 3487 τὸ
929 3440 987 3498 quae
1001 3421 1028 3479 in
1039 3442 1070 3480 ea
1083 3436 1154 3499 sunt,
1161 3423 1289 3483 arbitrari
1300 3444 1383 3502 eaque
1394 3425 1572 3504 perfunctorie
1585 3446 1646 3505 per·

78 3554 82 3563 ι
123 3510 150 3587 μὴ
162 3513 243 3582 τόσας
254 3514 358 3575 ἐπιέναι
368 3513 415 3581 τθς
425 3513 542 3596 Γραρδς,
556 3515 615 3575 ἀλλ’
629 3515 796 3594 θνομίζομεν
808 3507 875 3576 εἶναι
929 3534 1046 3591 ευττετε,
1064 3535 1149 3593 neque
1162 3516 1279 3594 cogitare
1298 3516 1368 3574 hanc
1387 3515 1423 3574 ob
1436 3537 1545 3575 causam
1555 3518 1646 3577 omnia

122 3604 250 3686 οαρὲστερα
258 3651 267 3681 ,
281 3611 367 3665 ταῦτα
382 3607 586 3686 ἐκλεγομένους,
602 3610 654 3667 τῶν
669 3609 758 3668 σίλλων
774 3595 875 3686 μηδένα
929 3626 1028 3682 susque
1050 3604 1138 3682 deque
1160 3605 1249 3666 verti?
1263 3606 1320 3664 Hoc
1341 3606 1412 3664 enim
1426 3619 1477 3682 cst,
1491 3606 1542 3665 huc
1555 3607 1645 3687 plane,

125 3702 234 3757 ποιεῖσθαι
255 3699 342 3780 λόγον.
364 3700 449 3758 Τοῦτο
471 3699 516 3757 καί
536 3699 583 3766 τθις
607 3700 719 3778 αἱρέσεις
734 3701 874 3782 εἰσήγαγε,
930 3696 1002 3774 quod
1016 3716 1141 3775 magnam
1158 3695 1349 3775 negligentiam
1372 3696 1450 3756 nobis
1463 3718 1494 3757 ac
1512 3711 1648 3778 torporem

125 3785 188 3865 τὸμὴ
203 3789 341 3868 βωλεσθαι
357 3790 427 3850 ἅπαν
447 3791 549 3850 ἐπιέναι
566 3791 596 3851 τδ
610 3797 706 3871 σῶμα,
718 3793 748 3853 τδ
761 3795 875 3872 νομίζειν
929 3789 1076 3867 ingenerat,
1088 3788 1163 3867 quod
1177 3809 1228 3847 non
1242 3810 1334 3849 omnes
1345 3789 1500 3870 Scripturas
1513 3786 1651 3869 legamus,

127 3868 175 3936 ιίιαί
186 3906 211 3940 τι
229 3882 353 3961 περιττὸν
373 3883 419 3941 καί
439 3883 579 3964 πάρεργον.
604 3883 656 3942 Aul
672 3890 750 3945 τοῦτο
768 3885 802 3944 τὰ
827 3887 875 3964 μὲν
929 3880 977 3940 sed
990 3901 1019 3938 ea
1034 3901 1093 3959 quae
1107 3900 1245 3940 censemus
1256 3880 1421 3942 dilucidiora
1432 3882 1585 3961 seligemus,
1595 3903 1646 3943 σω-
1687 3924 1695 3941 ,

128 3968 177 4028 dir
194 3973 298 4032 ἅπαντα
311 3979 375 4049 ἡμῖν
397 3974 617 4048 διεσπούδασται,
630 3976 689 4055 οὐχὶ
709 3976 743 4036 τδι
764 3977 875 4056 περιττδ
930 3987 1048 4032 tororum
1061 3972 1165 4032 nullam
1179 3974 1309 4034 rationem
1324 3973 1480 4036 habeamus.
1495 3974 1645 4036 Henetiam
1678 3991 1743 4039 Uero
1754 3995 1798 4040 u*

131 4061 195 4137 μόνον,
208 4066 275 4124 ἀλλὰ
289 4069 335 4124 καί
349 4064 383 4123 τθι
400 4064 513 4137 ἀνόνητα
527 4066 572 4126 καί
587 4068 705 4147 βλαόερό
717 4091 724 4104 ·
738 4071 790 4127 τῶν
804 4071 874 4150 Γρα-
892 4086 912 4133 ι)
930 4064 1042 4124 haereses
1055 4065 1216 4139 introduxit,
1227 4065 1302 4145 quod
1312 4079 1397 4126 toturn
1409 4087 1506 4147 corpus
1527 4065 1645 4126 nolimus
1654 4070 1713 4162 '⁰⁵⁸¹‘
1742 4066 1797 4102 Μ’·

132 4154 169 4226 ρῶν
179 4157 205 4215 δὲ
223 4162 239 4228 ἡ
259 4157 385 4238 ἐμπειρία
400 4157 534 4236 ἡμεληται
553 4159 598 4218 καὶ
611 4162 755 4240 παρῶπται
771 4184 777 4196 ·
791 4161 836 4219 καί
850 4166 874 4222 oi
928 4157 1072 4238 perlegere,
1086 4157 1211 4238 quodque
1223 4160 1390 4241 superfluum
1403 4159 1509 4238 aliquid
1524 4180 1581 4219 esse
1594 4159 1646 4218 mi·
1654 4133 1696 4164 Μ
1708 4149 1714 4162 ’

135 4241 228 4328 μένπρδς
240 4249 289 4322 τὴν
304 4248 413 4330 θεωρίαν
427 4252 473 4321 τῆς
484 4253 536 4309 τῶν
550 4250 639 4310 ἵππων
650 4250 765 4329 ἁμίλλης
779 4256 875 4324 ἐπτοη-
929 4271 1032 4327 rusque
1045 4251 1224 4309 necessarium
1237 4250 1409 4310 arbitremur.
1433 4253 1576 4331 Propterea
1597 4271 1646 4311 nos
1685 4316 1688 4322 .

136 4333 193 4411 μένω,
199 4340 240 4399 καί
250 4341 379 4418 ὀνόματα,
386 4341 431 4399 καί
440 4342 547 4420 ἀγελην,
556 4342 601 4402 καί
607 4342 741 4423 γένος,νιαί
748 4344 874 4424 πατρίδα,
929 4341 1018 4399 inulla
1029 4341 1139 4420 quidem
1149 4343 1238 4401 omnia
1248 4342 1368 4401 studium
1382 4363 1459 4401 omne
1471 4341 1661 4417 conferimus,-

72 4488 74 4501 .
136 4425 165 4482 καί
174 4433 313 4514 ἀνατροφὴν
329 4436 382 4491 τῶν
395 4432 485 4493 ίππων
497 4433 602 4515 ἔχουσιν
614 4438 696 4495 εἰπεῖν
713 4435 781 4514 μετὰ
795 4440 873 4518 ἀκρι-
930 4453 981 4492 non
995 4432 1023 4491 in
1038 4434 1172 4513 superflua
1186 4447 1300 4509 tantum,
1312 4433 1359 4492 sed
1372 4446 1395 4491 ct
1410 4432 1645 4511 iucaqtraeinuti·

137 4513 183 4589 ίείος
192 4524 300 4600 ἁπάσης,
308 4525 354 4584 καὶ
365 4525 411 4597 ἔτη
422 4529 501 4596 ζωῆς,
513 4526 558 4586 καί
569 4526 699 4607 ἐνεργείας
706 4528 820 4608 δρόμων,
830 4528 876 4588 καί
931 4525 966 4584 lia
986 4540 1048 4585 sumt
1066 4540 1093 4585 et
1116 4525 1212 4584 πυτίαι
1223 4525 1425 4604 scripturarum
1446 4539 1536 4583 antem
1551 4525 1645 4605 peritia

137 4607 162 4675 ῖίσ
168 4613 210 4674 τίνι
219 4617 422 4696 συνταττόμενος
433 4617 481 4690 τήν
492 4617 567 4691 νίκην
580 4620 738 4699 θρπσίσεται,
747 4621 793 4680 καὶ
803 4631 876 4688 ποῖος
930 4617 1077 4698 negligitur
1089 4639 1120 4675 ac
1134 4617 1289 4698 despicitur.
1305 4621 1391 4696 Atque
1404 4616 1443 4676 illi
1469 4616 1577 4696 quidem
1598 4618 1645 4697 qui

72 4712 74 4717 ’
137 4699 191 4773 irre<
214 4714 241 4769 ἐκ
265 4710 342 4779 ποίας
363 4711 466 4790 αἱρεθείς
493 4713 634 4790 βαλόῖδος,
658 4712 703 4771 καί
725 4713 785 4772 τίνα
807 4714 875 4794 ἔχων
930 4710 1083 4770 certaminis
1111 4729 1241 4787 equorum
1272 4709 1424 4788 spectacula
1450 4710 1484 4769 ad
1508 4725 1646 4791 stuporem

138 4793 228 4876 irino,
242 4801 383 4881 περιέσται
402 4809 448 4862 τοῦ
467 4802 564 4884 δρόμου
573 4849 581 4877 ,
597 4803 643 4862 καὶ
659 4804 704 4863 τὸν
725 4803 877 4885 ἀντίτεχνον
930 4824 1016 4882 usque
1027 4801 1171 4874 mirantur,
1187 4815 1211 4860 ct
1225 4821 1320 4860 nomen
1334 4815 1360 4860 ct
1376 4822 1482 4881 gregem
1491 4816 1517 4862 ct
1528 4824 1611 4882 genus
1621 4818 1647 4864 et

138 4893 329 4972 ποραδραμεῖται.
341 4893 395 4953 Καὶ
408 4898 432 4953 oi
446 4896 507 4973 περί
520 4893 569 4966 τήν
589 4896 740 4976 ὀρχήστραν
753 4896 781 4956 δέ
799 4901 877 4977 ἐσχο-
886 4941 923 4980 ,,,
931 4896 1046 4977 patriam
1060 4908 1086 4954 ct
1100 4893 1286 4953 educationem
1302 4914 1431 4972 equorum
1441 4894 1647 4974 diligentissime

138 4972 233 5055 ίθίτσς,
246 4988 293 5045 οὐκ
303 4984 406 5045 ἐλάττω
415 4987 524 5060 τούτοιν,
538 4987 608 5046 ἀλλὰ
621 4988 667 5047 καί
681 4988 765 5048 πλείω
780 4989 876 5066 μανίαν
896 4998 916 5043 Α
932 5002 1043 5069 possunt
1053 4988 1162 5063 referre,
1175 4999 1255 5064 atque
1268 5006 1350 5044 annos
1360 4986 1433 5062 vitos,
1444 5007 1646 5066 cursusqueve-

139 5071 180 5149 itti
191 5075 241 5144 σόος
253 5082 280 5138 έν
293 5086 348 5145 τοῖς
362 5077 480 5158 θεάτροις
492 5081 709 5159 ἀσχημονοῦντας
723 5080 882 5140 ἐπιδείκνυν-
931 5081 1104 5157 hementiam,
1113 5093 1140 5138 et
1151 5079 1212 5157 quis
1226 5099 1288 5138 cum
1301 5100 1354 5156 quo
1368 5077 1390 5136 si
1404 5079 1484 5138 fuerit
1497 5080 1647 5161 copulatus,

140 5184 180 5239 ³²¹,
193 5172 279 5248 μίμαις
296 5173 368 5252 λέγοι
387 5170 620 5256 καθ’όρχηστρίας,
635 5176 680 5235 καὶ
693 5177 767 5256 γένος
784 5181 878 5247 αὐτῶν,
930 5174 1072 5236 uictoriam
1083 5171 1240 5252 reportabit,
1246 5184 1270 5229 et
1281 5170 1341 5249 quis
1349 5192 1433 5250 equus
1444 5192 1479 5232 ex
1488 5171 1531 5231 his
1542 5172 1586 5233 rel
1594 5172 1650 5231 illis

140 5257 169 5314 ni
179 5265 289 5344 crepida,
304 5266 349 5325 καί
365 5267 528 5346 ἀνατροφὴν,
543 5268 587 5328 καί
602 5270 634 5329 rit
647 5269 715 5328 ἄλλα
724 5268 811 5329 πάντα
826 5294 876 5328 κα·
928 5268 1039 5328 emisstu
1059 5263 1210 5326 carceribus
1216 5275 1242 5323 et
1255 5285 1270 5322 a
1283 5284 1338 5343 quo
1346 5262 1370 5326 si
1383 5263 1514 5346 agitatore
1535 5280 1651 5347 regatur,
