3764 5992
853 458 1033 509 EPISTOLAE.
1645 450 1719 547 739
1791 534 1802 553 ἱ

173 584 318 663 καθήμενοι
330 582 468 664 δεχώμεθα
478 585 527 658 πλν
541 586 719 666 παράκλησιν.
734 588 775 646 On
787 584 884 667 μικρδν
896 583 948 665 γὰρ
994 582 1607 668 θυδίηᾶσιίίᾳυὶἆιιιὰἰουψοῐὶυτεωίωο
1618 594 1715 677 simus,

172 681 238 754 ἡμῖν
251 675 409 756 εὐφροσύνην
429 675 532 754 κομίζει
544 677 576 737 ab
590 677 693 738 ἀκούειν
709 676 770 758 περί
784 680 832 748 τῆς
848 674 947 755 ὑγιείας
994 674 1197 760 ingentemque,
1204 679 1317 741 etiamin
1326 680 1473 743 solitudine
1481 680 1718 759 uodeutoemonsoss

177 773 225 840 τῆς
239 774 296 840 σῆς.
311 767 364 829 Καὶ
375 769 428 851 πρδ
440 769 546 829 πάντων
559 768 683 849 εὔχεσθαι
696 768 762 850 trip
777 772 947 850 ἠμῶνπαρα·
964 768 985 816 l)
1000 764 1128 828 lationem
1153 770 1301 852 capiamus.
1321 775 1378 834 Nec
1395 773 1468 833 enim
1480 795 1566 856 parva
1578 774 1720 858 voluptate

173 859 295 934 κλίθητι.
340 886 342 891 ·
1004 858 1158 940 οίθὶοίιριιπ,
1174 883 1236 921 cum
1252 877 1278 923 te
1291 865 1391 946 optime
1405 864 1636 928 vaiereaudimus.
1648 871 1720 929 Ante

1003 950 1190 1022 omniaaarem
1199 955 1302 1018 illudtc
1315 979 1375 1033 arc,
1389 970 1420 1017 ut
1439 959 1575 1040 pronubis
1584 959 1720 1042 precesad

1002 1042 1092 1105 Deum
1105 1046 1247 1109 adhibeas.

356 1231 404 1302 λζ’.
419 1231 593 1316 Τραχκυλίνιρ
610 1231 756 1313 ἐπισκάπιρ.
1082 1233 1623 1318 XXXVI1.Tranquillinoepiscopo.

213 1417 268 1477 Τὸν
285 1415 374 1497 κύριύν
393 1415 502 1494 μου“τδν
515 1416 675 1496 τιμιώτατον
686 1415 831 1478 ἐπίσκοπον
848 1415 945 1476 Σέλευ-
1041 1416 1306 1478 ίίανεπειιιδίνοίωυαι
1314 1418 1455 1480 dominum
1463 1441 1554 1481 meum
1561 1421 1716 1504 episcopum
1725 1442 1813 1491 Gamo
1829 1461 1870 1491 aa.

171 1531 218 1568 κον
235 1507 335 1568 οἴκοθεν
348 1506 395 1586 μὲν
410 1512 425 1566 δ
439 1508 500 1588 περί
514 1513 586 1588 ἡμᾶς
599 1508 728 1582 ἀνέστησε
748 1507 841 1581 πόθος,
856 1509 944 1567 ίντιῦ·
1000 1509 1156 1587 Seleucum,
1181 1524 1211 1570 ut
1230 1510 1324 1571 relicta
1341 1511 1423 1572 domo
1441 1512 1497 1588 hue
1516 1535 1545 1574 se.
1566 1515 1714 1595 conferret,
1726 1520 1755 1612 ¹²⁰
1770 1515 1871 1631 ἭΜἿ

171 1606 215 1658 θεν
229 1598 257 1657 δὲ
267 1603 281 1658 θ
291 1602 401 1672 τῆςῖσῆς
415 1599 521 1677 ἀγάπης
537 1602 612 1681 ἔρως,
631 1591 717 1666 Οὗτος
734 1599 813 1660 αύτδν
827 1597 873 1657 καλ
886 1622 945 1679 χιι·
999 1601 1083 1662 nostri
1094 1600 1260 1663 desiderium
1271 1602 1419 1665 excitavit:
1433 1617 1464 1663 ut
1473 1618 1563 1665 autem
1572 1604 1637 1667 hinc
1650 1626 1715 1666 rur-
1726 1569 1784 1689 abbi
1821 1584 1861 1624 ‚u

172 1692 259 1767 μῶνος
279 1694 498 1769 κατατολμῆσαι,
515 1691 561 1750 καί
584 1689 723 1773 δυσκολίας
742 1691 819 1765 ὁδοῦ,
833 1688 879 1750 καὶ
898 1691 945 1772 ἀρ-
998 1715 1045 1754 sus
1058 1692 1172 1754 domum
1191 1693 1301 1771 rediret,
1322 1695 1364 1754 tui
1386 1715 1471 1755 amor.
1492 1696 1564 1756 Nam
1587 1695 1635 1757 hic
1656 1718 1718 1758 eum

172 1782 285 1861 ῥωστίας
307 1782 500 1863 χαλεπωτάτης
521 1780 666 1843 ἀνέπεισεν.
686 1780 847 1848 Ἐπαινίσας
859 1780 944 1840 τοίνυν
961 1793 981 1842 Ε
998 1785 1122 1862 induxit,
1135 1800 1167 1846 ut
1179 1799 1205 1845 et
1218 1785 1345 1863 hiemem,
1360 1800 1386 1846 et
1399 1785 1503 1847 itineris
1514 1787 1717 1868 dffiunatem,

171 1872 258 1944 αὐτὸν,
283 1873 398 1933 δέσποτά
427 1898 477 1952 μου
501 1874 662 1953 τιμιώτατα,
686 1881 732 1934 τοῦ
759 1873 868 1954 φίλτρου
895 1876 945 1946 τῆς
997 1878 1720 1960 etgravissimummorhumcontemnerer.Cciiaudato

171 1966 304 2039 σπουδῆς,
333 1965 429 2033 ἀπόδος
452 1970 522 2049 αὐτῷ
551 1965 600 2039 τὴν
622 1964 737 2044 άμοιύὴν
761 1970 809 2038 τῆς
839 1973 944 2044 μακρᾶς
998 1971 1090 2051 itaque
1103 1971 1292 2053 ipsiusamore
1305 1992 1337 2030 ac
1351 1971 1460 2046 studio,
1474 1971 1635 2034 dominemi
1650 1995 1720 2055 pra·

171 2056 268 2129 ταύτης
282 2057 479 2140 ταλαιπωρίας,
501 2059 550 2132 τὴν
566 2061 686 2118 εἰωθυῖαν
702 2058 764 2137 περὶ
777 2058 855 2118 αθτδν
874 2054 943 2138 ἀχά·
997 2059 1177 2136 stantissime,
1192 2056 1328 2118 diuturnae
1344 2059 1427 2142 hujus
1440 2080 1565 2120 aerumna
1577 2063 1732 2143 praemium·

170 2173 224 2223 πην
237 2147 282 2209 καλ
307 2156 349 2208 νῦν
365 2148 569 2229 ἐπιδειξάμενος.
586 2150 664 2210 'Euri
679 2149 724 2209 καὶ
742 2153 819 2228 ἡμεῖς
844 2152 880 2218 ὡς
906 2151 943 2218 εἰς
998 2150 1050 2232 ipsi
1064 2149 1200 2232 repende,
1217 2151 1289 2210 banc
1301 2150 1443 2226 nimirum,
1458 2172 1541 2230 quam
1555 2152 1637 2232 soles,
1648 2153 1719 2214 cari·

169 2240 265 2319 λιμάνα
281 2241 359 2301 αὐτὸν
373 2240 523 2320 ἀκύμαντον
536 2246 572 2311 εἰς
592 2240 640 2310 τδς
664 2241 713 2310 σδις
729 2240 941 2323 παριπίμψαμεν
997 2256 1078 2303 tatem
1089 2263 1153 2322 erga
1167 2263 1230 2301 eum
1241 2241 1391 2302 ostendens.
1402 2243 1536 2303 Nosenim
1544 2242 1648 2305 eumad
1657 2257 1719 2307 tuas

169 2341 275 2412 χεῖρας,
294 2332 390 2401 εἰδότες
412 2357 458 2395 σου
479 2332 528 2406 τὴν
551 2334 652 2406 πολλὴν
674 2331 877 2415 φιλοφροσύνην,
892 2330 942 2404 riv
996 2355 1110 2412 manus,
1126 2332 1247 2394 velutad
1255 2331 1435 2412 tranquillum
1443 2334 1588 2414 quemdam
1598 2348 1718 2417 partum,

168 2424 278 2503 γνησίαν
294 2425 415 2505 ἀγάπην,
430 2425 478 2500 rhu
492 2426 592 2508 θερμὴν
604 2427 650 2486 καὶ
670 2429 765 2500 άκλινῆ
780 2425 825 2485 καὶ
845 2424 941 2506 άπερί·
994 2425 1205 2504 transmisimus,
1222 2425 1323 2506 quippe
1338 2425 1385 2504 qui
1404 2438 1480 2485 tuam
1494 2425 1666 2502 comitatem,
1684 2449 1718 2490 ao

168 2539 290 2597 τρεπτον.
308 2517 366 2578 iiiut
381 2518 523 2598 ἀφικνῆταί
544 2542 585 2585 τις
602 2520 715 2593 ἐκεῖθεν,
729 2517 776 2578 καί
790 2515 878 2598 ῥᾴδιον
892 2515 939 2596 qi·
994 2515 1134 2594 sinceram,
1150 2516 1307 2595 ferventem,
1324 2517 1433 2576 firmam
1454 2530 1534 2598 atque
1548 2531 1714 2581 constantem

168 2634 260 2684 νηται,
273 2610 319 2669 καὶ
332 2614 480 2672 ἐπιστεῖλαι
490 2615 554 2689 ἡμῖν
568 2610 755 2691 παρακλήθςτι
768 2609 803 2670 ab
818 2608 940 2691 περὶτῆς
994 2609 1132 2669 caritatem
1144 2621 1308 2690 compertam
1321 2607 1478 2672 habeamus.
1490 2613 1531 2670 Ac
1544 2612 1568 2670 si
1578 2609 1716 2692 quispiam

169 2702 274 2784 ρύσεώς
283 2726 338 2763 σου.
350 2704 482 2785 Euxinique
491 2703 543 2784 χδρ
554 2707 590 2774 εἰς
597 2705 627 2765 τδ
635 2703 719 2786 παρὸν
729 2707 776 2765 οὐκ
787 2701 938 2774 ἀπήντησε·
994 2701 1075 2761 ἰοιίιιο
1085 2701 1191 2775 veniat,
1207 2700 1291 2780 idque
1301 2699 1380 2761 facile
1390 2700 1441 2777 sit,
1455 2700 1491 2761 de
1504 2715 1550 2762 tua
1561 2700 1717 2763 vduudine

169 2795 209 2855 διὸ
225 2793 283 2854 ortt
305 2801 398 2873 μαθεῖν
409 2819 435 2855 τι
450 2795 612 2875 δεδυνήμεθα
627 2785 664 2854 ὧν
678 2794 743 2876 ίφης
760 2798 858 2855 ἐκεῖνον
870 2796 937 2873 ἕριῖν
994 2792 1079 2852 velim
1091 2791 1127 2852 ad
1143 2814 1192 2852 nas
1204 2792 1315 2852 scribas.
1339 2791 1517 2875 Eupsychius
1532 2794 1604 2853 enim
1617 2793 1652 2853 ad
1666 2814 1716 2854 nos

168 2887 260 2969 πρῴην
272 2892 337 2965 ἡμῖν
350 2888 527 2962 δπιατέλλων,
541 2887 584 2947 διδι
602 2888 633 2948 τδ
646 2889 769 2966 μηδαμοῦ
780 2886 824 2947 τδν
837 2886 939 2966 άνθρω-
994 2905 1048 2944 non
1064 2907 1136 2946 nunc
1155 2885 1282 2945 accessit:
1303 2885 1363 2945 ideo
1375 2884 1446 2945 nihil
1457 2907 1498 2947 ex
1511 2885 1545 2946 iis
1557 2908 1634 2967 quae,
1651 2908 1715 2948 cum

167 3003 216 3040 πον
228 2979 374 3059 φαίνεσθαι.
394 2982 478 3041 Ταῦτ’
499 2972 543 3040 eir
558 2978 647 3054 εἰδὼς,
667 2978 755 3040 ἐκεῖνά
763 3003 799 3038 ’τε
814 2978 881 3059 άπερ
903 2978 938 3037 δι’
947 3025 985 3064 ω
993 2993 1081 3054 nuper
1093 2971 1129 3032 ad
1142 2994 1191 3033 nos
1201 2971 1348 3046 scriberes,
1365 2972 1503 3034 dicturum
1514 2975 1594 3036 illum
1605 2976 1712 3056 aiebas,

167 3067 265 3126 ἐκείνου
288 3068 381 3149 πρῴην
405 3069 560 3145 ἐδήλωσας,
583 3068 628 3128 καί
654 3068 680 3128 εί
706 3093 733 3128 τι
760 3068 841 3129 πλέον
867 3073 939 3147 ἡμᾶς
956 3081 977 3127 a
994 3064 1063 3124 scire
1086 3065 1240 3147 potuimus,
1264 3063 1339 3143 quud
1360 3063 1486 3126 videlicet
1501 3065 1559 3148 ipse
1579 3088 1714 3148 nusquam

167 3162 264 3237 γνῶναι
278 3159 434 3237 ἀναγκαῖον,
448 3165 491 3219 νῦν
504 3167 565 3240 γοῦν
578 3158 705 3241 γνωρίσαι
725 3158 938 3243 ἡμῖνπαρακλή·
993 3169 1130 3238 appareat.
1142 3156 1207 3216 Huc
1229 3155 1315 3236 igitur
1336 3177 1397 3216 cum
1416 3156 1469 3216 tibi
1489 3158 1601 3219 minime
1622 3158 1714 3241 ignota

168 3257 244 3324 θητι,
258 3251 304 3309 καὶ
320 3250 355 3310 τδ
372 3251 493 3332 περὶτῆς
507 3251 596 3327 ὑγείας
615 3253 729 3329 σήμαινε
748 3256 796 3326 τῆς
810 3255 873 3328 τῆς,
891 3258 939 3328 τῆς
993 3249 1057 3326 sint,
1065 3262 1283 3329 tumeaquaeper
1290 3267 1351 3308 eum
1359 3249 1713 3330 nupernabissignificauda

167 3342 266 3424 σφόδρα
278 3348 343 3420 ἡμῖν
360 3344 605 3424 περισπουδάστου,
624 3343 671 3403 καλ
681 3341 748 3426 ὑπὲρ
761 3336 794 3417 ἦς
806 3345 848 3406 ert
863 3370 940 3427 μερι-
993 3362 1145 3416 roraveras,
1159 3353 1218 3399 tum
1233 3340 1256 3399 si
1273 3339 1341 3419 quid
1353 3338 1430 3398 aliud
1447 3341 1566 3422 amplius
1582 3362 1630 3400 nos
1643 3341 1713 3402 scire

166 3438 297 3515 μνῶντες,
310 3434 351 3496 ἀεὶ
363 3434 504 3514 μανθάνειν
518 3439 712 3515 ἐπιθυμοῦμεν,
992 3432 1152 3508 accessesit,
1166 3452 1238 3490 nunc
1251 3430 1345 3490 saltem
1366 3430 1408 3489 iac
1425 3430 1553 3504 sciamus,
1573 3453 1605 3492 ac
1619 3431 1654 3491 de
1665 3446 1712 3491 tua

993 3523 1166 3601 valetudine,
1181 3543 1242 3603 qua
1257 3521 1334 3582 nobis
1348 3543 1460 3581 summae
1474 3543 1546 3583 cnrae
1566 3535 1614 3599 est,
1634 3536 1660 3583 ct
1676 3523 1712 3584 de

992 3637 1065 3694 qua,
1078 3636 1141 3675 cum
1150 3627 1278 3696 perpetua
1284 3611 1634 3692 sallieiiudineiahoremus,
1645 3636 1710 3695 per-

992 3721 1074 3788 petuo
1085 3727 1192 3786 quoque
1205 3703 1299 3765 audire
1310 3704 1454 3787 cupimus,
1469 3704 1574 3785 aliquid
1584 3704 1664 3768 nobis
1673 3705 1710 3767 si·

993 3798 1101 3878 gnifica.

356 3989 409 4064 λη’.
423 3989 583 4070 “’λ’μνητίῳ
596 3993 743 4072 άρχιητρῷ.
1080 3986 1254 4046 XXXVIII.
1277 3986 1442 4061 Hymnetio
1458 3985 1617 4053 archiatro.

205 4183 238 4242 Εἰ
259 4141 305 4239 mit
329 4176 366 4257 μὴ
388 4180 504 4256 συνεχῶς
524 4175 724 4252 {reordinarent
744 4176 778 4254 τῇ
800 4172 936 4252 τιμιάιητί
1030 4170 1089 4232 Etsi
1113 4193 1166 4231 non
1184 4171 1279 4232 crebro
1301 4169 1336 4230 ad
1354 4184 1380 4230 te
1400 4169 1493 4229 literas
1511 4167 1657 4248 dedimus,
1678 4185 1804 4236 atcueuso
1817 4207 1860 4238 aa.

164 4298 224 4349 00⁰2
240 4271 310 4333 &hii
332 4274 448 4350 συνεχῶς
468 4290 497 4326 ⁶⁸
519 4265 563 4326 ἐπί
588 4265 694 4344 μνήμης
721 4265 827 4346 ἔχομεν,
840 4266 934 4346 πεῖράν
989 4279 1118 4347 perpetuo
1135 4278 1223 4324 tamen
1241 4263 1369 4322 memoria
1385 4275 1410 4320 te
1430 4275 1582 4341 gestamus,
1606 4275 1635 4321 ut
1657 4262 1745 4358 qui?¹
1765 4262 1790 4297 ¹¹¹
1817 4270 1859 4310 ¹¹¹¹*

164 4389 210 4425 ⁶⁰⁰
227 4370 274 4436 τῆς
294 4361 487 4444 σθοδθοτάτηςι
508 4363 556 4430 τῆς
580 4357 736 4432 σπουδαίαῖν
757 4363 805 4430 fi<
827 4356 936 4438 γνησίας
990 4358 1117 4418 ferventis
1138 4356 1177 4416 tui
1196 4378 1228 4415 ac
1248 4354 1324 4437 probi
1342 4368 1367 4413 et
1388 4352 1485 4412 sinceri
1504 4352 1706 4435 amorisingens
1724 4332 1773 4360 ω’
1789 4313 1845 4377 4⁰⁵*

164 4457 250 4538 φιλίας
266 4454 366 4526 πολλὴν
381 4456 408 4511 ἐν
418 4450 531 4531 ἡμέραις
542 4448 641 4531 ὀλίγαις
652 4448 786 4518 λαύύντες.
796 4449 848 4509 aa
859 4455 936 4511 τοῦτο
989 4451 1084 4534 paucis
1105 4450 1201 4510 dicbus
1217 4447 1407 4507 documentum
1425 4443 1582 4526 ceperimus.
1610 4444 1707 4526 quue

164 4549 209 4606 καὶ
219 4547 263 4606 τδν
278 4545 366 4627 κύριόν
381 4569 431 4622 μου
447 4544 491 4603 τὸν
508 4541 667 4620 τιμιώτατον
682 4540 825 4601 ἐπίσκοπον
836 4542 936 4602 Σελευ-
953 4562 972 4609 Β
990 4546 1097 4605 nomine
1110 4539 1362 4603 reverendissimum
1383 4537 1524 4596 dominum
1535 4557 1636 4596 meum
1649 4537 1707 4619 epi.

163 4665 208 4701 κον
224 4643 259 4707 ὡς
269 4642 305 4706 εἰς
313 4637 407 4714 λιμένα
420 4635 467 4701 τδις
478 4634 526 4701 cd<
540 4633 754 4716 παραπέμπομεν
768 4642 867 4714 χεῖρας.
884 4635 937 4695 Καί
990 4659 1100 4720 scopum
1110 4631 1472 4706 Seleucamadtuasmanus,
1483 4649 1535 4689 non
1543 4650 1619 4689 secus
1627 4643 1710 4709 atque

162 4730 214 4810 γάρ
235 4730 286 4789 ὑπὸ
309 4729 390 4810 βηχὸς
404 4730 559 4808 πολεμεῖται
573 4724 783 4806 χαλεπωτάτης,
802 4726 834 4799 ἣν
852 4732 869 4797 ἡ
889 4733 936 4786 τοῦ
989 4732 1017 4790 in
1031 4743 1155 4812 portum,
1166 4722 1381 4784 transmittimus.
1393 4721 1463 4780 Nam
1480 4720 1537 4802 ipse
1547 4720 1709 4801 gravissima

161 4824 232 4890 ἔτους
246 4820 303 4902 ὥρα
318 4820 490 4903 σφοδρότερον
512 4816 659 4897 ἐπιτρίάει,
681 4816 727 4876 καὶ
745 4819 934 4898 χαλεπωτέραν
990 4816 1057 4877 tussi
1071 4827 1194 4888 vexatur,
1205 4833 1286 4890 quam
1296 4809 1377 4878 etiam
1391 4808 1513 4869 infestius
1524 4809 1588 4868 anni
1601 4823 1707 4890 tempus

160 4924 239 4976 ποιεῖ.
253 4912 423 4992 Καταμαθὼν
446 4910 542 4983 τοίνυν,
558 4909 673 4969 δέσποτά
694 4933 745 4987 μου
770 4908 935 4988 τιμιώτατα,
989 4923 1070 4989 auget
1077 4953 1087 4981 ,
1106 4904 1310 4988 gravioremque
1323 4899 1422 4960 reddit.
1438 4901 1508 4960 Cum
1521 4901 1605 4982 igitur
1618 4900 1706 4960 morbi

194 5117 204 5140 ι
222 5100 360 5149 Vaticanus
370 5108 397 5146 et
407 5094 574 5148 Coisi'mianua
586 5104 612 5145 et
625 5090 701 5144 Saril.
713 5110 810 5160 semper
826 5089 920 5164 ίμηςῖῳ
945 5091 1044 5163 iancea-r
1056 5092 1159 5166 haireni.
1168 5093 1231 5142 Erat
1241 5088 1283 5141 hic
1294 5087 1420 5140 archiater
1429 5099 1454 5138 et
1465 5085 1578 5139 medicus
1587 5087 1652 5140 sacri
1662 5105 1706 5154 pa-

161 5178 264 5229 irabent.
280 5173 369 5226 uorat.
383 5170 496 5241 Ῠμνητῖῳ.
510 5172 592 5223 Varie.
605 5182 734 5241 ἀρχιατρῷ.
747 5174 785 5222 An
796 5168 918 5240 Ῠμνήτιος,
944 5173 1008 5238 latii,
1017 5172 1093 5234 unde,
1102 5183 1130 5222 ut
1141 5168 1261 5222 observat
1270 5168 1416 5232 δυσωπία
1426 5164 1519 5218 Codice
1526 5165 1704 5218 Theodosiana

162 5276 193 5310 a„
207 5253 304 5324 emm„
316 5255 349 5305 <ir
359 5252 509 5320 appellatus,
517 5249 600 5302 diccrc
610 5267 661 5301 non
671 5249 849 5302 ausimPiures
860 5251 917 5306 hias.
945 5249 1032 5304 titulus
1043 5261 1082 5300 est
1093 5246 1124 5299 dc
1137 5243 1277 5298 comitibus
1288 5255 1314 5296 et
1325 5239 1462 5295 archiatris
1473 5244 1538 5296 acu
1549 5237 1646 5312 palatii.
