3764 5992
661 481 694 528 m
723 474 975 530 PENTECOSTEN.
1004 477 1115 526 sentio
1140 476 1188 526 111.

1633 448 1768 544 96¹.

162 603 235 680 θέαν,
244 605 308 690 πρὸς
322 605 371 681 τὴν
384 611 429 666 τοῦ
443 605 599 684 Πνιύματος
613 605 745 685 ὑποδοχὴν
761 605 821 673 τοὺς
837 604 936 686 ἀνθρώ·
990 603 1146 663 hominibus
1161 611 1336 662 consentanea
1348 596 1460 661 indutus
1479 599 1575 682 specie,
1589 599 1624 660 ad
1638 599 1706 681 spi-

162 711 230 755 πους
245 685 396 760 ἀνέστησεν.
409 683 472 744 Ἐτι
483 684 551 765 γὰρ,
565 685 649 765 φησί,
670 684 757 744 πολλὰ
767 684 821 765 ἐγω
834 685 933 764 λέγειν,
989 684 1074 742 ritum
1091 697 1213 742 sanctum
1236 679 1305 743 susci
1328 679 1438 739 iendum
1461 680 1585 741 homines
1607 680 1705 741 erexit.

164 769 224 827 ἀλλ’
247 769 276 824 σθ
291 765 400 825 δύνασθε
424 765 572 843 βαστάζειν.
585 763 673 824 Ὅταν
688 763 715 824 δέ
732 752 823 842 ἔλθήθ
837 765 936 846 Παρά-
989 764 1060 821 Nam
1069 763 1190 838 Adhuc,
1200 761 1247 834 ait,
1259 703 1456 820 muituuabeo
1467 762 1572 835 dicere,
1584 763 1707 821 sednon
1719 781 1787 824 νισι.
1807 775 1835 822 ιο

164 847 275 920 κλητος,
288 846 318 904 τὸ
330 848 439 921 Πνεῦμα
450 850 496 915 τῆς
508 843 807 922 ἀληθείας,ὁδηγήσεται
818 848 887 922 ὑμᾶς
899 848 935 913 εἷς
988 847 1108 922 potestis
1117 843 1323 921 portare.Cum
1335 853 1432 899 autem
1444 844 1559 900 venerit
1567 840 1708 901 Paracle-
1721 842 1757 889 ¹8·

165 934 254 984 πᾶσαν
279 923 327 996 τὴν
346 924 480 995 ἀλήθειαν.
502 922 657 983 Ἔλεύσεται
683 924 740 1000 μετ’
764 922 811 1000 ἐμὲ
831 925 860 983 τὸ
874 925 933 982 κατ’

991 933 1048 992 tus,
1064 923 1187 1001 Spiritus
1211 924 1357 992 veritatis,
1375 922 1461 979 ducet
1475 941 1529 979 vos
1542 923 1575 978 in
1593 939 1708 979 omnem

165 1003 214 1082 ἐμὲ
227 1002 275 1074 τὴν
290 1004 393 1063 οὐσίαν·
405 1004 619 1082 παραγενήσεται
631 1002 695 1082 πρὸς
712 1007 781 1080 ὑμᾶς
790 1002 820 1060 τὸ
833 1004 863 1061 ἐκ
876 1006 935 1063 Πα-
953 1019 972 1066 c
991 1005 1155 1059 ueritatem.
1168 1001 1264 1059 Exibit
1262 1013 1330 1138 post
1338 1021 1381 1058 me
1389 1000 1413 1058 is
1423 998 1516 1077 quiest
1527 998 1647 1091 ejusdem
1656 1004 1709 1059 me·

165 1084 226 1162 τρθς
241 1086 280 1163 τῷ
296 1083 384 1164 Πατρί
397 1083 445 1154 τὴν
459 1081 549 1142 οθσίαν
564 1083 717 1186 ἐφάμιλλον.
734 1083 838 1140 Οὐκοῦν
854 1082 936 1150 ἀτοῖς

166 1162 253 1239 λόγοις
276 1163 511 1260 εὐηγγελίσθησαν,
530 1171 584 1230 τοῖς
606 1184 691 1244 εργοις
711 1161 877 1240 ἐπέγνωσαν·
898 1152 934 1220 ὧν

164 1240 214 1311 τὴν
226 1243 384 1320 ἐπαγγελιαν
408 1240 542 1314 ἐδέξαντο,
563 1241 661 1300 τούτων
677 1240 726 1313 τὴν
741 1249 839 1320 πεῖραν
850 1240 937 1319 ἐνέμε·

165 1341 219 1379 νον.
232 1319 278 1378 Ἐν
296 1324 335 1399 τῷ
353 1323 571 1401 συμπληροῦσθαι
590 1319 638 1392 τὴν
654 1318 758 1399 ἡμέραν
774 1325 822 1391 τῆς
836 1343 936 1392 πεντη-

165 1403 272 1470 κοστῆς.
284 1398 389 1478 Βραγίις
403 1402 429 1458 ἐν
444 1401 517 1480 μέσῳ
526 1405 574 1472 τῆς
586 1399 677 1459 ἀνόδου
691 1399 795 1496 καιρὸς,
805 1399 850 1458 καί
861 1406 877 1472 ὴ
890 1407 936 1460 τοῦ

164 1477 323 1555 Πνεύματος
335 1466 436 1555 γίνεται
448 1479 570 1547 κάθοδος·
584 1485 601 1552 ὴ
617 1484 662 1538 τοῦ
675 1481 800 1583 Σωτηρμς
817 1480 935 1559 ὑπόσχε-

167 1581 209 1623 σις
221 1558 305 1637 ἔργοις
321 1558 352 1616 τὸ
362 1558 444 1637 πέρας
460 1558 617 1635 ἐλάμῦανεν.
633 1558 668 1619 ‘O
686 1557 733 1637 μέν
747 1582 791 1617 ουν
805 1561 858 1616 τῶν
872 1563 937 1618 ἀπο-

116 1678 118 1709 :
167 1635 268 1697 στολων
281 1635 359 1718 χορθς
370 1641 417 1708 τῆς
429 1637 596 1717 θποςτρέσεως
606 1641 654 1708 τῆς
669 1640 841 1709 δεσποτικῆς,
854 1639 938 1698 καθά-

116 1762 118 1769 .
166 1739 218 1797 περ
228 1716 343 1796 ἀγκύρας
352 1716 433 1790 τινὸς,
444 1716 651 1794 ἐπιλαύόμενος,
665 1715 713 1788 τὴν
726 1721 772 1775 τοῦ
784 1716 939 1794 Πνεύματος

116 1863 117 1871 γ
166 1796 314 1895 παρουσίαν
336 1796 469 1874 ἀνέμενεν.
481 1795 593 1866 Ἐπειδὴ
617 1800 671 1854 τῶν
690 1798 798 1878 ἡμερῶν
814 1799 828 1853 θ
843 1796 938 1878 δρόμος

167 1899 234 1956 προς
247 1875 291 1933 τὸν
305 1874 481 1947 πεντηκοστὸν
499 1876 609 1957 ἀριθμὸν
630 1876 798 1948 ἀνελήλυθεν,
820 1873 865 1934 ότε
884 1880 937 1934 τῶν

168 1953 238 2012 έπτά
252 1953 405 2029 έόδομάθων
420 1958 435 2012 δ
448 1953 542 2021 κύκλος
555 1954 625 2014 κατὰ
634 1953 684 2026 τὴν
693 1959 738 2013 τοῦ
752 1955 832 2031 νόμου
848 1955 938 2014 διάτα·

169 2031 210 2101 ξιν
230 2034 321 2091 ἑαυτὸν
335 2032 577 2113 ἀναστρεφόμενος,
595 2017 653 2101 eei<
665 2037 766 2113 ἑορταῖς
778 2034 938 2117 ἑκατέρωθεν

167 2111 371 2191 περιγράφεται,
384 2112 444 2171 τότε
460 2105 503 2171 σύν
515 2118 532 2183 ὴ
543 2120 589 2172 τοῦ
604 2114 758 2191 Πνεύματος
776 2113 877 2214 γίνεται
888 2115 936 2174 κά·

991 1100 1053 1138 cum
1066 1081 1260 1154 substantiae‚a
1282 1079 1411 1139 venietad
1420 1100 1468 1137 vos
1476 1079 1498 1137 is
1506 1096 1552 1157 qui
1563 1091 1603 1138 est
1612 1099 1647 1139 ex
1657 1079 1709 1137 Pa·

991 1173 1042 1235 tre,
1054 1160 1127 1218 Patri
1143 1182 1192 1241 par
1209 1159 1355 1219 secundum
1371 1159 1557 1218 substantiam.
1569 1158 1610 1218 Ea
1625 1157 1710 1238 igitur

992 1260 1052 1316 quae
1065 1239 1156 1298 verbis
1164 1252 1328 1319 acceperant,
1334 1261 1413 1319 opere
1421 1237 1550 1317 completa
1561 1249 1707 1313 noverunt:

993 1338 1108 1396 quorum
1117 1320 1323 1456 promissionem
1335 1330 1501 1399 acceperant,
1515 1315 1709 1398 experientiam

992 1413 1116 1478 exspecta

992 1491 1092 1536 costes.
1100 1479 1187 1537 Breve
1193 1478 1324 1558 temporis
1332 1478 1449 1568 spatium
1456 1476 1508 1534 tuit
1521 1475 1711 1536 Ascensionem

993 1557 1062 1615 inter
1082 1571 1108 1615 et
1130 1557 1286 1616 descensum
1306 1558 1425 1637 Spiritus
1440 1556 1525 1615 sancti
1540 1555 1711 1637 rSereatoris

993 1636 1134 1716 promissio
1148 1637 1214 1718 ipsis
1227 1637 1306 1695 rebus
1321 1650 1346 1696 et
1361 1636 1486 1718 operibus
1495 1634 1710 1696 exitumhabuit.

995 1716 1184 1794 Apostolorum
1194 1737 1258 1796 ergo
1269 1717 1367 1774 chorus
1377 1715 1582 1797 promissionem
1592 1713 1711 1774 domini·

994 1814 1052 1852 cam
1063 1796 1138 1872 quasi
1149 1795 1294 1854 anchoram
1307 1795 1533 1875 nactus,Spiritus
1541 1793 1711 1876 praesentiam

993 1874 1175 1954 exspectabat.
1192 1875 1315 1952 Cumque
1335 1873 1441 1932 dierum
1465 1895 1559 1933 cursus
1581 1872 1615 1932 ad
1630 1873 1711 1952 quin-

993 1954 1185 2032 quagenarium
1199 1974 1341 2012 numerum
1356 1953 1517 2028 devenisset,
1532 1951 1640 2030 quando
1654 1956 1710 2012 sci-

993 2033 1055 2091 licet
1081 2033 1227 2092 secundum
1254 2033 1322 2113 legis
1343 2047 1508 2114 praeceptum
1534 2046 1637 2114 septem
1658 2031 1710 2093 he·

994 2104 1159 2170 bdomadum
1184 2112 1314 2171 circuitus
1336 2113 1476 2188 reuolutus
1497 2112 1572 2171 iestis
1585 2111 1713 2190 utrinque

170 2192 253 2256 θοδος.
276 2191 346 2249 Ἀλλ’
371 2195 400 2250 σθ
421 2194 532 2271 σαρκὸς,
547 2195 583 2258 ὡς
607 2192 685 2265 tite,
707 2192 864 2267 ἀπελούετο,
880 2193 939 2252 οὐδὲ
957 2205 977 2250 D
994 2190 1235 2267 circumscribitur,
1252 2206 1317 2250 trine
1339 2192 1458 2282 Spiritus
1479 2190 1621 2251 descensus
1646 2189 1710 2249 tuit.

170 2268 337 2350 ἀνθρωπίνης
355 2271 505 2351 ἐφανερώθη
525 2276 642 2352 μορφῆς,
665 2273 718 2331 οὐδ’
742 2271 832 2352 ὥσπερ
846 2277 872 2332 έν
885 2282 940 2341 τοῖς

169 2347 304 2428 Ἰορδάνου
319 2348 429 2429 ῥείθροις
441 2351 471 2409 τὸ
491 2356 540 2423 τὴς
553 2362 710 2432 περιστερᾶς
734 2343 800 2419 εἶδος
811 2370 816 2379 ’
826 2351 874 2424 τὴν
896 2360 942 2412 τοῦ

169 2428 324 2505 Πνεύματος
344 2453 383 2487 πα
400 2430 491 2489 ουσίαν
512 2431 650 2508 ἐμήνυσεν.
672 2431 762 2490 Οθσία
780 2430 833 2513 γδιρ
847 2433 941 2491 δεσπο·

170 2506 248 2579 τικὴ,
259 2508 327 2567 καθά
339 2454 656 2591 βούὴεται,ἐπιφαίνεται.
669 2509 773 2591 Βροντὴ
789 2509 816 2570 δέ
828 2512 941 2591 σάλπιγξ

169 2587 306 2666 οὐρανόθεν
319 2587 397 2662 ἐθόα,
411 2600 499 2648 πᾶσαν
513 2593 593 2660 ἀκοῆς
607 2591 738 2672 ἐνέργειαν
752 2594 785 2670 τῇ
806 2591 942 2672 ἀπηχήσει

169 2669 287 2738 νικῶσα,
307 2667 352 2726 καί
370 2667 433 2748 φλὸξ
447 2669 605 2747 διιπταμένη
620 2670 742 2749 γλώσσας
753 2667 864 2750 πυρίνας
878 2671 943 2731 ἀπέ·

169 2767 274 2803 τικτεν·
290 2751 307 2816 ὴ
321 2753 367 2805 τοῦ
386 2747 467 2826 πυρδς
485 2749 611 2830 διαίρεσις
630 2752 756 2829 γλωσσῶν
768 2750 871 2828 ἐγένετο
891 2750 943 2828 μή·

169 2847 237 2902 τηρ·
249 2826 369 2900 γλῶσσαι
392 2826 604 2906 διαμεριζόμεναι
622 2838 680 2897 ταῖς
693 2833 745 2887 τῶν
758 2832 884 2935 μαθητῶν
897 2853 942 2890 κο·

187 2910 265 2980 υφαῐς
292 2903 489 2972 ἐπεκαθέζοντο.
515 2908 639 2972 Τοιοῦτος
667 2905 715 2986 μὲν
746 2930 790 2968 ουν
817 2914 865 2982 τῆς
895 2915 941 2968 τοῦ

171 2927 329 3059 ίίνεύματος
349 2985 500 3063 ἐπιφανείας
526 2989 541 3043 θ
563 2986 667 3066 τρόπος.
693 2987 850 3067 Ἐκλέγεται
875 2988 942 3061 ιτὴν

171 3060 275 3138 ἡμέραν
285 3070 342 3128 ταῖς
355 3063 456 3142 ἑτέραις
470 3065 729 3145 παραπεμπόμενος·
744 3071 774 3126 οὐ
784 3067 835 3147 γάρ
850 3067 882 3142 δὴ
896 3068 943 3128 λό-

171 3162 219 3217 γου
230 3141 329 3220 χωρίς,
344 3140 402 3199 οὔτε
418 3150 456 3223 τῷ
469 3144 546 3225 τάχει
564 3145 698 3221 λαμῦάνει
709 3144 758 3219 τὴν
768 3140 870 3228 ἑορτὴν,
883 3147 943 3208 ούτε

173 3216 244 3295 ’μὴν
254 3218 285 3276 ἀν
295 3224 343 3289 τῆς
352 3221 453 3300 ἡμέρας
463 3223 512 3292 τὴν
522 3223 648 3304 πάροδον,
658 3225 709 3286 ἐπά
743 3226 808 3300 ιτὴν
822 3228 942 3288 κάθοδον.

171 3296 225 3356 Διά
238 3297 265 3355 τί
271 3321 279 3370 ;
298 3300 377 3376 Τρεῖς
394 3304 457 3360 εἰσιν
473 3294 550 3361 αθται
566 3303 645 3381 μόναι
658 3249 755 3388 παρἸ’

172 3379 290 3463 μοτελεῑς
303 3378 399 3456 ἑορταί.
412 3380 512 3460 Πρώτη
528 3382 577 3460 μὲν
590 3386 607 3459 ή
622 3390 668 3442 τοῦ
677 3386 786 3466 πάσρα,
800 3391 858 3446 καθ’
869 3389 902 3460 ὴν
914 3387 944 3447 τὸ

169 3455 302 3534 πρόὸατον
311 3456 430 3533 θύοντες,
438 3461 480 3519 τὸν
492 3463 615 3532 ἀληθινδν
630 3463 712 3542 ἀμνὸν
723 3469 774 3524 οὐκ
782 3467 944 3545 ἐπέγνωσαν,

170 3534 217 3591 καί
230 3538 359 3613 τιμῶντες
372 3538 417 3596 τδν
431 3539 524 3612 τύπον,
544 3545 581 3608 εἰς
596 3542 641 3600 τθν
656 3550 702 3601 τοῦ
723 3541 806 3603 τύπου
826 3543 944 3624 παρηνό-

171 3636 237 3691 μουν
251 3616 409 3694 παραίτιον·
426 3608 454 3676 οὗ
466 3618 518 3696 γδιρ
532 3619 579 3691 τὴν
594 3620 671 3678 σκιάν
683 3622 868 3700 προσεκύνουν,
881 3621 943 3680 τού-

170 3715 217 3750 του
228 3692 275 3766 τὴν
287 3694 432 3774 παρουσίαν
444 3698 581 3775 ἠτίμαζον,
597 3699 714 3797 Δευτέρα
729 3699 757 3760 δέ
770 3707 787 3773 ὴ
803 3703 860 3778 μετ’
879 3700 946 3760 ἐκεί·

168 3796 216 3844 νην
229 3774 414 3846 πεντηκοστὴ,
430 3775 514 3855 ὄνομα
533 3779 651 3857 λαχοῦσα
663 3802 693 3837 το
709 3780 772 3838 3τοῦ
787 3780 943 3857 Πνεύματος

170 3850 317 3929 διάστημα.
330 3853 393 3912 Ἐπί
407 3853 515 3924 ταύταις
529 3861 556 3915 αἱ
572 3858 662 3930 σκιαί,
676 3863 724 3929 τῆς
743 3860 841 3941 ἐρήμου
855 3861 886 3920 τθ
900 3860 942 3937 μί-

171 3955 258 4008 μημα.
279 3923 366 3990 Αθται
385 3935 487 4001 πάντας
513 3941 578 4014 ὁμοῦ
594 3937 735 4004 Ἰουδαίους
762 3941 864 4019 ἀνάγκη
878 3966 899 4000 π
917 3940 944 4010 ὸς

170 4010 234 4087 μίαν
250 4010 327 4070 πόλιν
337 4012 514 4092 συνήθροιζον.
527 4015 638 4089 Ἐπειδὴ
650 4016 734 4076 τοίνυν
746 4021 773 4078 ἐν
782 4024 815 4100 τῇ
825 4007 942 4099 προτερα

170 4088 283 4170 σταυρὸς
296 4092 401 4168 ἐπάγη,
417 4093 463 4152 καὶ
477 4094 507 4153 τδ
526 4096 609 4162 πάθος
623 4095 714 4177 θψύνθη
726 4142 734 4169 ,
745 4098 791 4158 καί
803 4101 898 4171 θεατὴς
912 4087 944 4175 ήθ

172 4168 253 4249 μέχρι
263 4170 363 4228 τούτων
378 4171 448 4238 άπας
461 4178 514 4232 τῶν
528 4171 662 4234 Ἰουδαίων
675 4181 689 4235 θ
702 4178 800 4255 δῆμος,
813 4179 843 4238 τὸ
855 4180 881 4237 δέ
897 4187 945 4254 τῆς

170 4248 340 4317 ἀναστάσεως
353 4256 440 4328 θαῦμα
452 4251 562 4330 ὴγνόουν
583 4254 700 4327 ἑκόντες,
717 4256 854 4332 ὴπίστουν,
867 4259 943 4340 ἔκρυ-

169 4350 246 4401 πτον,
260 4329 469 4408 ἐσυκοφάντουν·
485 4331 552 4410 μετδι
562 4331 610 4404 τὴν
625 4334 732 4412 πρώτην
744 4335 831 4410 εὐθὺς,
844 4341 903 4398 καθ’
911 4341 943 4412 ὴν

171 4405 277 4465 ἅπαντα
290 4411 343 4465 τῶν
358 4408 491 4469 Ἰουδαίων
506 4410 541 4470 τδι
556 4414 624 4490 φῦλα
638 4415 719 4474 πάλιν
742 4417 844 4496 ἀνάγκη
864 4418 944 4496 νόμου

169 4485 236 4563 πρὸς
250 4485 294 4544 τθν
311 4488 388 4547 αὐτὸν
401 4489 499 4572 ὴγέρθη
514 4491 610 4562 τόπον,
620 4496 782 4574 ἐπιτηροῦσα
794 4483 838 4555 cti
852 4496 944 4577 καιρὸν

171 4563 216 4622 ἐπὶ
227 4563 285 4631 sobe
297 4567 416 4641 μαθητάς
428 4575 444 4641 ὴ
455 4569 533 4650 χάρις
544 4574 662 4651 ἐκχεῖται
671 4616 679 4642 ,
689 4573 735 4632 καί
746 4574 806 4642 τοὺς
820 4576 943 4650 ἁπάντων
952 4626 989 4665 ,95

995 2270 1049 2330 Sed
1074 2292 1126 2329 non
1152 2292 1270 2344 carnem,
1284 2285 1314 2330 ut
1335 2272 1433 2346 Filius,
1454 2271 1583 2352 suscepit,
1598 2291 1646 2330 nec
1659 2270 1711 2329 hu·

996 2371 1073 2408 mana
1095 2351 1180 2409 forma
1201 2372 1216 2408 a
1237 2350 1343 2431 paruit,
1357 2373 1443 2430 neque
1465 2350 1536 2410 sicut
1556 2349 1585 2411 in
1605 2349 1714 2411 fluentis

995 2429 1121 2493 Jordanis
1135 2373 1266 2489 columbae
1279 2431 1379 2510 speeies
1404 2431 1522 2511 Spiritus
1544 2429 1714 2521 presentiam

996 2508 1135 2569 indicavit.
1145 2510 1285 2569 {lominica
1297 2532 1412 2589 namque
1423 2510 1637 2590 substantiaque
1654 2509 1715 2569 vult

997 2589 1077 2648 modo
1097 2604 1217 2669 apparet.
1243 2589 1297 2651 Sed
1321 2591 1469 2649 tonitruum
1492 2589 1568 2669 quasi
1592 2589 1657 2648 tuba
1680 2587 1716 2648 dc

997 2669 1062 2727 caelo
1083 2668 1238 2743 insonabat,
1258 2669 1347 2729 sonitu
1371 2683 1445 2729 tante
1463 2668 1588 2728 auditum
1608 2689 1715 2728 omnem

996 2769 1139 2830 superans:
1155 2763 1180 2807 et
1202 2749 1310 2809 flamma
1342 2740 1467 2809 inuola'ns
1492 2748 1529 2807 lin
1552 2769 1599 2808 uas
1623 2748 1716 2827 igneas

996 2827 1116 2909 peperit:
1130 2828 1200 2908 ignis
1226 2827 1326 2888 divisio
1355 2842 1441 2887 mater
1462 2828 1514 2887 luit
1532 2770 1716 2919 linguarum:

996 2905 1144 2988 dispertita·
1168 2908 1266 2988 lingum
1282 2908 1479 2989 discipulorum
1491 2907 1639 2968 verticibus
1649 2905 1715 2966 insi·

997 2985 1647 3069 debant.HujusmodifuitSpiritusadventus.N
1682 3007 1716 3045 ue

998 3067 1068 3125 enim
1083 3066 1139 3126 sine
1151 3089 1249 3142 causa,
1267 3089 1316 3127 nec
1330 3083 1358 3127 ut
1373 3069 1519 3142 festinaret,
1533 3069 1633 3126 festum
1645 3066 1665 3125 il
1678 3064 1716 3124 ud

997 3144 1117 3226 delegit3
1133 3168 1219 3287 mepte
1232 3161 1374 3229 postquam
1394 3150 1489 3208 festum
1513 3145 1652 3229 preteriit,
1667 3144 1716 3224 de-

998 3246 1118 3286 sconsum
1143 3248 1175 3286 ex
1198 3227 1262 3288 ibet.
1280 3230 1336 3287 Cur
1349 3228 1422 3287 hoc?
1442 3229 1510 3287 Tres
1535 3240 1639 3286 tantum
1653 3239 1717 3285 sunt

756 3306 884 3374 Ιουδαίοις
897 3309 942 3378 δη·
960 3324 980 3371 n
997 3305 1070 3386 apud
1089 3305 1196 3367 Judrcos
1217 3308 1333 3388 publicae
1356 3308 1535 3368 solennitates.
1555 3306 1646 3366 Prima
1663 3305 1717 3363 Pa-

998 3386 1106 3459 schatis,
1117 3387 1144 3444 in
1155 3409 1207 3464 qua
1217 3409 1295 3446 ovem
1308 3387 1488 3460 immolantes,
1497 3407 1593 3453 verum
1607 3390 1716 3464 Agnum

998 3482 1050 3522 non
1065 3466 1254 3542 agnoscebant,
1269 3479 1295 3523 et
1317 3479 1414 3545 typum
1439 3465 1600 3537 honorantes
1613 3463 1641 3522 in
1655 3463 1717 3543 typi

999 3563 1106 3600 causam
1134 3543 1225 3620 inique
1249 3544 1380 3623 agebant:
1394 3544 1470 3623 cujus
1494 3542 1567 3602 enim
1590 3541 1717 3601 umbram

997 3620 1176 3699 honorabant,
1199 3622 1281 3703 hujus
1325 3623 1473 3681 canentiam
1496 3621 1715 3681 dehonestabant.

998 3700 1121 3761 Secunda
1155 3715 1196 3760 ost
1207 3703 1283 3760 illam
1298 3645 1450 3760 deuterosin
1462 3717 1565 3776 vocata,
1575 3714 1721 3793 septenum.

998 3723 1153 3840 hebdomad

999 3859 1055 3919 hrae
1080 3860 1116 3919 ad
1141 3859 1238 3919 deserti
1261 3861 1448 3920 imitationem.
1476 3862 1524 3920 llae
1547 3859 1716 3921 solennitates

999 3939 1106 3999 Judaeos
1116 3940 1197 3999 simul
1208 3962 1261 3999 rina
1272 3941 1299 3999 in
1311 3940 1419 3999 civitate
1432 3939 1715 4022 congregabant.Quia

999 4018 1084 4097 igitur
1094 4019 1121 4078 in
1136 4019 1226 4100 priore
1234 4042 1301 4079 crux
1312 4020 1401 4078 defixa
1411 4021 1473 4088 luit,
1485 4021 1574 4101 passio
1585 4021 1714 4096 exaltata,

998 4112 1023 4156 ct
1031 4099 1159 4158 hactenus
1170 4113 1223 4158 tota
1235 4099 1391 4161 Juduorum
1409 4101 1481 4160 natio
1492 4099 1636 4182 spectatrix
1648 4098 1715 4175 fuit3

998 4180 1245 4239 reresurrectionis
1259 4181 1419 4240 miraculum
1434 4194 1527 4260 sponte
1544 4179 1714 4261 ignorabant,

997 4279 1051 4317 non
1071 4258 1226 4334 credebant,
1240 4260 1448 4334 abscondebant,
1463 4259 1714 4318 calumniabantur:

997 4351 1058 4419 post
1071 4337 1198 4417 primam,
1214 4339 1241 4397 in
1266 4362 1319 4419 qua
1339 4362 1430 4400 omnes
1452 4339 1608 4402 Judaeorum
1630 4338 1716 4398 tribus

998 4417 1111 4497 exlegis
1131 4433 1266 4499 praecepto
1284 4419 1407 4478 eumdem
1422 4421 1551 4479 inlocum
1568 4439 1650 4499 congr
1683 4438 1714 4476 a·

997 4497 1107 4566 bantur,
1124 4498 1209 4577 gratia
1230 4512 1335 4590 tempus
1351 4500 1505 4576 observans,
1516 4499 1544 4559 in
1567 4498 1672 4580 discipu
1685 4518 1715 4557 os

998 4576 1158 4653 effunditur,
1175 4592 1201 4636 et
1215 4599 1337 4636 omnium
1349 4580 1439 4638 oculos
1453 4593 1533 4658 atquo
1545 4599 1623 4639 aures
1638 4578 1716 4638 adse

170 4643 320 4721 ὀφθαλμοὺς
334 4645 380 4703 καθ
393 4648 474 4715 ἀκοάς
492 4649 657 4731 ἐπιστρέφει,
668 4653 711 4711 tva
724 4654 789 4731 πρὸς
799 4654 858 4723 τοὺς
874 4657 941 4736 Χρι-
961 4681 981 4728 ,ι
997 4657 1139 4729 convertit,
1155 4670 1185 4714 ut
1200 4656 1303 4716 donum
1325 4657 1353 4717 in
1369 4658 1470 4718 Christi
1485 4658 1633 4740 discipulos
1647 4659 1716 4717 eliu-

170 4727 234 4818 ατοῦ
248 4722 398 4799 μαθητδιςὴ
420 4727 505 4804 δωρεδι
519 4752 551 4809 φε
568 4729 650 4807 ομένη
666 4731 816 4792 ἀναστάντα
837 4759 942 4814 μαρτυ-

172 4824 266 4881 ρηται·
281 4803 326 4861 καὶ
348 4807 370 4862 εί
389 4800 528 4890 ἐγηγέρθαι
549 4755 663 4888 ipsanio
690 4812 901 4889 ἀπιστήσαντες,
915 4815 941 4885 ἐξ

170 4882 286 4980 οὐρανῶν
304 4885 385 4967 δρῶσι
401 4886 515 4964 δωρεάς·
532 4889 741 4967 ἀντιπέμπονται
757 4896 781 4952 οἱ
795 4894 839 4953 τὸν
858 4894 940 4974 τάφον

171 4962 375 5100 σφρσργρίοντρφ,
383 4971 429 5119 τβοῦ
438 4968 696 5105 ούρανοῦὶθεριμάρων
707 4971 798 5109 Ξρμταθ
805 4979 943 5112 pepegeru-

169 5061 222 5178 {l
236 5062 392 5198 σῶμα
408 5067 942 5212 θζῖηιιῖῗεῖπῗιῗῶὴῗνοιίιῗῖἀρῗρέζὶἷ

207 5286 213 5306 ¹
234 5285 261 5329 ie.
278 5283 363 5337 ταύτην
380 5288 421 5339 τήν
432 5289 528 5356 ἡμέραν,
543 5295 584 5346 τὰς
599 5293 678 5352 ἑτέρας
691 5312 828 5361 repertun.

210 5370 217 5391 ²
231 5356 275 5418 [ἴα.
290 5367 351 5423 μετὰ
366 5359 426 5429 τήν]
487 5397 490 5402 -

991 5296 999 5325 3

997 4756 1072 4809 sum,
1098 4736 1187 4817 ipsum
1213 4738 1391 4798 resurrexisse
1416 4739 1622 4812 testificaretur,
1644 4750 1670 4796 et
1693 4737 1716 4797 si

996 4815 1134 4875 Christum
1155 4817 1333 4876 resurrexisse
1355 4839 1407 4877 non
1422 4817 1571 4896 crederent,
1587 4816 1658 4877 dona
1681 4815 1717 4876 de

997 4895 1062 4953 caelo
1086 4894 1209 4954 viderent
1224 4897 1266 4955 :si
1285 4897 1453 4957 mitterentur
1475 4897 1523 4977 qui
1541 4897 1715 4981 sepulchrum

995 4973 1177 5053 obsignarent,
1189 4975 1335 5035 celestium
1350 4978 1541 5037 miraculorum
1555 4989 1715 5059 spectatores

995 5068 1092 5112 essent.
1109 5055 1197 5114 Sonus
1211 5055 1302 5134 itaque
1316 5057 1427 5116 tonitrui
1443 5056 1541 5135 adluit,
1554 5072 1579 5118 ct
1595 5056 1665 5139 ignis
1680 5055 1717 5115 de

995 5132 1059 5192 celo
1073 5148 1099 5193 et
1111 5133 1198 5196 virtius
1210 5134 1303 5195 divina
1317 5137 1434 5217 Spiritus
1449 5136 1608 5200 adventum
1619 5136 1715 5201 testifi-

1019 5301 1038 5344 ἴα
1062 5307 1100 5353 τῆς
1114 5300 1253 5362 πεμπτάῖος.

1137 1412 1191 1458 ant.
1206 1401 1280 1457 Cum
1290 1400 1505 1478 complerentur
1517 1399 1579 1456 dies
1600 1397 1709 1456 Pente·
1721 1402 1772 1448 Act.
1786 1415 1809 1447 ²·
1822 1414 1843 1447 ¹·

1154 3803 1199 3839 iim
1221 3781 1337 3873 spatium
1363 3782 1519 3863 occupabat.
1531 3785 1564 3841 ln
1587 3781 1630 3840 lus
1652 3801 1715 3839 um·
1814 3802 1815 3806 ¹
