3764 5992
151 417 218 485 300
464 433 494 480 S.
521 429 661 478 tonnuts
686 424 868 474 cuutsos‘r.
897 422 1055 474 tuentur.
1084 425 1357 475 consnnnmnou.

148 575 269 637 ctorum,
284 564 335 641 qni
352 571 419 618 sunt
445 561 477 616 in
489 555 667 616 Jerusalem.
695 550 730 610 Et
753 549 861 624 iterum,
919 549 1019 627 σαλήμ.
1033 550 1088 610 Καί
1110 550 1236 623 πολιηδ
1262 550 1308 611 καί
1332 549 1481 632 ἐμπροούεν
1499 551 1575 632 ἔφθην

23 658 77 703 atr
99 667 136 704 to·
146 652 220 731 qnod
234 664 295 711 onte
305 649 439 720 dicebam,
453 648 502 720 ait,
519 649 644 705 Tantum
658 657 692 704 ιιι
700 661 863 723 pauperum
918 640 1006 700 Μόνον
1017 644 1070 701 τῶν
1080 646 1195 724 πτωχῶν
1212 642 1256 702 ἵνα
1272 641 1490 722 μνημονεύωμεν,
1503 643 1517 703 δ
1533 643 1575 702 καί

146 764 287 803 memores
296 763 432 814 essemus,
447 741 526 821 qnod
547 741 637 797 etiam
650 735 794 795 sollicitus
807 734 863 813 sni
919 732 987 791 δασα
1001 732 1064 792 αὐτὸ
1072 739 1150 794 τοῦτο
1159 739 1281 806 ποιῆσαι.
1294 732 1408 806 Ἐπειδὴ
1421 733 1449 794 δέ
1460 733 1577 813 tantm

146 839 201 896 boc
215 841 308 916 ipsum
316 836 427 915 sarcre.
440 835 585 911 Postquam
599 849 663 888 vero
678 826 798 903 sieinter
813 846 862 884 nos
919 821 967 901 μέν
984 825 1043 893 τοὺς
1066 824 1217 899 Ἕλληνας,
1242 823 1303 886 ύδέ
1323 825 1428 907 Πέτρος
1449 824 1510 894 τοὺς
1533 824 1577 887 Ἰοι

145 925 339 998 divisimus,ut
351 925 420 984 mihi
431 926 543 997 Gentes,
558 923 637 980 Petro
650 917 742 980 Judrei
759 916 863 977 contin-
917 916 991 993 κοινῇ
1008 915 1101 997 γνώμῃ
1116 914 1292 992 συνεθίρεδα,
1309 916 1408 998 φησίν,
1423 915 1494 976 ὥστε
1509 918 1577 977 ἐντο

146 1032 249 1096 gerent,
265 1015 401 1096 communi
415 1014 544 1074 sententia
557 1011 756 1087 constituimus,
764 1008 861 1088 inquit,
916 1014 973 1085 χοῖς
997 1006 1034 1085 μὴ
1056 998 1186 1089 εἶναιτὴν
1207 1007 1335 1089 διαίρεσιν
1348 1007 1460 1079 ταύτην.
1485 1006 1577 1086 Ὄτερ

12 1142 39 1169 ιο
51 1143 75 1170 ιιι
96 1143 136 1171 ω-
148 1121 177 1168 ut
191 1109 290 1171 divisio
296 1107 392 1168 baeoad
399 1126 530 1188 pauperes
541 1125 595 1164 non
605 1103 780 1185 pertingeret.
791 1101 862 1160 Nam
918 1098 1068 1179 ἐκήρυττον,
1082 1104 1096 1159 ὁ
1110 1099 1159 1178 μὲν
1176 1109 1230 1167 τοῖς
1241 1099 1420 1174 Ἰουδαίοις,δ
1443 1099 1472 1161 δέ
1493 1110 1548 1168 τοῖς
1558 1099 1577 1160 'l

40 1225 44 1232 ’
146 1221 208 1260 eum
222 1198 468 1282 predicabant,ille
477 1195 591 1273 ludaeis,
597 1195 643 1253 hio
653 1192 788 1274 Gentibus
794 1212 863 1273 prae·
917 1189 1074 1271 ἐκήρυττον·
1088 1190 1132 1251 διε
1142 1192 1170 1252 δέ
1181 1191 1302 1264 πενήτων
1313 1189 1489 1273 προίσταντο,
1498 1192 1577 1252 ούκάτ

5 1326 16 1353 a
31 1342 37 1356 .
61 1267 84 1294 η
95 1268 134 1296 ω’
144 1290 251 1351 dicabat
266 1314 273 1348 τ
289 1313 351 1350 cum
365 1310 429 1348 vero
440 1286 605 1369 pauperibus
612 1283 860 1366 patrocinabantur,
917 1283 989 1360 ὁμὲν
1004 1287 1056 1342 τῶν
1070 1282 1191 1355 πενήτων
1209 1286 1262 1343 τῶν
1274 1283 1419 1359 Ἰουδαίων,
1429 1288 1445 1343 δ
1456 1284 1485 1345 δέ
1497 1289 1551 1344 τῶν
1569 1307 1577 1342 ι

94 1391 95 1395 ’
145 1383 197 1443 non
210 1383 248 1442 ita
261 1403 303 1442 ies
322 1381 467 1442 constituta
489 1393 556 1452 erat,
584 1391 615 1437 ut
635 1377 682 1436 ille
695 1375 861 1458 pauperibus
917 1378 969 1433 τῶν
983 1373 1119 1447 Ἑλλήνων
1134 1375 1229 1454 μόνον·
1242 1374 1313 1436 etit
1327 1376 1375 1435 καί
1395 1380 1451 1436 τῶν
1463 1375 1538 1456 παρδι
1556 1375 1577 1435 ’l

0 3057 61 3093 nan.
75 3059 116 3109 ·t9.

1 3117 30 3157 ,8.

144 1474 312 1550 Judaeornm,
331 1473 379 1532 nic
399 1493 464 1532 vero
478 1470 643 1552 pauperibus
660 1467 791 1529 Gentium
804 1481 863 1526 tan-
916 1468 1106 1548 πτωγευύντων
1120 1469 1230 1537 ἕκαστος
1242 1468 1344 1542 πολλὴν
1362 1472 1480 1530 ε’ποιεῐτο
1497 1469 1577 1549 πράνο

144 1582 203 1627 tum
218 1589 312 1626 curant
325 1564 492 1647 impenderet
504 1589 511 1623 ε
524 1561 572 1623 sed
584 1576 697 1640 uterque
713 1581 776 1641 erga
788 1581 860 1641 pau-
917 1558 962 1618 καὶ
973 1559 1062 1639 ἔλεγε,
1073 1559 1161 1622 Μόνον
1173 1565 1226 1621 τῶν
1246 1565 1362 1642 πτωχῶν
1383 1560 1428 1621 bn
1449 1573 1577 1639 μνηρονεῖ

143 1680 220 1741 peres
230 1659 387 1722 Judaeorum
394 1673 521 1737 magnam
531 1656 641 1736 gerebat
649 1652 862 1725 curamQuam-
879 1658 899 1708 E
917 1649 963 1709 καί
979 1651 1130 1712 ἐσπούδασα
1144 1649 1209 1712 αὖτδ
1227 1656 1305 1713 τοῦτο
1324 1656 1445 1723 ποιῆσαι.
1467 1643 1577 1718 Τίνεςά

143 1752 237 1812 obrem
258 1751 387 1811 dicebat:
407 1752 536 1810 Tantum
561 1759 592 1806 ut
618 1764 779 1826 pauperum
803 1764 862 1802 mc·
917 1733 1002 1814 obtat,
1015 1742 1077 1823 περί
1090 1733 1127 1803 ῶν
1149 1746 1260 1803 ἐνταῦθα
1281 1743 1450 1822 διαλέγεται,
1465 1742 1511 1802 καί
1533 1747 1577 1804 ἐν

144 1863 238 1902 mores
252 1862 390 1913 essemus,
397 1841 477 1923 qnod
489 1842 580 1898 etiam
592 1837 738 1898 sollicitus
739 1835 794 1917 fni
807 1836 862 1894 ίιοε
917 1831 1067 1912 Ῥωμαίοις
1080 1837 1225 1915 ἐπιστολῇ,
1236 1834 1283 1895 καί
1297 1839 1325 1896 ἐν
1338 1841 1373 1917 τῇ
1384 1835 1453 1916 τρδς
1471 1836 1577 1896 Γαλάτο

143 1938 239 2015 ipsum
237 1936 354 2018 jacere.
367 1934 487 2006 Quinam
501 1953 565 2013 ergo
579 1945 642 1992 sunt
654 1927 749 2005 illi,de
761 1927 862 2006 quibus
916 1914 954 1984 ῶν
975 1925 1021 1985 καὶ
1042 1927 1198 1994 Μακεδόνας
1218 1928 1412 2010 παρεκαλεσενς
1429 1931 1468 1989 Οἱ
1489 1930 1544 1987 τῶν
1557 1927 1577 1986 Ἰ

141 2026 188 2086 bic
215 2026 347 2105 loquitur,
362 2046 464 2086 necnon
487 2028 515 2086 in
534 2022 647 2105 epistola
667 2021 703 2080 ad
716 2021 861 2094 Romanos,
915 2017 1040 2092 πένητες,
1052 2022 1077 2078 ol
1088 2021 1116 2077 ἐν
1127 2017 1321 2098 Ἱεροσολύμοις
1331 2020 1487 2099 καθήμενοι,
1498 2017 1577 2080 Καὶν

142 2132 168 2177 et
181 2118 210 2177 in
220 2119 333 2199 epistula
348 2117 384 2177 ad
398 2116 519 2188 Galatas,
535 2136 583 2196 pro
597 2112 696 2192 quibus
708 2110 861 2172 etinmllla·
917 2106 1004 2168 ίνεκεν
1020 2109 1151 2182 τοσαύτην
1172 2114 1257 2171 αὐτῶν
1279 2121 1396 2177 ποιεῖται
1415 2112 1559 2192 πρύνοιαν;

141 2208 256 2270 redonas
280 2207 435 2269 bortatur?
468 2205 627 2270 iudeorum
648 2223 788 2286 pauperes,
813 2199 862 2280 qui
917 2201 975 2282 οὐχὶ
997 2202 1044 2262 καί
1063 2207 1123 2264 καθ’
1146 2205 1261 2279 ἑκάστην
1275 2205 1353 2266 πάλιν
1367 2197 1436 2278 ἦσαν
1454 2205 1577 2287 τιτωχοίι

141 2299 319 2383 ierosolymis
337 2298 483 2380 degebant.
504 2296 542 2357 Et
570 2318 620 2357 cur
642 2308 743 2355 tantam
766 2312 861 2353 eorum
916 2315 1004 2367 νητες,
1023 2293 1051 2353 τί
1073 2295 1171 2367 δήποτε
1203 2289 1247 2356 odo
1273 2297 1339 2378 πρδς
1360 2297 1476 2367 ἐκείνους
1501 2297 1577 2375 nipe

142 2412 235 2468 utram
253 2391 357 2468 babo?
388 2410 477 2449 annon
503 2388 532 2448 in
561 2386 677 2468 singulis
703 2384 861 2448 civitatibus
916 2383 1016 2452 πάντας
1031 2385 1097 2469 ὑπὲρ
1106 2390 1191 2449 αὐτῶν
1205 2392 1370 2469 παρακαλεῖ,
1386 2390 1571 2470 Ούχάπλῶς,

143 2505 272 2565 pauperes
284 2497 311 2544 et
326 2482 444 2543 mendici
462 2481 560 2541 erant?
578 2501 626 2539 cur
645 2478 681 2539 ad
693 2477 756 2538 illos
766 2475 859 2552 mittit,
870 2519 906 2560 ,,,
917 2475 1017 2558 ἔτυχεν,
1044 2479 1103 2540 οὐδὲ
1128 2481 1340 2564 προσωποληψίαγ
1367 2482 1507 2564 χρώμενός
1528 2505 1577 2541 τινι

141 2589 168 2634 ct
182 2596 231 2657 pro
241 2575 281 2636 eis
292 2595 385 2636 omnes
395 2573 491 2654 rogat?
501 2573 561 2635 Non
574 2571 632 2632 sine
642 2589 723 2630 causa
730 2588 860 2642 saneneo
878 2575 898 2622 Α
915 2571 1055 2650 χρησίμως
1068 2573 1114 2632 καὶ
1125 2574 1319 2656 συμφερόντως.
1334 2575 1439 2656 Μικρὸν
1458 2574 1487 2635 δέ
1505 2579 1577 2635 om

142 2681 252 2743 temere,
280 2688 367 2746 neque
392 2687 427 2726 ex
438 2685 615 2747 personarum
627 2661 797 2744 acceptione,
810 2659 859 2720 sed
914 2660 991 2741 λόγον
1005 2667 1112 2745 ἀγαγεῖν
1134 2669 1287 2744 ἀναγκαῖον.
1300 2666 1414 2739 Ἐπειδὴ
1437 2667 1471 2727 τά
1488 2671 1544 2727 τῶν
1557 2665 1577 2726 Ἰ

143 2757 245 2818 utiliter
258 2772 284 2819 et
314 2748 463 2818 commode.
481 2759 549 2817 Rem
567 2769 659 2815 antem
682 2751 860 2834 pauloaltius
915 2754 1046 2832 μετέπεσε
1058 2757 1334 2840 πράγματα,καὶτδν
1351 2759 1456 2832 Ἰησοῦν
1471 2756 1577 2840 στισιρά

143 2863 261 2930 repetere
283 2870 389 2910 necesse
407 2862 456 2910 est.
475 2847 611 2921 Quoniam
633 2845 790 2908 Judaeornm
816 2866 859 2904 res
915 2845 963 2921 τὴν
978 2849 1066 2930 φωνὴν
1075 2850 1177 2924 ἐκείνην
1193 2855 1252 2911 καθ’
1266 2855 1368 2912 ἐαυτῶν
1385 2851 1577 2932 ἐκύρωσαν,)ί

143 2942 325 3018 conciderant,
338 2956 364 3003 et
374 2963 436 3002 eum
445 2944 539 3003 lesum
551 2938 749 3018 crucifigerent,
764 2957 863 3001 nocem¹
915 2942 973 3000 Οὖκ
982 2941 1079 3022 ἔχομεν
1092 2941 1217 3021 βασιλέα,
1232 2946 1255 3003 εί
1270 2943 1307 3023 μὴ
1319 2943 1462 3028 Καίσαρα,
1477 2944 1526 3003 καὶ
1535 2946 1577 3004 λοι

143 3034 231 3114 illum,
247 3037 316 3096 Non
335 3037 476 3095 babemus
499 3053 595 3114 regern
615 3034 672 3092 nisi
698 3031 855 3101 Οαεαισηι,
913 3031 961 3106 τὴν
977 3032 1119 3112 Ῥωμαίων
1131 3036 1257 3109 ἐτέθησαν
1272 3034 1369 3119 ἀρχὴν,
1383 3037 1443 3096 οὔτε
1457 3036 1577 3116 αύτύναρ

142 3140 235 3188 contra
249 3149 278 3188 se
292 3127 515 3202 ratamlecerant,
536 3146 567 3185 ac
590 3123 701 3184 demum
723 3124 857 3183 Romano-
914 3125 1034 3205 καθάπερ
1045 3125 1092 3186 καί
1102 3126 1240 3208 πρότερον,
1255 3127 1315 3188 οὔτε
1324 3126 1437 3189 καθόλου
1452 3129 1577 3203 &obiens

142 3239 203 3278 rum
227 3218 341 3300 imperio
355 3216 458 3278 subditi
474 3231 559 3293 erant,
573 3237 661 3295 neque
681 3215 813 3296 suijuris,
828 3227 858 3274 ut
915 3217 960 3276 καί
974 3222 1034 3278 νῦν·
1051 3219 1111 3278 ἀλλ’
1132 3223 1159 3279 ἐν
1180 3219 1253 3288 τάξει
1276 3221 1427 3303 συμμάχων
1452 3221 1528 3289 ὄντες
1548 3222 1577 3281 δν

142 3324 229 3386 antea,
244 3324 331 3380 erant3
357 3331 443 3390 neque
468 3331 578 3392 prorsus
588 3307 669 3384 servi,
682 3309 857 3390 ntjamsunt,
915 3312 1008 3394 φόρους
1035 3312 1082 3392 μὲν
1104 3316 1239 3382 τελοῦντες
1258 3323 1313 3382 τοῖς
1333 3317 1487 3394 βασιλεῦσιν
1512 3319 1577 3375 two

141 3402 228 3462 sedin
249 3403 464 3464 commilitonum
487 3401 582 3464 ordine
593 3399 742 3476 constituti,
755 3399 859 3460 tributa
913 3402 973 3473 τοὺς
985 3408 1049 3486 παρ’
1067 3405 1173 3466 ἐκείνων
1193 3406 1323 3489 άρχοντας
1335 3404 1491 3488 δεχόμενοι·
1507 3408 1577 3467 πολλ

140 3496 353 3576 imperatoribus
366 3495 528 3579 pendebant,
538 3509 564 3556 et
577 3507 704 3578 pretores
714 3492 801 3552 abeis
815 3514 859 3552 ao·
913 3506 967 3566 τοῖς
987 3497 1060 3563 ἰδίοις
1074 3497 1233 3582 κεχρημένοι
1254 3498 1361 3578 νόμοις,
1381 3499 1428 3558 καὶ
1446 3497 1510 3565 τοὺς
1522 3520 1577 3581 παρ

141 3588 276 3668 cipiebant
287 3590 462 3671 :plerumque
470 3589 553 3651 etiam
561 3589 618 3649 suis
631 3588 777 3648 utebantur
790 3586 858 3668 legi·
914 3589 1114 3672 ἁμαρτάνοντας
1135 3592 1204 3650 κατδι
1222 3590 1257 3652 ri
1279 3591 1380 3671 πάτρια
1399 3591 1557 3660 κολάζοντες
1573 3614 1577 3630 ’

118 3674 120 3679 ’
140 3678 203 3751 bus,
219 3682 353 3761 eteosqui
365 3683 440 3764 apud
455 3682 692 3761 sedelinquerent,
707 3680 858 3742 secuudum
876 3687 894 3734 Β
914 3682 967 3744 Καὶ
981 3681 1021 3742 tn
1034 3681 1082 3762 μὲν
1097 3683 1191 3764 ρύρους
1209 3682 1313 3744 ἐτέλουν
1326 3682 1489 3762 Ῥωμαίοις,
1506 3685 1577 3756 δῆλον

144 3772 233 3850 patria
249 3773 348 3854 placitu
361 3775 523 3856 plectebant.
544 3773 626 3848 Quod
650 3787 742 3835 autem
754 3774 857 3835 tributa
913 3773 1080 3855 πειράζοντες
1092 3774 1136 3835 τδν
1150 3775 1266 3852 Ἰησοῦν,
1281 3775 1371 3856 φησὶν,
1384 3773 1508 3855 ἠρώτουν,
1523 3775 1577 3834 nrt

142 3862 270 3922 Romanis
284 3865 431 3946 penderent
444 3867 534 3947 palam
545 3866 609 3925 binc
622 3879 670 3941 est,
681 3863 754 3944 quod
763 3867 857 3928 letum
914 3865 999 3935 ἔξεστι
1013 3868 1101 3928 δοῦναι
1119 3871 1215 3941 κῆνσον
1235 3866 1367 3947 Καίσαρι,
1379 3864 1397 3938 ἢ
1411 3865 1455 3940 ού,
1480 3866 1526 3926 dre
1541 3867 1577 3926 κα

7 3972 79 4016 taret.
92 3985 130 4018 ιι.
141 3966 271 4014 tentantes
285 3955 486 4035 interrogarent,
500 3960 652 4037 Magister,
667 3957 772 4018 licetne
785 3958 858 4017 dure
914 3958 997 4029 δεῖξαι
1010 3959 1136 4029 κελεύσας
1147 3961 1236 4029 αὐτοῖς
1247 3959 1366 4039 νόμισμα
1376 4003 1384 4031 ,
1393 3949 1484 4033 εἶπεν,
1499 3958 1577 4019 nott

1 4051 29 4094 7.

140 4067 260 4107 ceruum
281 4050 412 4126 Coescri,
427 4056 548 4109 annon?
560 4048 669 4127 quando
694 4049 751 4130 ipse
773 4051 858 4132 jussis
913 4074 977 4131 γων,
989 4050 1023 4111 τδι
1035 4050 1168 4135 Καίσαρος
1179 4052 1309 4134 Καίσαρι,
1320 4051 1366 4111 καί
1376 4051 1411 4109 τδι
1426 4058 1474 4112 τοῦ
1487 4052 1577 4112 Θιοῦτ

6 4150 53 4194 ιιι.
63 4163 131 4198 mr.
142 4139 280 4199 ostendere
298 4141 433 4200 numisma
450 4140 541 4200 dixit:
563 4142 686 4201 Reddite
707 4162 772 4222 qnoe
788 4156 858 4202 sunt
912 4144 949 4206 ‘0
960 4148 1063 4214 Λουκᾶς
1077 4143 1166 4204 δέκαί
1179 4144 1220 4206 tu
1234 4143 1451 4223 στρατηγοδςκαί
1465 4143 1577 4224 χιλιάρχ

10 4250 131 4296 πανοπε.
144 4234 268 4294 Caesaris
284 4233 441 4310 Caesari,et
455 4253 519 4315 ροισι
530 4234 664 4293 snntDei
677 4234 761 4303 θεας
770 4233 858 4294 Luras
913 4236 943 4296 τδ
957 4237 1035 4318 ἱερὸν,
1045 4237 1125 4315 λέγει.
1135 4238 1176 4298 Τὸ
1189 4236 1235 4316 ρέν
1246 4226 1291 4296 σύν
1301 4239 1456 4296 ὑποκεῖσθαι
1471 4234 1533 4303 τοὺς
1547 4235 1577 4294 ’n

13 5065 72 5109 arrh.
86 5078 125 5126 27.

4 5123 10 5143 Ι

142 4347 206 4387 vero
218 4325 295 4402 dicit,
312 4339 338 4385 et
353 4325 453 4385 milites
467 4339 494 4386 et
511 4325 636 4386 tribunos
652 4324 858 4386 babuissetem·
914 4329 1075 4410 Ῥωμαίοις,
1096 4331 1126 4388 οὐ
1146 4326 1230 4409 μικρδ
1255 4333 1340 4388 ταῦτα
1364 4327 1571 4408 nomon

140 4417 226 4500 plum.
244 4418 312 4490 Qnae
342 4429 499 4497 argumenta
514 4438 566 4476 non
594 4415 666 4474 levin
688 4429 751 4475 sunt
776 4415 858 4477 fuine
913 4423 1020 4490 electore
1029 4421 1172 4504 ἐκίγρηντο
1185 4419 1291 4497 νόμοις,
1305 4422 1384 4492 δῆλον
1401 4424 1509 4481 ἐκεῖθεν.
1520 4419 1575 4479 'lbi

139 4508 249 4571 Jndaeos
262 4509 392 4569 Romanis
404 4504 628 4586 subditos:quod
638 4521 729 4566 autem
740 4507 857 4590 propriis
913 4540 957 4577 νον
978 4516 1111 4590 ellonem,
1135 4517 1182 4574 οὐκ
1207 4516 1243 4582 εἰς
1265 4513 1433 4593 δικαστήριον
1457 4512 1577 4591 ἀγαγόντι

140 4614 278 4660 uterentur
286 4598 392 4680 legibus
408 4599 472 4658 bino
482 4598 572 4680 palam
586 4611 639 4670 est,
655 4598 731 4678 quod
743 4600 855 4681 Stepba-
915 4607 1041 4668 ’ἰάχωὸαν
1062 4598 1219 4667 ἄπ’ίκτειναν
1246 4604 1291 4665 τδν
1315 4605 1488 4686 άδελρδντοῦ
1511 4601 1577 4684 llopl

138 4690 857 4775 numlapidarintnecadtribunalductum,Jaoobnm
908 4699 1024 4779 Χριστὸν
1050 4697 1128 4758 αύτδν
1162 4694 1341 4776 ἐσταύρωσαν,
1372 4695 1462 4755 καίτοι
1486 4701 1533 4756 τῶ
1559 4695 1577 4754 δι

137 4789 250 4848 fratrem
274 4784 383 4846 Domini
399 4784 589 4861 interfecerint,
610 4784 750 4845 Christum
766 4787 856 4871 ipsum
908 4786 1310 4871 συγγωρήααντοςκαὶίφίντος
1323 4786 1502 4858 πάσηςαύτδν
1515 4809 1577 4846 κατι

137 4879 335 4952 crucifixerint,
352 4877 455 4938 etiamsi
463 4878 552 4959 judex
559 4875 724 4955 concederet,
734 4891 765 4938 ut
781 4881 855 4940 omni
864 4883 893 4935 ,(1
908 4880 962 4941 Ate
971 4880 1023 4964 γάρ
1035 4888 1112 4942 τοῦτο
1122 4878 1170 4940 καί
1178 4877 1226 4947 τδς
1239 4885 1332 4959 χεῖρας
1343 4876 1470 4958 ἐνίψατο,
1479 4876 1577 4957 λίγενν

138 4969 249 5029 crimine
269 4970 338 5030 liber
362 4969 457 5029 abiret.
473 4972 644 5050 Quapropter
670 4988 766 5031 manus
786 4970 854 5032 lavit
907 4973 1036 5053 elperini
1057 4977 1104 5031 τοῦ
1124 4969 1238 5051 αἵματος
1263 4968 1367 5030 τούτου.
1390 4968 1446 5029 Καὶ
1465 4967 1564 5047 ,ἐπειδὴ

136 5060 229 5120 dicem
244 5084 251 5118 ε
269 5065 415 5122 Innocens
434 5081 499 5122 sum
522 5083 543 5120 α
569 5063 715 5141 sanguine
731 5064 798 5123 noc.
816 5063 853 5125 Et
904 5064 1086 5144 ἐπικειμένους
1107 5053 1186 5137 ε’ίδεν,
1210 5061 1290 5131 αύτδς
1320 5060 1368 5140 γεέν
1391 5059 1440 5134 τὴν
1461 5064 1577 5142 inipso«

18 5158 23 5168 '
136 5151 200 5231 qnia
213 5150 361 5211 admodum
380 5152 508 5213 instantes
531 5150 649 5228 videbat,
670 5150 729 5233 ipse
740 5152 853 5233 quidem
904 5157 1024 5239 ήνεγκεν,
1039 5157 1096 5217 ἀλλ’
1116 5154 1237 5228 άπίστηι
1251 5157 1347 5214 ἐκεῖνοι
1368 5151 1396 5212 δέ
1417 5151 1577 5234 οίκιίαχρη

133 5243 268 5303 calculum
282 5262 334 5302 non
349 5242 420 5321 tulit,
429 5242 477 5304 sed
489 5243 616 5305 abscessit
631 5242 690 5304 :illi
713 5263 777 5309 tero
786 5267 849 5327 pro·
902 5248 1037 5329 τυραννίδι
1049 5247 1080 5309 rb
1093 5256 1146 5308 πᾶν
1160 5245 1228 5326 peri
1237 5250 1321 5306 ταῦτα
1330 5243 1506 5324 εἰργάσαντο·
1520 5243 1569 5305 καί
