3764 5992
113 433 182 522 124
437 452 466 500 s.
494 449 634 500 somnis
660 448 841 518 cunrsosr.
871 446 1029 497 rucumr.
1056 446 1326 497 consummor.

9 611 31 638 κ.
45 607 83 641 ιι.
109 591 211 639 tantam
226 580 377 638 cantionem
390 576 530 655 adhibuit,
542 592 572 636 ut
585 576 687 635 diceret
700 575 746 636 :Si
756 579 826 635 scri-
879 572 929 634 όσα
942 573 1065 644 ἐποίησεν
1078 577 1092 632 ὁ
1107 571 1236 654 Χριστός,
1250 575 1303 634 οὐδ’
1319 573 1350 632 ἂν
1372 574 1450 633 αὐτὸν
1471 564 1548 651 οἶμαι
1565 579 1658 654 χωρή-

112 673 220 730 bantur
228 693 282 752 per
300 671 419 750 singula
439 674 548 744 omnia,
570 671 719 748 quemfecit
736 668 825 726 Chri·
879 686 924 723 σαι
945 664 990 724 ιδν
1015 663 1114 742 κόσμον
1140 664 1174 723 τδι
1197 665 1351 746 γραφόμενα
1375 664 1482 745 βιόλία·
1501 669 1561 730 πῶς
1581 655 1656 731 οὗτος

110 777 185 838 stus,
207 785 259 822 nec
284 767 379 843 ipsum
408 766 537 821 arbitror
559 763 701 820 maroilum
723 779 828 840 capere
878 756 1025 836 ἐτόλμησεν
1040 760 1132 828 εἰπεῖν,
1153 758 1193 816 ότι
1208 758 1261 816 Τόν
1284 757 1332 835 μὲν
1344 761 1449 837 πρῶτον
1463 756 1542 835 λόγον
1559 759 1653 827 ἐποιη-

107 875 191 934 posse
213 857 283 929 eos,
295 858 346 936 qui
367 855 515 914 scribendi
532 866 612 923 sunt,
631 853 722 911 libros
738 871 826 929 :quo
879 848 968 927 σάμην
981 849 1042 930 περὶ
1064 849 1181 924 πάντων,
1203 837 1226 907 ὦ
1240 849 1368 930 Θεόφιλε,
1380 840 1417 907 ὧν
1433 847 1558 920 ἐποίησεν
1573 852 1587 907 θ
1602 847 1655 920 Ἰη-

109 947 191 1007 modo
205 947 296 1007 dicere
313 948 366 1007 boc
376 968 457 1006 ausus
472 960 511 1005 est
523 970 530 1003 :
542 949 677 1005 Primum
693 947 822 1027 quidem,
832 981 869 1021 ,ω
878 950 952 1013 σοῦς;
968 933 1020 1024 ipe
1035 941 1129 1023 μικρὸν
1142 945 1207 1020 ἡμῖν
1221 942 1252 1001 τὸ
1271 940 1379 1019 ζήτημα
1392 949 1470 1001 τοῦτο
1483 931 1552 999 εἶναι
1568 941 1654 1012 δοκεῖ,

108 1060 270 1100 sermonem
268 1041 337 1120 jeci
343 1040 380 1099 de
390 1041 535 1120 omnibus,
549 1058 566 1096 ο
578 1040 603 1097 T
602 1038 747 1119 beopbile,
760 1059 826 1118 μυστ
841 1038 861 1084 Α
877 1035 964 1093 Κάκεῖ
993 1033 1051 1112 μέν,
1073 1032 1207 1114 Κράτιστε
1232 1031 1368 1114 Θεόφιλε,
1392 1037 1451 1110 μετ’
1473 1031 1609 1110 ἐγκωμίυυ
1624 1033 1654 1092 τὸ

105 1131 180 1205 secie
193 1132 302 1189 lesus?
325 1149 359 1187 an
383 1149 448 1188 vcro
463 1126 700 1208 parvanobisbaec
712 1127 825 1205 quaestio
877 1120 974 1199 ὄνομα·
995 1123 1055 1182 οὐδὲ
1069 1122 1131 1204 Ιγδρ
1146 1123 1236 1190 ἁπλῶς
1250 1128 1327 1182 τοῦτο
1346 1130 1401 1188 τοῖς
1425 1120 1511 1200 ἁγίοις
1534 1121 1649 1202 είρηται.

9 1228 81 1275 .ι.3.
109 1219 824 1299 ridetur?Atqueillicquidem,0pt1‘meTheophile,
877 1212 1015 1295 ίίαὶτοίγα
1039 1214 1086 1274 καί
1107 1219 1185 1274 τοῦτο
1198 1212 1251 1273 tsi
1267 1213 1362 1295 μέρους
1376 1212 1524 1290 ἐδείξαμεν,
1538 1214 1652 1273 dccciii

108 1333 283 1374 nomencum
296 1311 378 1370 iaudc
391 1311 507 1392 positum
519 1325 576 1370 est:
592 1330 678 1389 ιιοιγιιο
691 1310 824 1370 euimboc
876 1307 942 1366 ἰῶτα
957 1306 994 1381 ἓν,
1015 1306 1073 1367 onst
1088 1305 1151 1384 μίαν
1166 1304 1275 1387 κεραίαν
1286 1307 1378 1374 ἁπλῶς
1388 1308 1460 1365 ἐστιν
1473 1306 1540 1364 ἰδεῖν
1553 1309 1581 1365 ἐν
1594 1313 1653 1372 ταῖς

108 1406 166 1467 sine
176 1426 255 1466 causa
269 1403 375 1465 dictum
387 1402 545 1464 estsanctis.
568 1401 604 1462 Et
620 1403 688 1462 sorte
697 1400 768 1461 illud
788 1424 823 1462 ex
875 1398 994 1479 Γραφαῖς
1004 1397 1136 1476 κειμένην.
1150 1398 1184 1457 nt
1194 1395 1281 1456 τοίνυν
1297 1401 1324 1457 ἐν
1337 1401 1376 1478 τῷ
1386 1395 1524 1478 προοιμίῳ
1534 1405 1652 1458 τοσαῦτα

107 1511 184 1580 parte
194 1494 445 1569 demonstravimus,
460 1517 547 1575 neque
561 1515 647 1553 unum
661 1494 726 1566 iota,
740 1514 824 1573 ncquc
872 1489 1028 1568 ζητήματα,
1052 1488 1135 1550 πόσον
1159 1488 1307 1568 ἐμέλλομεν
1322 1488 1474 1549 ἀναλίσκειν
1497 1489 1595 1569 χρόνον
1617 1489 1651 1548 τδι

108 1588 212 1669 apicem
225 1608 309 1646 unum
321 1600 420 1646 temere
428 1587 546 1668 positum
556 1585 650 1646 esseio
661 1585 820 1666 scripturis.
873 1580 933 1654 ἑξῆς
947 1579 1052 1642 ἅπαντα
1066 1580 1196 1656 ἐπιόντες;
1210 1581 1263 1641 dri
1276 1587 1361 1640 ταῦτα
1381 1580 1557 1660 ἠναγκάσθην
1577 1581 1610 1640 τδ
1624 1585 1649 1641 ἐν

108 1678 208 1759 Sicrgo
218 1692 258 1764 tot
270 1699 302 1737 rc
310 1673 391 1738 tante
403 1690 465 1737 sunt
474 1678 638 1759 inprooemio
649 1678 821 1757 questiones,
874 1673 948 1753 μέσῳ
967 1672 1163 1755 παραδραμὼν,
1186 1674 1254 1755 πρδς
1275 1674 1384 1734 Παῦλον
1404 1676 1498 1734 ελθεῖν.
1513 1673 1594 1740 Τίνος
1607 1665 1650 1736 σύν

106 1783 238 1849 prasium
252 1769 331 1828 nobis
359 1768 485 1850 temporis
499 1769 710 1851 impendendum
719 1770 822 1845 inisset,
873 1764 960 1826 ἕνεκεν
984 1766 1020 1826 τδ
1046 1766 1189 1844 ζητήματα
1206 1766 1338 1841 εἰπόντες,
1353 1765 1402 1838 τήν
1415 1765 1492 1826 λύσιν
1507 1768 1595 1825 αὐτῶν
1607 1768 1653 1825 αἶα

106 1863 129 1922 si
142 1862 232 1922 omnia
241 1884 303 1941 qun
316 1861 504 1941 sequebantur,
518 1862 698 1922 voluissemus
709 1884 822 1943 percur-
874 1858 1055 1938 ἐπηγάγομενς
1072 1857 1221 1928 Ἐθίζοντες
1241 1861 1310 1935 ύμᾶς
1330 1857 1367 1937 μὴ
1390 1858 1434 1917 διδι
1447 1857 1547 1924 παντὸς
1560 1881 1649 1936 μεμα-

106 1955 182 2014 scre?
193 1954 248 2013 Has
259 1954 295 2014 ob
308 1975 411 2028 causas,
418 1954 605 2036 praetermissis
614 1975 674 2034 quac
685 1954 822 2036 interjecta
874 1951 991 2030 αημένην
1017 1951 1144 2032 δέχεσθαι
1159 1951 1207 2023 τήν
1225 1949 1335 2031 τροφήν,
1360 1951 1430 2011 ἀλλὰ
1451 1952 1591 2030 πολλαχοῦ
1605 1953 1649 2011 καὶ

105 2060 191 2121 erant,
201 2059 308 2106 coactus
322 2066 383 2105 sum
394 2046 430 2105 ad
438 2046 553 2107 Paulum
564 2044 724 2106 veuireCus
738 2047 823 2126 igitur
874 2042 966 2111 αὐτούς
977 2043 1084 2124 ἐπάγειν
1094 2044 1143 2116 τὴν
1155 2042 1230 2104 λύσιν
1242 2051 1297 2111 τοῖς
1306 2043 1445 2121 νοήμασιν,
1455 2045 1522 2122 ὅπερ
1531 2049 1649 2103 ποιοῦσιν

105 2137 249 2218 propositis
265 2137 456 2217 questionibus
474 2157 567 2197 corum
590 2137 749 2197 solutionem
769 2159 823 2198 non
838 2148 857 2195 Β
874 2136 902 2193 αἱ
914 2132 1078 2214 περιστεραί.
1103 2133 1157 2193 Καὶ
1183 2130 1234 2212 γδιρ
1255 2136 1354 2192 ἐκεῖναι
1366 2131 1427 2198 τοὺς
1439 2131 1576 2206 νεοττοὺς,
1600 2133 1649 2198 έως

96 2228 273 2309 adjecimus?
296 2231 334 2289 Ut
347 2228 448 2289 scilicet
460 2242 509 2290 uos
522 2229 746 2289 assuefaceremus
768 2251 821 2290 non
874 2224 923 2302 μὲν
933 2226 964 2286 θν
976 2229 1048 2305 ἐντῇ
1062 2228 1144 2307 καλιᾷ
1160 2223 1285 2303 μένουσι,
1299 2228 1338 2304 τῷ
1351 2224 1440 2305 οἰκείῳ
1450 2224 1575 2305 τρέφουσι
1591 2227 1648 2284 στό

97 2340 211 2401 *semper
223 2341 347 2380 mansum
366 2321 489 2401 excipere
501 2319 603 2394 cibum,
615 2320 668 2381 sed
683 2342 754 2402 saepc
766 2342 822 2381 nu·
874 2340 955 2397 ματι·
980 2318 1087 2378 ἐπειδδιν
1111 2317 1139 2378 δὲ
1166 2316 1258 2385 αύτούς
1279 2319 1425 2390 δυνηθῶσιν
1450 2315 1589 2395 ἐξαγαγεῖν
1602 2321 1648 2388 τῆς

96 2431 179 2470 onero
193 2410 353 2471 solutionem
361 2411 497 2470 sententiis
511 2432 560 2493 per
581 2413 709 2493 vosipsos
726 2411 823 2495 adjun·
873 2420 994 2485 νοσσιᾶς,
1009 2409 1054 2470 καί
1066 2407 1157 2469 ίδωοιν
1174 2412 1261 2476 αὐτοῖς
1271 2407 1390 2486 παγέντα
1403 2408 1438 2469 τδι
1448 2409 1548 2489 πτερά,
1562 2409 1647 2470 ούκέτι

105 2503 353 2583 gere,quodfacere
362 2502 450 2562 ⁴solent
459 2503 601 2563 columbae.
618 2505 760 2585 Siquidem
771 2505 823 2565 illae
872 2507 949 2562 τοῦτο
962 2501 1053 2562 λοιπὸν
1068 2507 1197 2574 ποιοῦσιν,
1219 2496 1289 2560 titt
1304 2499 1411 2581 φέρουσι
1435 2499 1483 2579 μέν
1497 2500 1543 2559 τδν
1554 2501 1647 2560 κόκκον·

105 2595 196 2676 pullos
215 2593 352 2674 quamdiu
374 2593 484 2674 quidem
502 2593 530 2654 in
552 2594 617 2655 nido
640 2604 760 2676 manent,
777 2618 824 2658 ore
873 2594 918 2657 ἐπὶ
940 2602 986 2655 τοῦ
1012 2593 1211 2671 stipassent
1235 2592 1414 2652 δεικνύουσιν·
1439 2592 1547 2653 ἐπειδὰν
1572 2592 1601 2653 δὲ
1625 2597 1648 2652 ot

102 2688 214 2769 proprio
224 2688 348 2748 nutriunt
359 2711 366 2744 ι
377 2688 721 2771 postquamautemcjiccm
735 2690 823 2752 iliose
871 2688 971 2748 νεοττοὶ
982 2685 1212 2769 προσδοκήσαντες
1231 2683 1345 2757 πλησίον
1359 2683 1480 2757 ἔλθωσιν,
1494 2688 1523 2743 αῖ
1536 2684 1647 2764 μητέρες

105 2776 170 2837 nido
197 2792 318 2859 possunt,
339 2778 430 2856 eisque
449 2792 562 2837 cernunt
582 2783 640 2859 jam
657 2794 733 2840 natas
756 2782 822 2860 alas,
872 2782 979 2861 ἀφεῖσαι
996 2779 1045 2852 τὴν
1059 2777 1157 2860 τροφὴν
1168 2777 1214 2837 ἐπί
1224 2782 1270 2837 τοῦ
1290 2777 1418 2860 ἐδάφους,
1432 2779 1467 2836 δι’
1488 2781 1591 2837 ἑαυτῶν
1602 2801 1648 2838 κε-

105 2885 157 2925 non
170 2866 228 2944 jam
238 2865 357 2946 amplius
368 2865 397 2926 id
412 2879 550 2946 praestant,
566 2866 613 2926 scd
627 2888 741 2948 granum
756 2872 821 2951 qui-
872 2871 990 2931 λεύουσιν
1005 2869 1195 2950 ἀναλέγεσθαι·
1220 2868 1289 2929 οὕτω
1311 2870 1357 2929 καὶ
1378 2874 1457 2948 ἡμεῖς
1475 2869 1648 2950 ἐποιήσαμεν,

103 2953 166 3014 dctn
180 2976 225 3013 ore
241 2960 385 3035 gestarunt
411 2968 545 3015 ostentant
561 2980 567 3012 :
582 2955 631 3017 ubi
659 2978 724 3019 vero
752 2962 822 3041 pulli
871 2960 996 3028 λαθόντες
1009 2961 1057 3034 τὴν
1071 2959 1253 3040 πνευματικὴν
1267 2962 1365 3041 τροφὴν
1380 2962 1424 3021 ἐπὶ
1438 2969 1484 3021 τοῦ
1497 2961 1645 3040 στόματος,

104 3060 240 3128 sperantes
262 3047 374 3129 propius
388 3047 556 3124 accesserint,
573 3046 715 3109 dimissam
734 3051 763 3111 iu
774 3076 822 3134 pa·
872 3053 1034 3130 ἐκαλέσαμεν
1050 3056 1135 3131 ύμᾶς,
1156 3055 1193 3119 ὡς
1209 3052 1370 3125 δηλώσοντες
1389 3058 1451 3132 ύμῖν
1466 3053 1588 3125 συνήθως
1600 3054 1647 3126 τήν

104 3137 252 3199 vimentum
265 3159 354 3197 escam
364 3152 462 3198 matres
471 3140 630 3221 perseipsos
650 3142 748 3222 jubent
766 3145 823 3205 col-
870 3145 958 3204 λύσιν·
982 3143 1073 3216 ἐπειδὴ
1104 3143 1132 3204 δὲ
1164 3143 1328 3227 προσήλθετε
1354 3145 1399 3203 καί
1430 3146 1645 3224 προσεδοκήσατε

105 3228 204 3308 ligere:
218 3230 259 3289 sic
272 3243 299 3289 et
312 3251 361 3291 nos
380 3230 503 3308 fecimus,
519 3230 585 3291 dum
601 3246 711 3314 accepto
730 3235 759 3294 in
777 3259 822 3297 orc
837 3250 855 3298 c
873 3235 994 3305 δεἜασθαι
1004 3279 1012 3307 ,
1023 3236 1174 3317 ἀφήκαμεν,
1186 3235 1255 3297 ὥστε
1270 3241 1339 3315 ὑμᾶς
1349 3238 1382 3295 δι’
1396 3241 1470 3313 ὑμῶν
1483 3240 1571 3297 αύτῶν
1586 3241 1646 3298 θνα-

106 3321 239 3402 spirituali
254 3323 317 3383 cibo
329 3344 377 3383 vos
400 3323 577 3384 invitavimus
591 3338 728 3405 tamqnam
751 3328 823 3389 solu·
872 3327 994 3398 δέξασθαι
1010 3327 1045 3387 τά
1064 3329 1195 3406 νοήματα.
1211 3328 1264 3388 Διὰ
1277 3333 1354 3387 τοῦτο
1367 3327 1399 3386 τὸ
1408 3327 1549 3409 προοίμιον
1565 3330 1644 3411 ἀφέν-

105 3410 205 3472 tionem
214 3433 288 3472 more
298 3426 422 3486 consueto
433 3413 584 3494 exposituri
598 3437 604 3469 ε
617 3429 761 3495 postquam
773 3441 823 3478 au·
871 3444 932 3497 τες,
954 3419 1020 3500 πρδς
1041 3422 1150 3480 Παῦλον
1164 3418 1331 3498 ἐπειγόμεθα.
1346 3418 1476 3500 Ἔροῦμεν
1494 3420 1523 3480 δὲ
1537 3423 1588 3502 οὐχ
1599 3421 1644 3482 όσα

105 3516 160 3565 tem
174 3504 332 3581 advenistis,
347 3517 374 3564 et
387 3524 434 3564 vos
439 3519 599 3587 excepturos
611 3509 748 3588 sperastis,
774 3533 823 3572 ros
870 3511 920 3586 τήν
931 3511 1097 3585 Ἐκκλησίαν
1106 3511 1229 3592 ὠφέλησε
1240 3511 1329 3588 μόνον,
1340 3513 1400 3570 ἀλλ’
1412 3509 1463 3572 ὅσα
1472 3510 1520 3570 καί
1531 3511 1643 3593 ἐάλαψι·

104 3594 271 3673 dimisimus,
285 3609 316 3656 ut
326 3595 378 3678 ipsi
393 3617 442 3678 per
452 3617 501 3656 vos
516 3597 658 3657 sententias
675 3600 820 3683 colligatis.
871 3603 918 3664 καλ
930 3602 982 3684 γδιρ
993 3607 1136 3683 ἀναγκαῖος
1151 3608 1216 3680 ἡμῖν
1231 3593 1306 3671 οὗτος
1320 3607 1334 3662 θ
1347 3602 1432 3681 λόγος.
1447 3602 1582 3682 Ἐροῦμεν
1592 3607 1644 3672 πῶς

106 3686 248 3769 Propterea
263 3688 394 3769 prooemio
414 3687 542 3748 derelicto
562 3689 599 3748 ad
617 3691 823 3754 Pauinmscsti-
871 3693 1029 3775 ἔμαχήσατο
1051 3698 1089 3775 τῷ
1112 3694 1184 3775 λόγῳ
1207 3698 1253 3754 τοῦ
1278 3693 1463 3775 κηρύγματος,
1478 3698 1537 3762 πῶς
1557 3695 1644 3756 ἐπολέ-

105 3796 210 3836 namus.
225 3778 332 3838 Dicturi
343 3799 423 3858 porro
436 3801 530 3840 sumus
539 3801 591 3840 non
611 3803 642 3842 ea
655 3785 742 3846 solum
759 3808 823 3866 qm
872 3809 941 3868 μηοε
955 3789 994 3869 τῷ
1008 3788 1133 3869 Χριστῷ,
1145 3790 1202 3853 πῶς
1215 3785 1303 3855 ἐδίωξε
1318 3784 1378 3853 τοῦς
1389 3784 1572 3862 immotae,
1592 3790 1645 3854 πῶς

104 3865 158 3926 bus
170 3867 299 3926 Ecclesiae
311 3869 426 3948 profuit,
441 3869 763 3953 sedetiameaquibusei
773 3900 824 3938 no-
870 3879 905 3939 τδ
920 3883 972 3938 τῶν
994 3877 1130 3957 πολεμίων
1143 3877 1262 3959 ἐφρόνει,
1274 3881 1333 3944 πῶς
1342 3877 1450 3936 πάντων
1463 3877 1578 3938 πλείονα
1591 3903 1644 3939 πα-

103 3957 179 4017 cuit:
194 3979 257 4016 uam
267 3972 293 4017 et
306 3958 363 4017 baec
372 3979 424 4017 erc
433 3973 524 4020 nostra
537 3976 577 4021 est
590 3965 684 4026 oratio.
695 3969 822 4030 Dicemus
872 3981 944 4052 ρεῐχε
958 3973 992 4050 τῇ
1008 3968 1328 4051 Ἔκκλησίμπράγματα.
1342 3966 1422 4028 Ἀλλὰ
1437 3968 1531 4046 μηδεὶς
1548 3973 1644 4050 αἰσχυ·

104 4071 159 4128 quo
171 4064 249 4131 pacto
271 4050 385 4110 verbum
410 4051 613 4131 praedicationis
640 4075 820 4139 oppugnaret,
870 4062 954 4123 νέαθω
967 4061 1029 4144 περί
1043 4061 1152 4121 Παύλου
1164 4067 1248 4120 ταῦτα
1261 4061 1382 4120 ἀκούων·
1397 4063 1426 4121 οὔ
1441 4060 1494 4142 γάρ
1507 4063 1581 4122 ἐστιν
1597 4065 1644 4122 αύ-

103 4163 158 4222 quo
183 4155 262 4223 pacto
281 4141 390 4201 Christo
404 4141 508 4203 beilum
527 4143 645 4217 inferret,
666 4169 721 4226 quo
743 4165 822 4231 pacto
870 4158 916 4212 τοῦ
927 4152 1153 4236 κατηγορήματα,
1168 4154 1227 4212 ἀλλ’
1239 4151 1380 4233 ἐγκωμίων
1393 4152 1525 4221 ὑπόθεσις.
1542 4155 1586 4214 Οὐ
1596 4153 1646 4234 γὰρ

37 4279 39 4283 ⁴
102 4233 238 4315 apostolos
246 4248 462 4314 persequeretur,
473 4256 528 4312 quo
537 4251 616 4318 pacto
631 4237 724 4299 hostili
739 4242 765 4300 in
776 4263 820 4304 eos
835 4269 855 4315 η
870 4245 1016 4327 κατηγορία
1052 4248 1123 4326 αὐιῷ
1157 4245 1284 4326 πρότερον
1313 4245 1377 4305 όντα
1401 4247 1511 4325 φαῦλον,
1536 4244 1644 4326 ύατερον

101 4326 191 4388 animo
215 4339 294 4403 esset,
313 4347 367 4404 quo
384 4340 464 4408 pacto
484 4327 615 4388 ‘Ecclesiae
630 4329 693 4411 plus
704 4335 817 4414 negotii,
868 4336 1128 4420 pretiossimam,
1151 4337 1220 4398 ἀλλὰ
1235 4336 1265 4397 τδ
1276 4337 1403 4418 πρότερον
1415 4337 1477 4397 ὄντα
1491 4339 1646 4412 σπουδαῖον,

101 4439 183 4498 quarn
195 4417 283 4478 caetcri
300 4438 392 4477 omncs
401 4419 550 4479 facesseret.
564 4423 756 4484 Verumtamen
771 4447 817 4487 ne-
867 4428 977 4511 ὕστερον
991 4430 1206 4509 μεταόάλλεαθαι
1220 4431 1286 4510 πρδς
1301 4427 1449 4510 πονηρίαν·
1463 4429 1518 4490 est
1530 4429 1586 4512 γὰρ
1600 4435 1645 4490 τοῦ

100 4510 201 4570 miucm
211 4509 310 4592 pudeat
320 4509 379 4568 haec
392 4508 487 4568 audire
502 4510 536 4570 de
559 4512 663 4573 Paulo:
679 4536 733 4575 non
744 4517 818 4578 euim
866 4521 957 4591 τέλους
969 4523 1010 4582 ἀεὶ
1023 4521 1057 4582 eb
1080 4522 1227 4603 πράγματα
1242 4522 1369 4604 κρίνεται.
1391 4519 1446 4580 Καὶ
1458 4520 1511 4601 γδιρ
1523 4522 1588 4593 τώς
1600 4546 1646 4582 κυ-

99 4600 158 4662 baec
174 4602 308 4683 suntejus
327 4600 520 4680 accusationes,
533 4603 581 4663 sed
594 4603 709 4666 laudum
723 4609 815 4688 potius
868 4613 1012 4694 όερνήτας,
1035 4614 1084 4674 κδν
1111 4613 1192 4695 μυρία
1228 4614 1344 4694 ναυάγια
1369 4614 1558 4692 ὑπομείνωσιν,
1581 4613 1645 4676 όταν

98 4695 260 4754 OCCaSiOEleS.
272 4697 331 4755 Non
348 4693 421 4754 enim
435 4694 534 4762 crimen
545 4709 585 4755 esi
601 4696 654 4776 ilii,
665 4719 727 4759 clim
736 4701 815 4782 prius
868 4707 1001 4786 μέλλωσιν
1024 4712 1060 4775 εἰς
1079 4708 1123 4768 τὸν
1147 4705 1243 4786 λιμένα
1254 4706 1405 4788 καταίρειν,
1421 4705 1453 4766 ἂν
1467 4705 1585 4786 φορτίων
1598 4730 1646 4767 m.

98 4786 239 4866 improbus
250 4786 352 4860 fuisset,
366 4786 468 4846 bonum
475 4785 601 4870 deinceps
616 4787 735 4851 evasisse
740 4816 749 4869 3
766 4795 814 4854 sed
866 4799 1045 4879 πλημημένην
1058 4799 1159 4860 ὁλκάδα
1181 4798 1377 4879 καταφέρων,
1391 4801 1422 4858 ὠ
1433 4797 1521 4879 φαμὲν
1539 4808 1646 4883 παρη.
1661 4827 1665 4834 ·

97 4876 131 4949 si,
141 4899 202 4937 cum
216 4879 535 4960 priusvirtutcpraeditus
544 4881 745 4965 inisset,postea
753 4906 814 4945 mu·
866 4897 931 4974 χθαι
942 4897 1100 4964 κακῶς,τοῦ
1111 4889 1240 4957 τέλουςτί
1251 4889 1417 4970 παρελθόντα
1426 4888 1645 4971 ἀποκρύψαντος·

97 4979 169 5027 tatus
178 4967 213 5026 ad
227 4969 428 5050 improbitatem
443 4969 599 5033 descivisset
608 4997 617 5049 3
627 4994 733 5057 semper
741 4978 814 5038 enim
866 4984 913 5043 καί
934 4982 995 5052 τούς
1016 4983 1132 5055 ἀθλητὰς
1145 4980 1237 5054 πάλιν,
1250 4981 1301 5042 κᾶν
1315 4981 1397 5063 μυρία
1414 4980 1544 5064 πρότερον
1558 4987 1645 5056 ἡττη-

96 5079 140 5120 rcs
150 5080 186 5162 ex
195 5059 249 5119 fine
260 5061 425 5140 judicantur.
440 5064 510 5122 Nam
523 5077 550 5123 et
565 5065 766 5149 gubernatores,
780 5070 814 5130 li·
866 5079 946 5151 θῶσι,
957 5073 1006 5148 τήν
1027 5073 1056 5134 δλ
1076 5072 1137 5156 περί
1159 5079 1205 5134 τοῦ
1219 5073 1347 5155 στεφάνου
1360 5072 1448 5146 πάλην
1462 5073 1644 5152 κρατήσαντα,

96 5164 289 5211 cetinnumera
308 5152 363 5213 sint
377 5153 449 5234 passi
462 5156 613 5236 naufragia,
628 5179 690 5219 cum
703 5160 738 5220 ad
750 5182 814 5243 por·
866 5171 913 5228 οὐκ
926 5170 1124 5247 ἀποστεροῦμεν
1140 5169 1193 5224 τῶν
1215 5165 1356 5246 ἐγκωμίων
1382 5169 1436 5224 τῶν
1458 5164 1505 5224 ἐπὶ
1524 5169 1560 5245 τῇ
1581 5166 1642 5245 νίκη

95 5257 154 5306 tum
168 5264 264 5305 navem
274 5244 416 5325 appulsuri
425 5260 499 5326 sunt,
509 5247 533 5308 si
542 5248 667 5313 refertam
678 5252 813 5317 mercibus
829 5274 848 5323 r.
865 5257 909 5319 διδ
923 5258 958 5318 τδ
981 5257 1106 5340 πρότερα.
1126 5257 1208 5320 otro
1230 5258 1275 5319 καί
1293 5256 1337 5317 ἐπί
1350 5255 1461 5317 Παύλου
1474 5256 1642 5336 ποιήσωμεν.
