3764 5992
407 437 558 487 rancura
586 439 745 488 unarnunr
769 440 836 488 nou
859 440 1082 492 evomatur.
1440 432 1507 520 ίαν

170 558 313 622 τάλαντα
326 559 457 630 Ἐξελόδνν
477 567 575 634 ἐκεῖνος
597 566 644 626 καὶ
660 564 743 646 εόρὸν
797 564 930 644 redderet,
939 567 1034 628 orabat
1046 581 1079 628 ut
1088 568 1200 651 patienti
1215 572 1307 633 animo
1318 591 1511 654 ergaseesaet,

144 676 181 714 ιον
199 653 342 735 όριόλσντα
363 658 436 738 αὐτῷ
450 657 563 739 δηνάρια
576 660 680 735 ίιιατδν,
694 660 742 740 άγ-
797 670 829 717 ut
842 659 952 720 vendita
965 660 1167 738 uxore,domo,
1181 684 1213 723 an
1232 664 1301 725 filiis
1312 664 1437 727 debitum
1456 669 1510 728 do·

144 745 213 809 rand
226 751 329 822 πολλῆς
337 753 385 821 τῆς
395 749 532 830 ὠμότητος
542 753 588 812 καί
597 759 645 826 τῆς
657 756 741 814 όπαν-
798 751 936 839 υιίιιοειιο
948 753 1121 834 persolveret.
1134 755 1203 815 Cum
1217 770 1309 817 autem
1321 758 1402 818 illum
1421 759 1511 820 dorni·

144 838 236 908 πάσας
248 846 334 901 ταῦτα
346 845 362 900 ό
376 842 506 917 δεσπότης
526 843 648 906 ἐνόόαλεν
663 846 742 905 αὐτὸν
760 847 778 895 E
797 843 1045 905 unalamentautern
1054 844 1170 921 rideret,
1180 847 1352 910 miseratione
1360 867 1511 914 commotus

144 930 265 1012 euripum,
278 931 326 992 καί
338 932 354 994 δ
366 933 494 1016 πρότερον
513 939 614 1017 όρῆκεν
633 937 743 1018 όρλημα
796 946 847 1012 eat,
860 934 964 995 edens
973 936 1062 997 millia
1076 937 1240 999 talentorum
1254 941 1369 1002 remisit.
1376 943 1510 1024 Egressus

163 1024 318 1101 ταλάντων,
337 1028 465 1100 ἐτίθεμεν
490 1031 562 1111 αὐτῷ
582 1032 673 1102 πολιν,
696 1033 742 1093 χαὶ
796 1025 845 1086 ille
856 1048 919 1088 eum
928 1026 1044 1088 alterum
1055 1050 1164 1091 aarum
1173 1031 1330 1111 invenisset,
1341 1035 1389 1114 qui
1400 1049 1509 1097 eentum

144 1114 292 1177 σόνδονλον
301 1117 441 1198 ε’σμότητος
454 1119 536 1180 όδικιε
551 1120 600 1194 τὴν
610 1123 742 1206 τιμωρίαν
796 1119 922 1180 denarios
931 1119 983 1203 ipsi
992 1120 1118 1194 debebat,
1130 1123 1337 1186 suffocanseum
1348 1128 1435 1188 multa
1446 1151 1510 1190 oum

796 1212 957 1273 erudelitate
968 1227 1050 1294 atque
1058 1214 1225 1277 immanitate
1236 1219 1383 1299 repetebat.
1393 1221 1445 1281 llis
1457 1244 1508 1282 au·

796 1305 864 1366 ditis
871 1304 1000 1366 dominus
1007 1307 1036 1366 in
1045 1328 1179 1367 carcerem
1191 1329 1254 1368 eum
1265 1312 1388 1391 conjecit,
1399 1326 1425 1372 et
1435 1315 1510 1393 quod

797 1398 874 1481 priua
883 1398 1033 1473 remiserat,
1045 1399 1167 1460 debitum
1182 1400 1282 1461 denum
1292 1403 1413 1463 millium
1424 1408 1509 1467 teleu-

796 1504 897 1567 torum,
908 1491 950 1551 illi
964 1512 1059 1552 rursus
1068 1493 1209 1574 imposuit,
1222 1508 1250 1555 et
1263 1494 1312 1556 ille
1324 1518 1380 1557 sure
1393 1498 1422 1558 iu
1437 1521 1508 1561 oon·

795 1605 904 1645 servum
917 1582 1086 1647 crudelitatis
1096 1608 1189 1668 poeuaa
1203 1586 1288 1648 dedit.

144 1668 250 1737 heluus
271 1678 320 1739 δία
342 1678 424 1739 πόσον
447 1677 674 1760 δγνωμονίστερος
696 1680 742 1741 καί
835 1680 884 1737 ll.
902 1680 980 1738 Atto
993 1692 1095 1758 quanto
1113 1678 1233 1759 iniquior
1251 1679 1301 1741 illo
1320 1702 1353 1743 ae
1375 1682 1511 1766 stupidior

144 1788 187 1849 ρος
204 1768 336 1849 γέγονας,
353 1774 407 1830 τῶν
419 1773 521 1854 ίχόρῶν
535 1773 738 1854 κατευχόμενος.
794 1771 923 1851 means,
937 1771 984 1852 qui
1002 1771 1133 1833 adversus
1146 1773 1272 1834 inimicos
1286 1777 1417 1857 precaris,
1434 1778 1507 1838 vide.

144 1858 170 1941 gt
188 1860 236 1921 τόν
255 1863 386 1936 δεσπότην
410 1865 482 1937 ἠξίου
504 1870 666 1942 ἀπαιτῆσαι,
680 1871 740 1928 ἀλλ’
794 1862 846 1923 llle
859 1862 1000 1924 domiuum
1014 1885 1069 1924 nou
1082 1865 1206 1945 rogabat,
1219 1878 1250 1925 ut
1265 1865 1390 1928 denarios
1400 1883 1507 1931 centurn

144 1950 204 2014 aad
216 1953 312 2014 ίκατδν
331 1956 458 2037 δηνάρια·
474 1956 506 2016 σὺ
522 1957 550 2016 δδ
568 1959 614 2018 καί
633 1959 679 2020 τὸν
693 1964 742 2018 nr·
793 1968 941 2037 repeteret,
954 1955 1001 2016 sed
1016 1957 1074 2038 ipse
1088 1957 1224 2038 repetebat
1238 1971 1345 2018 centum
1357 1959 1503 2023 denarios:

147 2042 200 2118 τλν
222 2046 368 2121 ἀπαίτησιν
384 2050 482 2123 ταύτην
495 2049 544 2124 τὴν
568 2050 740 2132 ἀναίσχυντον
795 2060 824 2107 tu
832 2069 896 2108 uero
906 2048 1054 2109 Dominum
1065 2048 1100 2108 ad
1111 2048 1295 2131 impudentem
1303 2072 1335 2112 ae
1343 2053 1508 2133 prohibitam

144 2130 215 2213 ῥην
233 2138 408 2216 παρακαλεῖς.
423 2140 550 2206 Κάκεῖνος
571 2136 618 2217 μὲν
636 2142 682 2199 οὔκ
698 2143 739 2199 ἐπ’
795 2140 981 2222 repetitionem
995 2140 1153 2203 cohortaris.
1166 2144 1256 2221 Atque
1269 2142 1316 2202 ille
1333 2143 1443 2224 quidem
1455 2167 1508 2207 non

144 2218 226 2310 ῌου,
248 2229 308 2287 ἀλλ’
329 2227 380 2298 ἷξεν
393 2230 438 2291 τόν
451 2228 589 2290 σόνδονλον
611 2222 694 2312 ἦγχε·
709 2231 742 2292 αδ
796 2231 823 2292 in
839 2233 924 2293 oculis
944 2232 1058 2311 domini,
1071 2232 1118 2294 sed
1138 2233 1204 2294 loris
1216 2256 1378 2296 conservum
1394 2239 1508 2300 sull'ora·

151 2324 295 2405 ἦκαιρῷ
319 2328 368 2396 τῆς
387 2327 466 2406 εὐχῆς
478 2330 531 2410 πρὸ
553 2329 599 2387 τοῦ
614 2326 743 2404 βασιλέως
795 2322 894 2385 hatrat
908 2338 938 2384 tu
950 2324 977 2385 in
990 2325 1049 2407 ipso
1063 2339 1185 2407 tempore
1197 2326 1327 2387 orationis
1336 2342 1409 2388 stans
1418 2351 1507 2389 eoram

144 2420 261 2484 εποιεῑς.
276 2416 312 2475 El
325 2416 352 2474 δὲ
367 2419 464 2486 ἐκεῖνος
475 2417 536 2481 οὔτε
552 2418 596 2480 τδν
612 2417 740 2490 δεσπότην
749 2426 787 2471 ³⁶t
796 2419 868 2499 Rege
879 2416 908 2477 id
917 2417 994 2479 lacis.
1003 2418 1084 2491 Quod
1096 2419 1119 2477 si
1135 2418 1182 2478 ille
1193 2440 1256 2479 eum
1266 2440 1354 2500 neque
1366 2420 1509 2484 dominum

144 2504 217 2575 είιὶ
236 2506 288 2582 τὴν
307 2506 460 2583 ἀπαίτησιν,
480 2511 526 2572 καί
542 2512 610 2590 μετὰ
625 2508 741 2580 solisl-
758 2488 777 2531 A
794 2508 832 2570 ad
856 2508 1030 2592 repetendum
1061 2524 1130 2570 esset
1155 2509 1294 2588 hortatus,
1314 2524 1341 2572 et
1364 2527 1509 2594 postquam

144 2602 225 2672 πνεῖν,
236 2600 360 2680 οὐδεμιᾶς
373 2602 450 2684 ἔτυχε
465 2604 638 2685 συγγνώμης,
651 2602 682 2664 σὺ
696 2605 741 2665 καί
794 2622 917 2683 egressus
932 2601 1036 2677 luisset,
1049 2601 1101 2661 lroc
1114 2602 1222 2672 lacuet,
1234 2602 1339 2663 nullam
1351 2617 1391 2664 est
1401 2606 1508 2666 veniam

144 2712 175 2763 t·
195 2692 242 2753 tat
263 2693 311 2767 ris
324 2698 511 2775 κεκωλυμίνην
530 2696 631 2770 ταύτην
642 2697 740 2758 ἔκτισιν
795 2707 984 2774 consequutus,
999 2706 1030 2753 tu
1042 2693 1091 2774 qui
1102 2693 1252 2753 Dominum
1265 2693 1301 2753 ad
1311 2694 1383 2754 haue
1394 2696 1508 2758 vetitam

144 2782 180 2845 ’al
193 2785 238 2846 ln'
260 2786 351 2867 ὄψεσιν
364 2791 444 2849 αὐτοῦ
456 2797 539 2850 ταῦτα
553 2793 648 2868 ποιῶν,
663 2791 740 2851 ποίοιν
794 2787 955 2847 solutionem
978 2784 1116 2867 impellis,
1129 2798 1156 2846 et
1170 2784 1197 2846 in
1213 2785 1272 2867 ejus
1287 2802 1430 2869 conspeetu
1450 2788 1508 2850 luae

144 2876 281 2959 τιμωρίαν,
309 2878 369 2939 εἰσί
393 2903 455 2960 μοις
483 2881 564 2942 ’Attt
586 2882 740 2964 ρλεγμαίνει
793 2878 861 2959 agis,
871 2900 926 2959 quo
935 2900 988 2938 uon
999 2878 1144 2960 supplicio,
1154 2899 1256 2958 quaeso,
1268 2880 1509 2944 muletaberisidt

144 2972 232 3051 ῃτῆς
252 2967 347 3053 ίρθρας
368 2976 386 3045 ἡ
406 2972 508 3034 διάνοια
529 2974 575 3034 καί
590 2975 673 3051 οίδεῖ,
694 2974 740 3035 καί
792 2970 977 3032 inflammatur
995 2970 1104 3031 animus
1116 2983 1180 3031 tuus
1204 2969 1245 3031 ira
1267 2992 1302 3032 ex
1323 2972 1509 3036 reeordatione

144 3048 285 3143 ιάαρδία,
305 3061 351 3123 καί
373 3070 420 3123 τοῦ
442 3066 621 3140 λελοπηκότος
641 3069 739 3146 δναμι-
792 3064 986 3142 inimicitia,et
998 3064 1163 3142 intumescit,
1176 3078 1203 3126 et
1216 3080 1509 3146 uoreommovetur,ac

144 3156 151 3223 't
167 3154 200 3215 οδ
213 3152 327 3214 δυ’νασαι
338 3160 510 3217 καταστεῖλαι
524 3158 556 3218 τδ
568 3158 667 3240 οἴδημα
687 3162 739 3220 τῶν
792 3152 983 3236 dumacoepte
993 3153 1101 3236 injuria
1111 3154 1269 3233 meministi,
1280 3156 1366 3216 animi
1374 3170 1508 3218 tumorem

144 3234 204 3309 lll'
216 3245 376 3318 όντίστηαον
390 3253 424 3329 τῇ
439 3250 572 3333 φλεγμονῇ
592 3252 675 3335 ταύτῃ
689 3252 739 3326 τὴν
792 3266 846 3308 nou
855 3246 1229 3330 potesreprimerelTuvern
1237 3248 1284 3309 isti
1294 3270 1507 3331 opponeexean-

144 3338 382 3421 ῗεάμαρτημότων
408 3342 525 3422 μνήμην,
547 3344 593 3404 τὸν
616 3346 669 3406 ἀπὸ
691 3351 740 3420 τῆς
792 3339 934 3401 desoemiae
951 3354 1124 3422 peecatorum
1146 3355 1256 3402 tuorum
1286 3341 1463 3415 memoriam,
1476 3363 1509 3403 ae

144 3432 279 3503 ινλάσεενς
307 3434 396 3515 pidet.
424 3433 619 3514 Ἀναμνήσόητι
649 3439 738 3500 πόσων
792 3432 877 3493 futuri
885 3430 986 3514 judieii
998 3432 1133 3493 timorem.
1146 3431 1298 3493 Reoordare
1308 3454 1390 3513 quam
1406 3433 1508 3494 multo-

144 3514 213 3609 lep
239 3527 380 3609 Δεοπότη,
400 3526 446 3587 καί
459 3528 500 3589 ὅτε
515 3528 622 3589 πάντων
633 3532 739 3592 ἐκείνων
791 3546 855 3586 rttm
872 3524 946 3608 apud
965 3525 1115 3585 Dominum
1134 3545 1196 3585 reus
1215 3524 1271 3603 aie,
1290 3538 1370 3605 teque
1393 3525 1508 3587 loturum

144 3621 272 3703 αὐτῷ,
294 3619 339 3679 καί
361 3619 488 3702 κρατήσει
510 3621 618 3691 πάντως
639 3615 741 3694 odem
791 3616 914 3678 omnium
924 3616 1012 3700 poeuis
1020 3616 1171 3678 obnoxium
1181 3638 1247 3695 esse,
1258 3631 1318 3677 tum
1329 3617 1440 3678 omnino
1449 3639 1508 3679 me-

144 3710 220 3795 Ιρρῑς
237 3708 355 3786 ίαείνης,
378 3712 468 3788 ἐπειδὴ
484 3713 530 3773 καὶ
545 3713 612 3775 πολὺ
626 3716 740 3777 δυνατώ·
791 3722 835 3771 tus
846 3710 896 3771 iste
908 3710 1078 3771 iracundiam
1092 3710 1168 3770 illam
1178 3709 1279 3785 vincet,
1289 3709 1508 3791 quandoquidem

146 3802 251 3867 Ικείνω
264 3811 313 3866 τοῦ
332 3804 438 3874 πάθους.
451 3805 646 3887 Ἀναμνήσοηης
666 3809 740 3889 γεέν-
791 3802 850 3864 hae
860 3823 968 3884 quoque
981 3802 1070 3885 passio
1081 3802 1161 3883 longe
1174 3815 1213 3861 est
1230 3800 1278 3861 illa
1292 3803 1436 3884 potentior.
1451 3805 1507 3864 lle-

144 3894 218 3967 Ιιεενς
230 3895 279 3957 καί
298 3895 427 3977 τιμωρίας
440 3897 509 3958 κατδ
522 3898 566 3959 τὸν
580 3901 672 3982 καιρὸν
690 3907 739 3975 τῆς
756 3902 774 3950 u
792 3894 903 3955 cordate
929 3894 1073 3976 gehenna,
1087 3914 1227 3977 ptenarum
1251 3913 1283 3953 ac
1307 3894 1507 3975 suppliciorum

144 3988 198 4053 ddi
219 3992 260 4060 εἰς
272 3994 333 4049 νοῦν
346 3990 437 4050 λαόεῖν
452 3991 550 4074 δυνήσῃ
570 3992 613 4054 τὸν
636 3995 737 4078 ἐχθρόν,
791 4001 912 4071 tempore
932 3987 1072 4059 orationis,
1090 4007 1123 4046 ae
1141 4008 1175 4047 ne
1200 3986 1229 4046 in
1253 3998 1372 4047 mantem
1398 3984 1507 4066 quidem

144 4076 315 4157 ᾖδεάνοιαν,
338 4081 500 4144 ταπείνωσον
523 4084 571 4159 τὴν
594 4086 682 4168 ψυχὴν
704 4093 738 4168 τῇ
791 4082 882 4143 reniet
905 4079 1041 4142 inimicus.
1051 4080 1165 4139 Contere
1182 4077 1305 4138 animum
1328 4091 1418 4153 tuum,
1432 4100 1508 4139 men·

144 4174 476 4255 νεεπεπλημμελημίνων,
496 4177 542 4237 καί
555 4178 612 4239 οὐδὲ
630 4183 739 4262 ἐνοχλῆ-
790 4189 845 4236 εστιν
866 4170 984 4234 humilia
1005 4186 1117 4233 tuorum
1133 4169 1319 4232 recordatione
1333 4169 1506 4245 delictorum,

144 4264 167 4329 ul
182 4290 229 4327 σοι
250 4265 341 4345 θυμός.
355 4266 436 4328 Ἀλλὰ
449 4267 526 4329 τοῦτο’
546 4273 602 4330 ἔστι
623 4270 654 4331 τὸ
667 4273 738 4332 ποίν-
790 4289 822 4329 ae
835 4290 869 4328 ne
881 4266 1032 4327 molestiam
1048 4262 1159 4344 quidem
1172 4263 1260 4323 ullam
1273 4261 1413 4323 iracundia
1427 4262 1506 4322 exhi·

144 4362 179 4427 tu
189 4365 295 4438 κακῶν,
311 4362 352 4423 ότι
367 4364 401 4426 τόν
417 4365 465 4446 μὲν
478 4370 531 4427 τῶν
550 4369 638 4430 ἄλλων
651 4372 739 4454 ἆμαρ.
789 4358 875 4421 bebit.
891 4358 946 4421 sod
956 4358 1008 4418 lroe
1023 4355 1093 4416 illud
1108 4368 1159 4431 est,
1170 4354 1244 4415 uude
1258 4368 1353 4415 cuneta
1366 4354 1438 4414 mala
1452 4375 1504 4413 ua-

144 4466 159 4531 l
176 4468 282 4540 πολλῆς
303 4464 457 4547 ἐξετάζομεν
470 4472 518 4541 τῆς
538 4470 674 4553 (affetu,
681 4516 689 4544 γ
703 4472 737 4533 τὰ
789 4467 911 4528 suuntur,
923 4450 995 4531 quod
1009 4450 1037 4509 in
1051 4449 1168 4533 aliorum
1185 4447 1297 4527 quidem
1312 4460 1419 4529 peecata
1440 4446 1505 4507 dili·

144 4570 216 4653 μή
225 4571 326 4642 πολλῆς
346 4569 581 4650 mmmm„
599 4579 645 4648 τῆς
657 4580 737 4656 gagg,
789 4560 882 4630 genter
910 4543 1098 4624 inquiramus,
1128 4554 1218 4601 nostra
1246 4561 1311 4646 rerq
1339 4537 1506 4621 negligenter

144 4672 219 4735 ,ὡς
241 4670 273 4731 ἃ
294 4681 379 4731 m„
402 4674 501 4752 ρρρρν.
522 4672 558 4734 ,p
582 4674 630 4753 pp,
653 4640 737 4738 032⁸,oe
789 4636 1358 4720 admodumpratereamus.llteoutrarrurm
1366 4631 1505 4713 agendum

343 4773 373 4833 ν

144 4880 209 4941 *⁹¹
225 4873 275 4939 Ἂν
295 4881 374 4936 ‘⁰3⁸⁰
392 4882 520 4954 ’‘mill'’
543 4878 644 4940 ”llll
667 4879 736 4942 9⁸3⁹
792 4936 907 4979 uersare.
919 4913 953 4975 ld
962 4866 989 4972 'si
1000 4911 1179 4984 iaciamus,et
1193 4912 1266 4970 Deus
1278 4906 1416 4990 propitius
1426 4906 1505 4967 uoltis

144 4980 215 5057 vul
232 4988 291 5049 *οἷς
314 4980 428 5054 πληώί
441 4981 596 5060 παυσόμεθα
618 4981 737 5042 ἀθάνατα
790 5011 857 5083 erit,
871 5022 898 5068 et
909 5004 1055 5068 immortali
1074 5003 1137 5065 odio
1147 5001 1305 5086 proximum
1317 4999 1444 5082 prosequi
1457 4998 1506 5061 de·

146 5083 198 5145 nl
217 5084 316 5165 όχθρδν
329 5082 422 5145 ὠδίνῦ
443 5081 566 5144 atatam
582 5082 691 5164 ἦψεν·
713 5091 737 5146 ‘l
791 5105 921 5176 sinemus,
936 5114 962 5160 et
974 5097 1082 5158 nullum
1094 5117 1224 5176 umquam
1234 5092 1396 5154 habebimus
1412 5092 1505 5152 inimi·

144 5184 210 5267 ηρεόν
226 5206 315 5257 ποτε,
330 5184 435 5266 ταχίους
459 5185 505 5246 καί
524 5184 574 5260 τὴν
593 5188 736 5271 dulgtum
792 5218 864 5257 cum.
878 5193 951 5269 Quin
965 5191 1025 5251 etsi
1040 5188 1149 5271 quaudo
1162 5188 1323 5259 habeamus,
1338 5185 1434 5246 odium
1453 5185 1507 5247 cito

144 5290 217 5361 ‚rel
248 5292 304 5351 τῶν
330 5285 435 5348 οἰκείων
461 5288 661 5370 ἁμαρτημάτων
683 5315 734 5349 τα-
787 5290 963 5371 deponemus,
978 5299 1003 5346 et
1016 5285 1126 5345 celerem
1145 5295 1317 5366 pennatorum
1331 5280 1505 5341 veniamob-
