3764 5992
357 502 392 550 iu
420 502 530 567 ιεειιο,
559 501 709 551 unomen
734 500 1001 550 roanrcarroues
1026 502 1178 552 uuonan.
1465 487 1531 578 ,τίη

144 622 210 684 »καὶ
226 624 354 698 πενήτων
366 626 479 707 γέλωτος
492 626 590 695 παντὸς
603 629 648 686 καί
661 628 766 709 χορείας
818 621 927 698 bo'ntur,
945 639 971 685 et
986 627 1122 707 plorantes
1131 628 1293 706 excitarunt,
1306 642 1332 688 ct
1347 629 1381 688 ad
1395 630 1532 691 vitamne·

144 715 264 799 εανείρα.
287 716 425 778 Ἐνταῦθα
447 717 512 799 πρὸς
533 717 597 796 μίαν
619 719 722 797 ἡμέραν
746 725 764 791 ή
818 732 959 778 vocarunt.
976 720 1064 779 Tanto
1075 718 1222 779 viduarum
1239 734 1265 780 et
1283 741 1433 802 pauperum
1445 725 1533 783 oratio

150 806 282 880 διηνεκές
294 809 327 868 τὸ
338 808 439 889 κέρδος.
453 809 596 880 Ἐννόησον
606 808 698 882 ἡλίκον
708 810 765 870 έστί
818 809 874 869 risu
883 824 909 870 et
922 811 1017 870 chorea
1033 811 1106 871 omni
1119 825 1158 871 est
1171 811 1274 872 utilior.
1291 812 1343 873 Hic
1356 835 1411 874 uno
1424 814 1470 875 die
1480 818 1532 875 dri-

144 900 178 961 rrl
198 906 256 975 τῆς
274 903 396 983 κεφαλῆς
419 901 539 981 εὐλογίας
559 902 692 962 λαθοῦσαν
714 901 764 975 τήν
817 916 859 961 rat
873 902 1022 978 delectatio,
1034 903 1090 962 illie
1100 904 1225 985 perennis
1235 918 1273 965 est
1295 920 1421 985 quastus.
1436 909 1532 988 Cogita

159 992 218 1067 τήν
234 992 328 1055 οἰκίαν
343 993 453 1054 εἰσιέναι
466 999 512 1053 τοῦ
527 992 648 1074 νυμφίου.
665 993 762 1053 Πόσων
818 1006 947 1072 quantum
963 994 1033 1054 illud
1046 994 1081 1053 sit
1093 1008 1133 1055 tot
1151 995 1384 1057 benedictionibus
1408 1013 1531 1061 onustam

144 1090 238 1146 ταῦτα
266 1084 431 1167 σεμνότερος
458 1085 542 1146 πόσου
572 1082 763 1166 χρησιμώτερα
815 1106 941 1165 sponsam
951 1087 1042 1168 sponsi
1055 1085 1168 1146 domum
1181 1088 1416 1162 introireQuibus
1427 1093 1532 1154 coronis

144 1174 245 1256 ςτάγε
256 1184 304 1237 νῦν
316 1176 441 1257 γινόμενα
454 1175 765 1258 έσχάτηςπαραπληξίας
817 1175 998 1255 splendidiora
1012 1198 1065 1237 non
1080 1193 1144 1238 sunt
1157 1179 1229 1239 ista?
1243 1181 1344 1259 quibus
1358 1204 1410 1242 non
1425 1182 1531 1245 divitiis

144 1267 251 1341 οσύνης
261 1268 347 1329 έστίν.
367 1271 400 1328 Εἰ
410 1268 461 1351 γδρ
478 1267 546 1346 μηδὲ
559 1267 683 1341 κόλασις,
696 1267 764 1346 μηδὲ
816 1267 945 1328 utiliora?
954 1291 1016 1329 cum
1025 1284 1116 1330 contra
1124 1272 1169 1330 bic
1182 1293 1240 1331 mos
1246 1273 1395 1335 hodiernus
1404 1289 1531 1338 extremae

144 1384 151 1427 ς
170 1356 271 1422 ἱκειτο
286 1370 343 1428 τοὶς
364 1359 399 1419 τό
418 1367 526 1420 τοιαῦτα
549 1364 796 1440 άογημονοῦσιν,ίί
816 1360 852 1419 sit
861 1360 1011 1422 dementiae.
1020 1363 1153 1435 Quamuis
1162 1363 1232 1422 enim
1246 1386 1293 1423 nec
1305 1387 1391 1447 poena,
1403 1388 1451 1426 nec
1462 1389 1531 1451 sup-

144 1476 185 1525 ης
208 1452 272 1513 ἔστί
294 1452 440 1535 τιμωρίας,
459 1451 599 1533 ἀνέχεσθαι
623 1451 763 1520 τοσαύταις
814 1451 937 1530 plieium,
956 1454 1048 1534 iisqui
1068 1469 1121 1514 tarn
1135 1455 1273 1514 inhoneste
1292 1460 1531 1536 segeruut,immi-

144 1544 593 1628 ςλοιδορίαις,δημοσία,πάντιυν
605 1543 762 1617 ἀκουόντων,
814 1558 904 1619 neret,
931 1546 1018 1627 cogita
1046 1562 1177 1626 quantum
1201 1549 1364 1630 supplicium
1388 1551 1433 1626 sit,
1450 1553 1531 1611 tantis

144 1658 185 1695 νεν
196 1638 355 1713 μεθυόντων
367 1637 412 1695 καί
425 1634 621 1717 διεφθαρμένων
635 1634 680 1694 τὸν
693 1641 762 1695 νοῦν.
815 1637 966 1698 maledictis
988 1640 1136 1720 proscindi,
1151 1642 1252 1721 populo
1272 1656 1414 1723 spectante,
1428 1645 1531 1704 cunetis

144 1754 148 1779 ι
166 1726 293 1799 πένητες
307 1726 487 1804 λαμόάνοντες
506 1728 658 1806 εὐλογοῦσε,
681 1726 762 1809 μυρία
815 1728 998 1803 audientibus,
1012 1731 1048 1789 ab
1060 1731 1219 1791 hominibus
1240 1731 1322 1791 ebriis
1335 1747 1361 1792 et
1372 1748 1461 1794 mcntc
1478 1734 1530 1795 dc-

160 1816 202 1877 τὰ
224 1817 330 1896 ἀγαθά·
348 1821 441 1878 έκεῖνοε
463 1816 490 1877 δέ
511 1817 579 1895 μετὰ
599 1817 649 1891 τήν
670 1818 762 1896 μέθην,
813 1821 943 1900 pravatis.
960 1823 1030 1881 Nam
1040 1844 1172 1904 pauperes
1184 1824 1305 1903 quidem,
1318 1826 1365 1885 ubi
1376 1825 1441 1904 quid
1452 1848 1530 1887 acce-

144 1910 318 1990 ἰδηφαγίαν,
340 1909 428 1969 πάντα
449 1909 574 1990 βόρόορον
595 1911 765 1988 σκωμμάτων
814 1912 913 1993 perint,
926 1913 1100 1989 benedicunt,
1116 1915 1220 1974 infinita
1235 1916 1305 1975 bona
1324 1918 1530 1997 prccanturtilli

144 2004 178 2061 ἓν
192 2000 358 2081 γαμούντων
368 2000 528 2081 καταχέουσι
539 2002 763 2081 κεφαλῆς,άμιλ-
812 2024 877 2063 vero
899 2020 960 2086 post
982 2006 1147 2084 ebrietatem,
1164 2022 1225 2088 post
1239 2009 1424 2086 voracitatem,
1439 2033 1531 2073 omnes

144 2093 278 2166 ιὸολικήν
292 2095 359 2173 πρδς
378 2094 507 2166 ἀλλήλους
519 2093 638 2174 ἔχοντες·
651 2092 698 2151 καί
713 2117 762 2152 κα·
812 2092 986 2156 dicteriorum
998 2097 1123 2157 sordesin
1132 2120 1223 2158 eorum
1230 2100 1317 2180 capita
1325 2102 1529 2183 effundunt,qui

144 2190 178 2245 Τεν
192 2185 284 2244 όντων
296 2189 351 2243 τῶν
364 2184 512 2257 συνιόντων,
533 2185 617 2252 οὕτως
638 2189 662 2244 ol
680 2209 761 2264 προσ-
812 2190 1015 2250 matrimonium
1027 2192 1199 2269 contrahunt,
1217 2206 1244 2252 et
1257 2192 1422 2255 diabolicum
1445 2211 1530 2258 certa-

144 2286 197 2343 ιοῖς
211 2283 419 2357 φιλοτιμοῦνται
431 2279 498 2353 πρδς
513 2279 657 2351 ἀλλήλους,
676 2279 703 2335 ἐν
723 2282 761 2358 τῷ
813 2300 873 2339 tuen
888 2281 957 2341 inter
973 2302 1002 2341 se
1009 2283 1145 2362 quoddam
1157 2284 1300 2345 instituunt
1310 2301 1350 2345 :et
1358 2289 1434 2366 quasi
1445 2306 1529 2350 essent

144 2372 234 2450 ίρητα
250 2369 338 2449 λέγειν
352 2370 440 2442 ὀνείδη
457 2370 519 2452 περὶ
536 2374 588 2429 τῶν
607 2369 760 2448 γημάντων,
812 2371 915 2432 inimici
935 2375 983 2452 qui
1007 2379 1181 2453 conveniunt,
1197 2376 1235 2434 sic
1254 2376 1363 2439 illorum
1385 2381 1529 2462 propinqui

144 2466 174 2529 λς
188 2459 442 2539 ἀντιτεταγμένους·
458 2460 504 2519 καὶ
515 2466 533 2532 ή
546 2461 612 2540 πρὸς
633 2461 762 2534 ἀλλήλους
776 2476 794 2522 C
812 2477 914 2523 certant
927 2465 997 2525 inter
1017 2488 1045 2525 sc
1058 2479 1119 2526 uter
1132 2469 1157 2548 pl
1163 2489 1208 2526 ura
1224 2467 1259 2527 de
1275 2469 1389 2549 illisqui
1406 2487 1530 2554 conprgro

144 2552 247 2613 αεεκία
261 2556 320 2631 μεθ’
335 2554 483 2632 ύπερύολῆς
500 2553 607 2625 ἁπάσης
626 2553 671 2613 τδν
690 2577 760 2632 νυμ-
813 2558 982 2636 copulantur,
999 2558 1080 2617 landa
1105 2573 1132 2618 et
1152 2559 1266 2620 nefanda
1287 2563 1384 2642 probra
1407 2564 1527 2642 eslutict3

144 2649 180 2717 ἧς
195 2643 307 2725 νύμφης
318 2643 540 2725 καταεσρύνεσθοιι
556 2646 761 2724 παρασκευάζει.
812 2660 837 2705 et
850 2647 1018 2708 adversarios
1029 2648 1271 2729 imitantur:atque
1282 2651 1340 2713 haec
1353 2653 1464 2714 illorum
1482 2657 1529 2716 in-

144 2735 206 2817 ’φαν
220 2737 374 2815 ζητήσομεν
393 2735 534 2806 ἀπόδειξιν,
552 2736 610 2795 εἶπέ
626 2760 692 2815 μοι,
706 2740 759 2796 τῶν
812 2752 853 2797 ter
871 2761 900 2799 se
913 2741 1047 2800 contentio
1067 2741 1162 2818 efficit,
1176 2756 1207 2801 ut
1221 2764 1282 2801 cum
1299 2766 1395 2825 sponsa
1417 2768 1529 2828 sponsus

144 2828 279 2889 avonioraon
301 2827 349 2896 τὰς
369 2827 474 2889 ἐκείναιν
497 2827 585 2908 ήωχδις
606 2835 691 2889 ταῦτα
714 2831 759 2890 καί
812 2852 917 2891 summo
932 2832 1037 2913 pudore
1060 2832 1243 2894 suffundatur.
1267 2838 1308 2895 An
1331 2838 1415 2917 igitur
1433 2840 1528 2920 aliam,
1550 2859 1681 2906 nauum

144 2919 296 2999 ιλέγεσθυι
308 2923 373 3002 παρ’
386 2921 549 2995 αύτῶν;’ί“ίς
561 2912 608 2982 ’σύν
624 2923 759 3002 αἰμφιαόη-
812 2944 912 3001 quaeso,
934 2923 1188 2986 demonstrationem
1217 2928 1395 3008 requiremus,
1417 2947 1448 2994 ut
1471 2933 1551 3029 hoc,
1584 2924 1682 3029 imputa:

144 3038 175 3087 ν,
197 3014 244 3072 ότι
266 3015 399 3091 δαιμόνων
422 3013 561 3074 κινούντων
584 3015 632 3083 τδς
653 3014 759 3076 ἐκείνοιν
813 3016 902 3074 omnia
915 3017 951 3075 ab
964 3016 1020 3076 illis
1034 3017 1093 3077 fieri
1114 3017 1222 3098 dicique
1235 3018 1390 3081 daemonum
1410 3024 1528 3106 impulsu
1539 2994 1622 3094 olandia,
1645 3002 1652 3029 Ι

155 3104 272 3184 λέγεται
294 3111 377 3165 ταῦτα
400 3106 488 3166 πάντα
510 3107 557 3167 καί
576 3106 677 3187 γίνεται
694 3114 758 3187 παρ’
813 3109 935 3167 constet?
946 3108 1015 3181 Quis
1029 3130 1092 3187 ergo
1105 3109 1232 3191 deinceps
1246 3113 1374 3193 ambiget,
1389 3116 1454 3193 quin
1473 3116 1530 3178 baec

144 3197 191 3255 toz
214 3197 290 3257 ἔστιν
309 3197 408 3264 ούδείς·
433 3197 479 3257 καί
502 3198 554 3279 γὰρ
576 3205 697 3260 τοιαῦται
715 3206 760 3261 τοῦ
813 3199 903 3258 omnia
914 3201 980 3261 fiant
992 3201 1028 3259 ab
1040 3201 1094 3260 illis
1108 3200 1284 3277 aedicantur‚
1296 3204 1530 3268 damonibusani-

144 3290 158 3347 l
180 3289 346 3363 ἀντιδόσεις,
366 3289 509 3369 λοιδορίαι,
529 3291 574 3350 καί
597 3293 693 3370 μέθαι,
714 3294 760 3352 καί
814 3313 871 3351 mas
891 3313 983 3352 comum
1003 3292 1228 3374 impellentibus?
1246 3297 1331 3355 Nemo
1345 3298 1531 3380 planc:siqui-

144 3404 174 3454 ιη
185 3382 286 3461 ψυχῆς.
304 3383 340 3441 Et
354 3380 383 3440 δέ
397 3406 437 3450 τις
449 3383 591 3451 οἰωνίζοντο
601 3384 632 3443 τό
645 3388 761 3456 πένητας
813 3383 873 3444 dem
888 3386 1020 3466 ejusmodi
1036 3397 1099 3443 stunt
1111 3385 1215 3445 diaboli
1229 3393 1465 3466 renumerationes,
1482 3415 1528 3452 ca-

144 3496 155 3533 ε
176 3473 347 3553 εἰσάγεσθαι,
371 3474 417 3532 καὶ
440 3486 575 3556 συμφορᾶς
598 3476 671 3554 λε’γυι
693 3468 760 3536 εἶναι
776 3497 794 3543 ιι
813 3476 975 3557 villationes,
990 3477 1139 3553 ebrietates,
1151 3492 1177 3537 ct
1191 3479 1287 3537 animae
1301 3479 1436 3542 delirium.
1447 3485 1530 3559 Quod

144 3570 219 3640 ῧτα,
233 3566 339 3645 μαθέτω
352 3567 397 3625 καὶ
409 3572 496 3640 τοῦτο,
509 3567 550 3627 ότι
560 3572 589 3627 ού
600 3567 630 3626 τὸ
645 3569 761 3643 πένητας
813 3569 836 3629 si
849 3571 910 3650 quis
929 3592 971 3646 eo,
987 3569 1059 3649 quod
1073 3570 1171 3629 horum
1186 3571 1244 3630 loco
1258 3593 1389 3652 pauperes
1403 3576 1526 3635 intrudu-

144 3657 183 3718 ιαὶ
192 3657 298 3739 χήρας,
313 3659 382 3718 ἀλλὰ
395 3659 426 3717 τὸ
439 3659 573 3738 μαλακούς
584 3661 630 3722 καί
648 3661 758 3743 πόρνας,
813 3677 921 3737 ciuntur,
935 3663 1025 3724 omine
1035 3662 1242 3737 deterrumum
1252 3664 1412 3726 calamitatis
1428 3669 1479 3728 hoc
1489 3671 1528 3729 in-

144 3772 179 3821 ης
198 3750 293 3822 ἀηδίας
307 3751 353 3809 καί
367 3751 468 3832 μυρίων
484 3754 541 3813 ἐστι
559 3753 691 3833 σύμόυλον
705 3783 757 3817 κα-
812 3753 916 3815 dicium
930 3776 985 3815 esse
998 3753 1082 3825 dicat,
1094 3753 1116 3812 is
1125 3754 1177 3813 boc
1189 3753 1270 3813 etiam
1284 3756 1380 3831 discat,
1397 3780 1448 3820 non
1462 3785 1528 3844 pau·

144 3840 209 3909 ,νέαις
224 3842 277 3925 γὰρ
300 3846 347 3902 ἀπ’
367 3847 449 3916 αὐτῆς
468 3850 516 3917 τῆς
536 3846 638 3927 ἡμέρας
657 3850 687 3908 ἐκ
704 3856 758 3911 τῶν
812 3869 932 3928 peresac
946 3847 1043 3907 viduas
1066 3846 1115 3917 ali,
1131 3846 1177 3905 scd
1199 3848 1293 3908 molles
1312 3872 1344 3910 ac
1363 3858 1527 3936 meretrices,

149 3934 265 4015 νυμφίον
281 3936 451 4016 αίγμάλωτυν
469 3936 587 3999 λαόοῦσα
608 3943 756 4018 ἁπῆλθενη
810 3941 897 3999 omnis
917 3939 1046 3999 molestiae
1061 3951 1141 4018 atque
1152 3938 1354 4003 innumerorum
1368 3966 1425 4006 esso
1437 3950 1527 4010 malo-

144 4024 212 4086 ίτδν
226 4026 312 4110 ἔρωτα
322 4028 366 4088 τόν
380 4029 446 4110 πρὸς
461 4028 510 4101 τὴν
525 4030 629 4112 νύμφην
645 4034 755 4110 έσόεσε,
811 4057 872 4096 rum
887 4032 1017 4093 indicium
1032 4045 1058 4091 ct
1075 4044 1237 4113 portentum.
1252 4035 1458 4118 seponamque
1471 4063 1526 4100 me-

144 4114 230 4177 ύνοιαν
253 4118 382 4198 ύπέσυρε,
410 4120 456 4180 καί
479 4121 528 4193 τήν
553 4123 670 4201 ἀγάπην,
694 4128 756 4207 πρὶν
810 4127 894 4188 rotrix
909 4127 966 4207 jam
981 4125 1018 4183 ab
1036 4123 1085 4183 illo
1104 4124 1163 4205 ipso
1178 4124 1378 4189 diecxamicis
1398 4153 1525 4213 sponsum

151 4208 297 4281 κατέλυσε,
311 4211 357 4270 καὶ
371 4212 491 4291 μοιχείας
502 4215 665 4292 έγκατέύαλε
676 4220 757 4300 σπέρ-
810 4219 946 4301 captivum
961 4215 1098 4296 abripiens
1107 4215 1363 4294 discessit,nmorcm
1375 4243 1437 4301 erga
1446 4245 1526 4303 spon·

144 4301 336 4361 adadensium
355 4302 415 4371 robe
434 4304 551 4385 πατέρας
572 4310 662 4388 ἐχρῆν,
675 4313 698 4368 εἰ
711 4310 757 4370 καὶ
809 4333 867 4370 sam
891 4307 1037 4384 exstinxit,
1052 4307 1264 4367 benevolentiam
1284 4312 1398 4372 subdole
1412 4317 1523 4395 avertit,

144 4412 182 4465 σε,
193 4392 241 4450 καὶ
250 4392 361 4453 κωλύειν
376 4397 429 4453 τῶν
441 4396 530 4475 μίμων
542 4399 588 4458 καὶ
599 4404 651 4458 τῶν
662 4403 757 4482 ὀρχου-
807 4402 990 4477 dilectionem,
1001 4412 1142 4477 antequam
1162 4400 1362 4481 accenderetur,
1379 4404 1504 4468 dissolvit
1516 4456 1524 4484 ,

155 4485 194 4552 είς
212 4483 273 4553 τοδς
291 4485 393 4564 γάμους
413 4489 567 4568 παρουσίας.
588 4492 677 4570 Γάμος
695 4495 756 4575 γὰρ,
808 4509 834 4554 et
846 4492 973 4553 adulterii
983 4512 1073 4551 semen
1088 4491 1190 4571 injecit.
1207 4492 1271 4552 Hac
1282 4495 1465 4575 pertimescere
1475 4523 1523 4583 pa·
1563 4514 1676 4560 Μεινοιιι

144 4576 277 4655 ιλγῶμεν,
287 4579 543 4653 εἰσενήνεκται,-ούδ’
557 4581 601 4642 ίνα
619 4585 754 4666 πορνεύω-
772 4607 791 4654 r,
810 4601 863 4646 tres
875 4583 1005 4665 oportuit,
1020 4582 1070 4641 etsi
1083 4581 1153 4639 nihil
1165 4583 1240 4642 aliud
1251 4600 1327 4658 asset,
1343 4608 1375 4647 ac
1388 4589 1485 4652 mimos
1498 4609 1524 4654 ct
1534 4576 1676 4683 πζζὶᾞᾙ

144 4666 186 4725 ίνε
201 4672 387 4748 σωφρονῶμεν.
401 4670 525 4732 Ἄκουσον
539 4679 601 4751 γοῦν
616 4684 662 4736 τοῦ
675 4679 755 4737 Παύ-
809 4678 947 4737 saltatores
963 4673 1118 4755 nuptiarum
1132 4671 1253 4752 ingressu
1278 4676 1429 4757 prohibere.
1455 4684 1524 4745 Sunt
1534 4705 1597 4762 puts.

144 4783 177 4827 κ·
191 4760 340 4831 Διδδὲτδς
349 4765 470 4845 πορνείας
480 4765 591 4834 ἕκαστος
604 4771 654 4841 τήν
665 4774 757 4834 ἑαυτοῦ
810 4769 881 4829 enim
896 4765 1025 4825 institutas
1046 4763 1146 4844 nuptiae
1165 4784 1218 4823 non
1233 4780 1262 4824 ut
1274 4766 1459 4852 lasciviamus,
1478 4797 1526 4838 nec
1592 4760 1597 4768 ⁶

144 4848 210 4925 ίτιο,
232 4853 279 4912 καὶ
298 4854 398 4927 έκάσιη
416 4855 461 4915 τόν
481 4857 548 4916 ίδιον
565 4860 648 4940 ἄνδρα
662 4863 756 4943 ἐχέτω.
811 4874 842 4919 ut
855 4872 1011 4931 scortemur,
1023 4853 1070 4914 sed
1080 4867 1109 4912 ut
1120 4856 1185 4913 casti
1198 4855 1291 4917 simus.
1303 4861 1374 4921 Audi
1384 4869 1524 4926 sanePau·
1540 4923 1546 4952 Ι

144 4941 203 5003 &ad
223 4948 297 5020 ἐστι,
320 4946 354 5004 δι’
375 4946 444 5028 ἅπερ
464 4949 642 5022 εἰσενήνεκται
657 4954 757 5033 γάμος,
811 4953 869 5011 lum
890 4948 1178 5025 dicentem:Propter
1196 4950 1409 5027 fornicationes
1426 4973 1526 5020 autem
1554 4942 1559 4954 Ι

144 5038 284 5116 φρονῶμεν,
298 5036 345 5095 καὶ
357 5034 400 5096 ἵνα
413 5039 525 5121 πατέρας
543 5042 691 5123 γινώμεθα·
705 5052 758 5106 τῶν
813 5045 1012 5122 unusquisque
1024 5059 1108 5097 suam
1125 5059 1243 5098 uxorem
1270 5043 1389 5125 babeat,
1406 5063 1434 5109 et
1448 5073 1527 5114 una.

144 5148 197 5185 εεεν
213 5126 402 5206 προηγουμένη
419 5135 438 5202 'l
455 5133 504 5200 τῆς
518 5135 686 5214 σωφροσύνης
703 5137 758 5196 ἐστὶ
813 5153 936 5215 qraoequc
953 5151 1039 5191 suum
1059 5134 1159 5189 aurum
1172 5133 1288 5193 babeat.
1306 5136 1369 5198 Hac
1380 5142 1453 5204 enim
1472 5147 1528 5207 duo

144 5214 255 5289 Ἐπειδὴ
274 5217 328 5297 γὰρ
349 5221 468 5291 είσῆλθεν
493 5225 636 5302 έπιθυμίοι,
656 5229 759 5299 εἰσῆλθε
814 5238 1011 5303 sunt,quorum
1023 5243 1103 5281 carisa
1118 5222 1528 5315 nuptiasuntinstituturum.

148 5306 200 5379 τὴν
222 5309 354 5389 ἀμετρίαν
368 5312 513 5388 ἐκκόπτων,
531 5316 577 5375 καί
597 5317 695 5378 πείθων
711 5330 760 5399 μιᾷ
814 5331 853 5377 sle
866 5316 993 5377 vivamus
1009 5326 1035 5373 ct
1051 5327 1081 5371 ut
1095 5328 1182 5394 patres
1202 5314 1315 5397 fiamus,
1329 5320 1427 5386 borum
1440 5344 1530 5392 aretem

1569 4909 1614 4954 Cor
1628 4921 1640 4965 ρ
1655 4923 1677 4953 a.
