3764 5992
428 427 432 434 ·
460 418 765 469 construeremus
792 421 835 469 rr
861 418 1088 485 tuaaurauus,
1115 421 1193 470 arc.
1531 403 1602 499 487

63 542 110 608 itui
131 546 224 614 άπαις·
241 538 316 614 οὗτος
328 546 432 627 ἐγένετο
447 550 473 606 ἐν
489 547 640 625 βασιλικαῖς
660 548 765 615 αὐλαῖς,
775 545 835 625 ἐγέ-
888 566 1003 626 pauper,
1020 543 1152 625 gloriosus
1164 557 1191 604 et
1203 544 1285 622 vilis,
1294 546 1445 607 multotum
1455 547 1605 608 libeturum

62 664 123 699 νετο
150 639 177 700 δδ
195 638 241 699 καί
264 640 291 696 ἐν
313 636 426 717 κοπρίρ·
447 628 522 705 οὗτος
546 636 649 715 ἐγένετο
672 640 699 696 ἐν
722 640 835 716 λαμπρᾷ
888 649 966 715 pater
978 648 1005 694 et
1019 635 1115 711 orbus,
1126 635 1307 696 bicrersatus
1320 650 1360 697 est
1373 636 1401 697 in
1419 637 1490 698 aulis
1508 638 1607 718 reguli·

62 733 166 810 στολῇ,
187 730 232 789 καί
248 733 305 806 μετ’
324 728 425 800 ἐκείνην
441 731 468 787 ἐν
481 730 572 808 πληγῇ
585 726 746 800 σκωλήκων·
761 719 836 794 οὗτος
889 725 952 797 bus,
968 726 1102 786 sedidem
1123 727 1176 786 tuit
1193 727 1221 787 in
1242 728 1430 808 sterquilinio,
1450 729 1498 789 bie
1510 729 1606 796 suitin

61 822 158 901 μυρίας
170 822 304 882 ἀπέλαυσε
322 819 462 901 θεραπείας
472 864 480 893 ,
496 819 542 878 καί
560 819 628 898 perd
641 825 726 879 ταῦτα
740 818 836 899 μυρίας
889 817 1031 898 splendida
1041 834 1132 896 veste,
1147 817 1193 877 sed
1203 833 1263 900 post
1276 821 1352 879 illam
1365 821 1393 880 in
1403 822 1556 882 corrosione
1565 821 1607 882 ti-

60 914 202 990 ὑπέμεινεν
223 912 329 992 θὸρεις,
354 915 463 971 οἰκετῶν
490 908 725 990 ἐπανισταμένων,
752 912 836 990 φίλων
890 911 1074 987 nearum3bie
1090 910 1210 992 possedit
1234 912 1406 972 innumerum
1418 912 1607 987 famulitium,

60 1004 249 1075 ὀνειδιζόντων,
272 1005 395 1083 γυναικός
411 1003 639 1077 ίπιύσυλευούσης.
653 1003 748 1063 Πάντα
763 1006 835 1083 αὐτῷ
890 1001 937 1060 sed
950 1015 1040 1081 postea
1056 1000 1185 1059 sustinuit
1202 1000 1357 1061 innumeras
1380 1001 1576 1081 contumelias,
1591 1023 1607 1062 a

60 1095 110 1167 τήν
130 1097 216 1178 ἀρχὴν
237 1096 357 1175 καθάπερ
386 1099 417 1155 ἐκ
439 1100 532 1173 πηγῶν
548 1095 669 1175 ίπέρρει,
687 1096 835 1175 χρημάτων
890 1091 1071 1151 familiaribus
1085 1092 1113 1152 in
1125 1092 1215 1172 ipsum
1231 1093 1450 1172 insurgentibus,
1465 1095 1501 1154 ab
1512 1094 1608 1154 amieis

61 1187 217 1269 περιουσία,
233 1186 385 1253 δυναστείας
402 1187 523 1264 μέγεθος,
537 1185 612 1259 δόξης
630 1185 776 1267 περιάολή,
793 1189 834 1244 εί-
852 1191 872 1239 E
890 1182 1116 1257 conviciantibus,
1134 1183 1169 1242 ab
1183 1203 1269 1242 uxore
1286 1183 1440 1245 insidiante.
1455 1185 1555 1245 Omnia
1565 1185 1608 1246 illi

62 1279 129 1359 ρήνη
141 1279 186 1338 καί
209 1279 354 1360 ἀσφάλεια,
369 1279 446 1354 τιμαί
457 1279 503 1336 καί
517 1284 672 1358 θεραπεῖαι,
687 1275 733 1336 καί
745 1276 835 1355 σῶμα·
889 1273 965 1353 prius
975 1274 1050 1332 velut
1060 1295 1076 1332 e
1085 1275 1157 1333 fonte
1166 1276 1323 1354 affluebant,
1331 1275 1508 1355 pecuniarum
1520 1276 1607 1358 copia,

58 1393 107 1438 τος
119 1369 222 1449 ὑγίεια,
236 1371 282 1429 καί
305 1370 408 1429 παίδων
422 1369 562 1448 εύκληρία,
584 1368 630 1429 καί
650 1367 724 1428 eollo
735 1359 768 1441 ήν
780 1370 835 1428 ἐκεῖ
888 1363 1014 1442 polentiae
1029 1365 1196 1444 magnitude,
1209 1367 1303 1446 gloriae
1316 1367 1444 1440 accessio,
1460 1384 1516 1448 pax
1529 1381 1556 1428 et
1567 1387 1606 1428 se·

60 1460 195 1543 λυπηρόν·
213 1463 301 1538 παρῆν
317 1463 389 1540 αὐτῷ
403 1462 515 1525 πλοῦτος
529 1457 597 1537 μετδι
617 1458 773 1541 άσραλείας,
790 1457 835 1517 καί
889 1456 1001 1531 coritas,
1013 1455 1128 1518 honores
1139 1471 1167 1517 et
1176 1457 1345 1536 obsequium,
1357 1459 1477 1540 eorporis
1493 1458 1604 1533 sanitas,

61 1550 193 1633 εὖημερία
206 1551 390 1624 ἀδιάπτωτος,
400 1550 446 1609 καί
459 1552 531 1627 μοθια
544 1549 665 1617 εἰκότως·
679 1552 693 1607 θ
707 1550 775 1617 Θεδς
783 1549 836 1631 γάρ
888 1559 914 1604 et
927 1545 1048 1604 filiorum
1061 1549 1217 1626 opulentia,
1232 1562 1348 1608 necerat
1361 1549 1389 1609 in
1401 1549 1445 1608 bis
1457 1548 1608 1629 quidquam

59 1643 228 1721 πανταχόθεν
252 1642 330 1701 αιίτδν
360 1641 495 1721 ἐτείχιζεν.
519 1641 591 1700 Ἀλλ’
612 1641 720 1721 ὕστερον
748 1640 835 1700 πάντα
889 1637 1170 1715 molestum3aderant
1191 1639 1231 1698 illi
1250 1639 1356 1700 divitiae
1369 1662 1433 1701 cum
1445 1641 1605 1721 securimte,

61 1735 152 1790 ἐκεῖνα
166 1732 290 1805 άπίπτη,
305 1732 351 1792 καὶ
363 1733 451 1812 μυρίοι
464 1737 595 1812 χειμῶνες
605 1733 696 1792 λοιπὸν
708 1733 835 1804 ἐσκήνουν
889 1727 1053 1808 prosperitas
1066 1728 1188 1788 stabilis:
1201 1743 1281 1808 atque
1294 1730 1397 1811 optimo
1405 1731 1516 1811 qttidem
1526 1732 1605 1811 jure:

60 1825 100 1889 εἰς
111 1820 160 1893 τήν
173 1821 258 1882 elsim
266 1823 376 1895 ἐκείνω,
392 1822 437 1881 καί
448 1823 544 1888 πάντες
557 1822 702 1893 ἐπάλληλοι
714 1821 761 1882 καί
774 1846 835 1881 συν-
889 1821 962 1879 Deus
972 1820 1043 1880 enim
1055 1820 1134 1880 illum
1146 1821 1266 1901 undique
1275 1823 1432 1884 vallaverat.
1448 1823 1501 1883 Sed
1515 1837 1607 1905 postea

60 1920 145 1992 εχεῖς,
153 1914 199 1972 καί
210 1915 267 1991 μεθ’
276 1911 423 1994 θπερθολῆς
436 1914 558 1979 ἅπαντες.
570 1912 615 1972 'ld
625 1912 676 1992 γάρ
685 1913 748 1972 όντα
763 1917 834 1995 αὐτῷ
843 1952 880 1995 ω,
889 1909 937 1969 illa
946 1912 1038 1970 omnia
1045 1926 1221 1992 recesserunt,
1228 1934 1345 1994 moxque
1352 1915 1499 1974 innumere
1506 1928 1608 1996 tempe·

60 2005 167 2064 ἅπαντα
175 2005 268 2085 ἀθρόον
280 2005 460 2085 ἀνηρπάζετο·
470 2004 570 2064 οἰκέται
579 2048 587 2075 ,
596 2006 689 2071 παῖδες
699 2004 834 2086 κατεχύν·
853 2008 873 2054 Α
890 2015 970 2062 states
982 2003 1173 2083 immigrarunt
1187 2006 1215 2064 in
1225 2006 1337 2066 domum
1347 2007 1435 2078 illius,
1443 2027 1549 2084 omnes,
1563 2006 1605 2066 in·

60 2096 224 2177 νυντοβιαίῳ
239 2097 286 2156 καὶ
297 2097 376 2177 ἀώρῳ
388 2096 507 2177 θανάτῳ,
521 2096 566 2154 ἐπὶ
578 2099 626 2168 τῆς
642 2095 776 2177 τραπέζης
786 2095 833 2154 καί
888 2113 986 2171 quam,
999 2094 1052 2153 sibi
1065 2095 1186 2155 vicissim
1201 2097 1372 2157 succedentes
1384 2118 1416 2157 ae
1428 2112 1565 2179 perpetua
1578 2110 1606 2158 et

57 2191 106 2246 τοῦ
117 2189 265 2266 συμποσίω
279 2188 508 2268 κατασφαγέντες,
519 2189 549 2246 οὗ
564 2187 687 2269 μαχαίρᾳ
701 2186 747 2246 καί
757 2186 834 2267 ξίφει,
889 2182 1020 2263 ingentes.
1032 2185 1174 2264 Siquidem
1185 2187 1316 2247 uniuersa
1323 2188 1463 2249 facultates
1471 2188 1513 2247 illi
1522 2187 1605 2247 simul

59 2279 130 2339 aua
140 2280 271 2357 πνεύματι
284 2285 392 2360 πονηρῷ
406 2279 454 2351 τήν
466 2278 551 2339 οἰκίαν
564 2279 763 2339 κατασιίσαντι.
780 2280 835 2339 Καί
889 2289 986 2356 erepte
997 2289 1061 2335 sunt
1077 2278 1193 2337 :famuli
1215 2278 1351 2358 liberique
1364 2293 1524 2359 praematura
1539 2280 1603 2341 rio-

58 2371 124 2451 γυνή
150 2372 219 2449 μετδ
239 2376 325 2430 ταῦτα
350 2371 449 2438 ὥπλιζε
463 2370 497 2430 τδ
511 2374 608 2441 ἑαυτῆς
633 2372 832 2452 μηχανήματα,
888 2365 1111 2445 lentaquemorte
1122 2369 1241 2449 oppressi
1251 2384 1324 2445 sunt,
1337 2370 1372 2429 ad
1381 2391 1501 2430 mensam
1512 2369 1606 2452 etipso

59 2464 107 2523 καί
120 2467 159 2544 τῷ
174 2463 268 2544 δικαίῳ
293 2469 424 2545 προσῆγε·
445 2463 490 2522 καί
514 2463 629 2537 οἰκέται,
644 2464 690 2522 καί
703 2464 788 2544 ρίλοι,
807 2469 832 2525 οἱ
888 2457 916 2515 in
930 2457 1056 2517 oonririo
1066 2460 1188 2537 mactati,
1202 2482 1254 2519 non
1267 2461 1378 2539 quidem
1392 2461 1480 2521 securi
1489 2474 1537 2520 aut
1546 2461 1605 2541 gla-

59 2555 109 2631 μέν
122 2555 243 2615 ἐνέπτυον
257 2558 293 2621 είς
304 2557 334 2614 τὸ
344 2556 497 2634 πρόσωπον,
511 2553 549 2620 ὥς·
563 2577 643 2634 φησιν
657 2555 751 2623 αὐτός·
768 2556 833 2616 Ἀπὸ
887 2547 1007 2624 dio,sed
1020 2551 1120 2609 amalo
1133 2551 1248 2631 spiritu,
1263 2552 1310 2629 qui
1332 2552 1446 2611 domum
1459 2553 1604 2613 concussit.

56 2645 110 2727 γὰρ
119 2645 263 2728 προσώπου
278 2670 329 2724 μου
341 2647 389 2706 οὐχ
400 2646 539 2725 ἐφείσαντο
551 2646 681 2706 mtto,-
696 2651 721 2706 01
734 2647 762 2708 δὲ
771 2648 832 2709 334.
888 2642 961 2699 Tum
976 2661 1046 2699 uxor
1057 2640 1086 2701 in
1099 2641 1180 2701 illum
1194 2643 1361 2715 armabatur,
1376 2664 1490 2722 suasque
1502 2643 1605 2702 machi·

56 2738 278 2812 ὁαινον,καίτῖῑς
292 2737 375 2802 οἰκίας
389 2736 544 2805 έξεύάλλετο
557 2736 831 2810 πάσης,καίένδιαί-
887 2753 935 2791 11³⁵
948 2732 1177 2814 admovitjus105
1192 2735 1289 2793 famuli
1303 2755 1386 2814 porro
1401 2748 1427 2793 et
1445 2734 1527 2793 amici
1541 2756 1605 2815 par-
1706 2791 1709 2797 ,

56 2854 135 2908 τημα
149 2832 221 2910 αὐτῷ
231 2820 264 2900 ήν
279 2829 405 2907 ήκσπρία
416 2829 518 2897 λοιπὸν,
530 2829 575 2887 καί
584 2828 669 2907 πηγαί
683 2830 829 2913 σκωλήκων
886 2823 937 2880 tim
952 2839 1118 2904 exspuerunt
1133 2826 1161 2884 io
1176 2825 1271 2885 faciem
1285 2826 1362 2906 ejus,
1373 2825 1604 2905 quemodmodum

56 2921 163 3003 έύρυον,
179 2922 309 2980 πάντοθεν
323 2920 368 2979 καί
388 2920 483 2998 αίματι
500 2919 546 2978 καί
561 2923 639 3000 ἰχῶρι
652 2925 830 3003 κατεῤῥιῑτοδ
885 2914 923 2972 flii
932 2915 1008 2996 59⁸0,
1019 2918 1088 2976 Non
1099 2920 1409 2999 peperssffuulsacissm
1423 2907 1519 2977 meam
1532 2938 1603 2978 ⁶⁰1¹·
1612 2939 1754 2988 lauduno.

57 3014 179 3092 ἀδάμας,
193 3013 239 3071 καί
258 3012 348 3071 λαύὼν
359 3011 486 3092 ὄστρακον
498 3010 551 3080 ἔζεε
566 3010 627 3078 τοὺς
651 3015 764 3094 ἰχῶρας,
783 3013 828 3085 δή·
847 3024 865 3070 Β
885 3029 1003 3086 spuere:
1014 3010 1115 3090 partim
1138 3009 1274 3070 irruerunt
1287 3011 1315 3072 iu
1332 3034 1412 3080 eum,
1426 3024 1453 3071 et
1476 3031 1511 3071 ex
1522 3009 1604 3071 domo

58 3129 118 3183 μιος
131 3107 209 3172 αὐτὸς
228 3107 313 3182 ἑαυτῷ
324 3103 473 3181 γινόμενος·
487 3103 533 3162 καί
557 3103 645 3163 ὀδύναι
664 3104 828 3178 ἐπάλληλοι,
884 3102 983 3181 ejectus
1006 3115 1065 3178 est,
1093 3123 1125 3162 ae
1139 3099 1266 3182 deinceps
1283 3102 1310 3161 in
1338 3101 1506 3182 sterquilinio
1517 3101 1604 3161 vitam

55 3197 103 3257 καί
116 3199 226 3276 βάσανοι
240 3195 438 3277 άκαρτέρητοι,
461 3197 507 3255 καὶ
521 3195 566 3264 νύξ
580 3196 683 3276 ἡμέρας
702 3201 829 3277 χαλεπω-
884 3195 940 3274 egit
948 3217 957 3269 ς
968 3215 999 3253 ae
1009 3194 1146 3253 vermium
1156 3195 1242 3254 sontes
1257 3197 1404 3269 scatebant,
1416 3195 1605 3275 undiquesan·

56 3288 139 3368 τέρα,
153 3289 200 3348 καί
220 3289 309 3365 ἡμέρα
333 3287 426 3354 νυκτὸς
450 3288 663 3370 ρρικωδεστίρα,
677 3288 713 3356 ὥς
732 3309 828 3369 φησιν·
885 3285 966 3365 guine
975 3298 1001 3343 et
1013 3287 1088 3344 sanie
1102 3285 1245 3346 diffluebat
1258 3286 1304 3345 ille
1321 3287 1454 3366 pretiosus
1475 3287 1585 3347 adamas
1591 3309 1600 3364 ς

55 3378 105 3446 Ὡς
120 3380 151 3438 δν
167 3384 305 3457 κοιμηθῶ,
324 3378 409 3457 λέγω,
425 3380 489 3439 πάτε
506 3380 610 3458 ήμέρα;
626 3385 662 3447 ὡς
673 3382 696 3438 δ’
712 3380 744 3438 διν
758 3384 827 3438 άνα-
884 3391 910 3434 et
920 3390 1028 3456 accepta
1040 3390 1108 3435 testa
1120 3377 1290 3455 abstergebat
1300 3378 1413 3453 saniem,
1427 3379 1486 3459 ipse
1500 3378 1552 3437 sibi
1563 3380 1604 3437 sa·

56 3473 130 3539 στῶ,
150 3468 220 3548 λέγω
233 3470 333 3540 πάλιν,
347 3469 412 3526 πότε
434 3467 550 3548 ἑσπέρα,
566 3468 670 3547 πλήρης
684 3466 711 3526 δέ
722 3468 829 3546 γίνομαι
884 3481 944 3526 ctus
956 3469 1078 3527 carnifex
1091 3492 1098 3524 ε
1111 3468 1190 3528 dolor
1200 3468 1322 3528 dolorem
1329 3469 1494 3549 excipiebat,
1506 3484 1532 3529 et
1541 3491 1603 3529 eru-

56 3562 156 3618 όδυνῶν
170 3561 222 3618 άπὸ
236 3557 349 3639 ἑσπέρας
359 3558 439 3639 μέχρι
450 3557 530 3637 πρωί.
542 3560 595 3618 Καὶ
605 3560 694 3619 πάντα
704 3562 829 3642 κρημνοὶ,
885 3559 972 3618 ciatus
981 3559 1175 3631 intolerabiles,
1188 3574 1214 3618 et
1222 3579 1277 3618 uox
1290 3560 1336 3619 die
1347 3559 1494 3636 molestior,
1507 3575 1533 3620 et
1544 3560 1618 3622 dics¹

55 3647 103 3709 καί
130 3651 271 3723 σκόπελοι,
299 3649 372 3708 καίδ
391 3651 439 3726 plu
452 3653 617 3730 παρακαλῶν
638 3651 777 3723 οὗδείς,οί
801 3651 829 3710 δὲ
885 3665 962 3710 nocte
976 3649 1137 3725 terribilior,
1154 3651 1223 3709 sicut
1235 3650 1292 3731 ipse
1304 3650 1392 3711 dicit:
1409 3653 1484 3711 Cum
1497 3655 1602 3713 obdor-
1611 3664 1665 3711 rob.
1676 3667 1738 3725 Μ.

56 3741 261 3818 έπεμύαίνοντες
273 3742 377 3820 μυρίοι·
388 3743 447 3799 ἀλλ’
462 3743 533 3823 ὅμως
546 3744 573 3799 ἐν
587 3745 701 3822 χειμῶνι
714 3741 829 3822 τοσούτῳ
885 3746 989 3813 miero,
1006 3742 1088 3816 dice,
1106 3743 1233 3819 Quando
1254 3747 1308 3802 erit
1323 3747 1407 3805 dies?
1420 3765 1487 3804 cum
1502 3765 1601 3827 surgo,

56 3829 103 3892 καλ
120 3832 234 3911 κύμασιν
255 3835 335 3900 όντως
356 3834 495 3912 άρορήτοις
518 3835 581 3904 ἔστη
594 3835 658 3913 πρὸς
671 3834 760 3894 πάντα
773 3859 829 3914 γεν·
885 3854 1003 3893 rursum
1023 3833 1104 3908 dicu,
1117 3835 1244 3912 Quando
1266 3839 1321 3894 erit
1337 3856 1462 3917 τιθέμενα
1473 3842 1487 3894 i'
1497 3839 1604 3916 plenus

56 3924 184 3991 ναῑοςκαί
204 3923 410 4004 ἀπερίτρεπτος·
434 3925 465 3983 τὸ
489 3924 517 3984 δέ
538 3925 622 3983 αίτιον
640 3927 739 3984 τούτων
753 3935 830 3987 τοῦτο
886 3926 1066 3983 dolorosum
1080 3945 1100 3982 a
1120 3945 1244 4004 vespera
1264 3948 1356 4008 usque
1369 3930 1412 3987 ad
1430 3928 1604 3989 diluculum.

57 4009 103 4089 ἦν,
119 4014 184 4094 ὅπερ
196 4015 271 4096 ἔρην,
285 4016 327 4076 ότι
338 4015 401 4074 ὅταν
412 4015 550 4088 ἐπλούτει,
564 4016 711 4098 προσεδόκα
724 4018 831 4077 πενίαν·
848 4018 867 4067 C
886 4016 985 4075 Omnia
996 4016 1162 4096 praecipitia,
1177 4020 1267 4076 omnia
1278 4020 1402 4100 scopuli,
1416 4042 1465 4081 nec
1479 4035 1519 4082 est
1531 4022 1605 4082 ullus

54 4108 100 4168 ότε
117 4108 232 4186 θγίαινε,
258 4107 331 4167 νόσον
346 4107 486 4185 ἀνέμενεν·
509 4107 552 4166 ὅτε
575 4108 676 4166 παίδων
700 4110 829 4169 τοσούτων
886 4108 933 4186 qui
947 4107 1107 4181 consoletur,
1121 4108 1168 4187 qui
1179 4107 1309 4168 insultent
1320 4110 1455 4171 innumeri
1468 4137 1475 4169 ε
1486 4127 1605 4174 attamen

56 4200 149 4280 πατήρ
172 4199 292 4278 ἐγένετο,
307 4202 352 4259 καί
377 4201 458 4268 άπαις
472 4200 564 4279 ἀθρόον
578 4200 687 4271 ἤλπιζεν
711 4202 828 4262 ἔσεσθαι.
885 4200 913 4259 in
927 4212 1000 4258 tanta
1013 4212 1182 4280 tempestate,
1192 4201 1326 4280 tantisque
1342 4204 1469 4263 [luctibus
1482 4204 1549 4264 adeo
1561 4205 1605 4264 in·

58 4292 113 4351 Καί
126 4299 218 4351 τοῦτον
232 4291 277 4350 τὸν
294 4291 375 4371 ρόόον
392 4292 433 4351 ἀεὶ
446 4296 510 4372 παρ’
526 4297 612 4373 ἐαυτῷ
629 4293 773 4367 άνείλιττε,
785 4296 830 4353 καί
885 4291 1055 4368 tolerandis,
1082 4291 1202 4350 constitit
1222 4292 1354 4353 adversus
1372 4295 1462 4354 omnia
1478 4317 1606 4375 generoso

56 4383 157 4455 ταύτην
181 4383 229 4456 τήν
245 4383 360 4463 ἀγωνίαν
383 4384 424 4442 ἀεί
452 4383 559 4462 ἔτρερε,
583 4388 635 4442 τῶν
660 4384 830 4466 ἀνθρωπίνων
885 4383 975 4444 animo
995 4397 1021 4442 et
1035 4384 1226 4460 inconcussus,
1243 4386 1270 4443 in
1285 4407 1365 4445 eausa
1376 4387 1429 4445 fuit
1439 4387 1469 4448 id
1479 4389 1552 4466 quod
1562 4388 1606 4449 di-

55 4477 222 4557 πραγμάτων
237 4476 311 4544 εἰδὼς
325 4476 373 4548 τήν
388 4476 474 4556 φύσιν,
484 4477 530 4535 καί
548 4477 579 4535 τὸ
595 4476 732 4555 ἐπίκαιρον
745 4480 831 4536 αὐτῶν
885 4478 979 4535 cebam
990 4500 997 4532 ε
1009 4476 1138 4535 nimirum
1146 4477 1209 4554 quia
1220 4498 1281 4535 cum
1290 4477 1369 4536 dives
1379 4492 1458 4558 esset,
1468 4495 1606 4561 exspecta-

55 4567 233 4649 λογιζάμενος.
245 4569 294 4629 Διδ
303 4568 349 4628 καί
360 4569 433 4648 ἔλεγε
444 4593 451 4606 ·
465 4569 554 4635 osso<
569 4570 597 4629 δν
609 4569 758 4648 ἐροὸούμην
767 4561 831 4642 ἦλθέ
885 4569 1162 4648 bategestatemmum
1171 4570 1606 4653 sanusesset,exspectabataegro-

59 4684 107 4740 μοι
117 4707 125 4735 ,
135 4661 181 4719 καί
194 4661 221 4719 δν
239 4660 379 4720 ἐδεδοίκειν
399 4661 517 4719 κίνδυνον
532 4660 692 4732 συνήντησέν
713 4686 767 4737 μοι.
780 4661 832 4722 Ἀεὶ
886 4661 1014 4720 tationem
1025 4684 1032 4717 t
1045 4682 1107 4721 etun
1117 4673 1156 4718 tot
1166 4659 1314 4719 liberorum
1324 4676 1392 4721 csset
1404 4677 1480 4742 pater
1486 4664 1606 4725 subitam

57 4752 110 4833 γδρ
132 4759 186 4819 τοῖς
212 4755 350 4831 λογισμοῖς
369 4754 433 4831 πρὸς
455 4753 533 4811 αὐτὸν
552 4751 669 4821 ἐάοίδιζεν
694 4753 830 4831 ἀναμένων
885 4754 1037 4813 orbitatem.
1051 4758 1138 4830 Atque
1147 4752 1220 4811 hunc
1234 4753 1360 4812 timorem
1374 4776 1479 4835 semper
1489 4756 1563 4836 apud
1578 4779 1606 4818 se

58 4844 148 4919 αὐτὸν,
164 4843 291 4913 ἐλπίζων,
306 4844 351 4902 καί
373 4846 541 4923 προσδοκῶν·
562 4845 605 4904 διδ
619 4851 696 4904 τοῦτο
709 4869 831 4926 παραγε-
885 4847 1015 4926 suscepit,
1030 4859 1055 4903 et
1070 4844 1140 4902 banc
1160 4844 1325 4903 anxietatem
1350 4868 1456 4926 semper
1479 4848 1553 4928 apud
1577 4871 1606 4909 se

56 4935 166 5011 νόμενος
189 4937 237 4994 οὐκ
261 4935 400 5016 ἐτάραξεν·
426 4936 496 4995 Ούτε
519 4936 676 5015 εἷρήνευσα,
691 4937 751 4997 ούτε
767 4940 831 5010 ήσύ-
884 4938 970 5014 aluit,
987 4935 1139 5013 intelligens
1160 4956 1252 4993 rerum
1266 4935 1448 4996 humanarum
1462 4952 1605 5016 naturam,

56 5049 144 5106 χασα,
158 5025 218 5084 οὔτε
239 5027 440 5105 ἀνεπαυσάμην,
455 5018 518 5098 ήλθε
542 5027 571 5086 δέ
594 5051 640 5104 μοι
666 5030 741 5110 ὀργή.
771 5034 830 5093 Οὐκ
847 5044 867 5089 n
884 5042 1150 5105 momentaneamque
1160 5026 1360 5087 volubilitatem
1368 5031 1605 5109 negotiommoon.

58 5107 142 5188 εἶπεν,
154 5121 202 5176 οὐκ
216 5117 357 5196 είρηνεύω,
373 5117 432 5176 οὐδὲ
446 5117 584 5198 ήσυχάζω,
596 5122 667 5193 ἀλλ’,
682 5124 741 5182 Οὐκ
753 5124 829 5205 είρή-
884 5119 1015 5180 siderans.
1027 5119 1121 5198 quue
1134 5117 1207 5177 dixit
1220 5140 1227 5174 ι
1246 5121 1346 5178 Timor
1355 5140 1441 5200 quem
1452 5127 1602 5198 timebam,
1612 5109 1666 5202 roi.
1678 5154 1702 5203 3¹
1714 5155 1754 5205 ,5,

58 5231 154 5283 νευσα,
168 5210 195 5266 έν
208 5211 246 5286 τῷ
258 5208 415 5289 παρελθόντι
437 5208 534 5290 χρόνῳ.
548 5211 581 5269 Et
594 5209 646 5290 γδιρ
657 5212 703 5270 καί
713 5211 747 5271 ed
760 5216 830 5293 πρά·
884 5216 980 5275 evenit
995 5213 1068 5270 mibi
1082 5237 1089 5269 .·
1109 5223 1137 5270 et
1153 5211 1318 5291 periculum
1332 5214 1413 5292 quod
1423 5218 1601 5289 metuebam,
