3764 5992
753 520 933 573 nersronr..
1291 560 1295 565 .
1544 503 1617 603 649

71 644 117 703 καλ
131 645 278 727 φαρμάκων
288 646 407 723 δύναμιν,
420 645 466 705 καί
480 646 568 705 πάντα
583 647 737 723 ἐπιμελείας
746 648 849 727 ἐλέγξαι
900 648 1032 710 exstincte
1050 662 1133 709 esset:
1146 662 1251 710 tantum
1269 649 1341 710 enim
1359 650 1386 712 in
1407 671 1437 713 ca
1458 651 1617 715 morborum

71 735 184 814 τρόπον,
202 737 247 797 καὶ
260 734 391 810 διηνεκέσι
402 735 603 815 σοζῇνέδύναις.
899 760 1012 802 examen
1036 741 1181 819 excitasti,
1203 754 1270 802 utet
1289 740 1459 804 medicorum
1477 756 1618 822 urtem,et

900 832 1156 894 medicamentorum
1172 833 1230 895 virn
1248 855 1280 894 ac
1301 834 1477 913 facultatem,
1495 850 1523 899 et
1538 858 1618 907 omne

898 924 1045 985 curationis
1057 946 1141 1005 genuus
1151 926 1254 1001 vincat,
1269 939 1350 1006 atque
1366 927 1463 1010 ipsein
1478 928 1616 1011 perpetuis

898 1015 1040 1078 doloribus
1052 1017 1173 1078 verseris.

109 1104 171 1179 Τὴν
186 1105 214 1165 δέ
231 1107 355 1181 ’ἐπίτῆς
375 1106 510 1189 τραπέζης
530 1131 629 1189 καρτερ
615 1106 714 1188 ρίαντι
736 1110 783 1169 καὶ
803 1113 845 1190 ἐγ,
939 1108 967 1167 5.
988 1110 1051 1172 Jam
1069 1109 1166 1169 verosi
1181 1109 1616 1189 quistuaminmeusaetinno-

67 1197 208 1280 κράτειαν,
220 1197 266 1260 καί
281 1197 329 1271 τὴν
342 1202 369 1259 ἐν
382 1206 456 1267 ταῖς
449 1200 561 1270 νοξλν
536 1223 558 1260 ει
569 1223 609 1268 τις
622 1198 761 1279 βωληθιέη
776 1200 846 1271 διεξ-
898 1199 1000 1260 cturnis
1010 1200 1114 1281 vigiliis
1125 1200 1295 1262 tolerantiam
1306 1216 1332 1262 et
1349 1202 1521 1285 asperitatem
1533 1224 1617 1287 expo-

69 1293 166 1363 ελθεῖν,
180 1290 511 1373 πόσοινδεησεταιλάγιιν,
503 1291 669 1354 nimiost
683 1293 742 1355 esst
757 1293 847 1363 ιίασας
899 1292 1109 1372 uerevelrtqua
1120 1294 1617 1374 rutaturoranone⁹Quemq1mmcon·
1656 1303 1772 1366 Olympi·-

72 1380 157 1454 αυτὴν
160 1381 327 1495 ἐγκράτειαν
342 1386 480 1445 καλεῖσθαι
500 1383 607 1460 λοιπθν,
628 1383 688 1445 etot
705 1384 847 1467 καρτερίαν
898 1382 1073 1444 tinentiaeeut
1092 1384 1239 1445 tolerantie
1256 1385 1416 1445 vocabulo
1408 1407 1435 1445 ιιι
1448 1387 1544 1468 tejam
1562 1368 1722 1476 nonff:Vl
1699 1367 1778 1430 '³¹¹1‘

68 1474 116 1532 ἐπὶ
130 1479 193 1547 σοι’,
211 1476 270 1534 ἀλλ’
285 1475 374 1555 ἕτερον
392 1477 476 1556 ὄνομα
498 1475 609 1544 ταύταις
632 1482 696 1555 ἡμῖν
720 1476 846 1551 ζητητέον
899 1440 1669 1557 estquodquispiamuutmevemmatiudhisvirtuu-‘m

69 1575 129 1632 ταῖς
143 1569 248 1645 ἀρεταῖς
267 1568 358 1648 πολλῷ
374 1570 471 1645 μεῖζον.
500 1567 554 1627 Καί
573 1565 626 1650 γὰρ
645 1567 848 1649 ἐγκρατεύεοθσι
899 1565 1055 1628 busnomeu
1069 1567 1157 1628 multo
1172 1569 1343 1649 prestantius
1353 1567 1615 1649 exquirendumest

69 1656 171 1716 ἐκεινον
183 1681 269 1739 φαμεν
282 1681 328 1717 και
337 1680 548 1739 καρτερειν,τον
558 1658 613 1719 nrt
623 1682 693 1727 τινος
709 1657 849 1738 ἐπιθυμίας
899 1658 1041 1737 Siquidem
1054 1681 1116 1719 eum
1146 1659 1308 1720 continentie
1322 1659 1616 1743 ectolerentinprmdi·

70 1748 270 1829 ἐνοχλούμενον,
285 1749 330 1809 καὶ
341 1756 488 1831 κρατοῦντα
501 1749 609 1824 ταύτης.
624 1748 663 1811 Σθ
677 1750 706 1810 δὲ
720 1752 769 1810 οὐκ
779 1750 882 1832 έχοιςιι
899 1763 958 1809 tum
967 1751 1151 1811 essedicimus
1157 1797 1168 1825 ,
1177 1750 1225 1830 qui
1234 1751 1616 1833 cupiditateuliqunvexatur,

69 1837 131 1897 ὅτου
142 1839 298 1918 κρατήσεις·
308 1843 394 1922 πολλῇ
404 1840 458 1922 γάρ
475 1845 509 1922 τῇ
527 1842 598 1923 ῥύμῃ
612 1841 686 1922 παρὰ
701 1841 749 1915 τὴν
761 1841 847 1924 ἀρχὴν
899 1842 1111 1924 mmqnevineit.
1122 1845 1279 1918 Tusutem,
1295 1841 1364 1922 quid
1373 1842 1487 1922 vinens,
1496 1845 1618 1925 jamnon

69 1954 208 1990 πνευσασα
220 1956 270 1991 κα
261 1931 350 2005 ιθτης
363 1932 475 2013 σαρκθς,
489 1933 600 2003 ἐσθεσας
620 1936 701 2005 αθτῆς
715 1933 763 2002 τὰς
785 1936 848 1994 ἐπι·
897 1933 1006 1995 hebes.
999 1948 1099 1995 ·tanto
1129 1935 1203 1994 enim
1226 1934 1329 2038 impetu
1351 1933 1483 1995 adversus
1509 1955 1619 1996 carnem

68 2022 165 2099 θυμιας
177 2046 289 2094 ταυτας
302 2047 332 2084 ου
319 2023 519 2104 ,γαλινοισασα
531 2024 576 2084 τὸν
589 2022 680 2100 ἵππον,
693 2024 764 2085 ἀλλὰ
777 2048 846 2104 αυμ-
895 2027 954 2106 jam
967 2026 1031 2088 inde
1042 2027 1099 2087 ab
1091 2026 1170 2087 unitio
1183 2026 1329 2132 irrupisti,
1341 2040 1371 2086 ιιι
1380 2046 1468 2107 ipsius
1479 2025 1617 2109 cupidita

67 2112 216 2186 medionon,
232 2138 278 2174 και
268 2114 430 2226 χαμαὶι
405 2106 519 2196 ῥίψασα,
533 2115 579 2175 καί
599 2071 735 2189 residuos
760 2115 847 2195 μένειν
899 2131 938 2177 tes
951 2118 1132 2180 exstinxeris.
1146 2118 1282 2179 nonenim
1307 2139 1407 2198 οιγιιιιιιι
1420 2119 1552 2196 ἐιειιασιί,
1571 2118 1617 2179 sed

69 2204 209 2278 ἀκίνητον.
233 2206 287 2267 Καὶ
309 2207 368 2267 τότε
388 2207 436 2286 μὲν
459 2208 614 2291 ἐγκράτειαν
640 2208 848 2289 κατορθώσασα,
900 2208 979 2311 plane
997 2209 1204 2285 constrinxisti,
1225 2223 1305 2288 atque
1327 2209 1407 2269 humi
1421 2164 1616 2292 prostravisti,

66 2304 114 2358 νῦν
128 2296 157 2357 δὲ
173 2299 304 2359 ἀπάθειαν
324 2299 426 2360 λοιπόν.
453 2302 495 2360 Οὐ
517 2300 570 2382 γὰρ
595 2302 724 2382 insopiti
748 2305 849 2382 τρυφῆς
900 2300 1096 2380 immotumque
1108 2254 1263 2361 reddidisti.
1283 2307 1391 2360 Actum
1401 2300 1513 2379 quidem
1526 2321 1618 2361 omues

66 2388 213 2467 ἐπιθυμία,
234 2390 280 2451 καλ
303 2390 386 2451 πύνον
406 2391 476 2473 ἔχεις
499 2391 569 2453 ὥστε
594 2395 677 2465 αὐτῆς
699 2396 847 2472 κρατῆσαι·
900 2390 1068 2450 continentie
1079 2410 1203 2450 numeros
1213 2389 1372 2472 explevisti:
1390 2410 1464 2454 nune
1479 2404 1571 2450 autem
1584 2390 1615 2449 id

68 2482 140 2542 ἀλλὰ
158 2482 281 2551 καθάπαξ
302 2483 384 2557 αὐτὴν
405 2485 572 2565 ἐρανίσασα,
597 2485 644 2545 καὶ
668 2484 766 2545 άύατον
781 2487 848 2564 αὐτῇ
896 2483 957 2562 jam
965 2496 1176 2562 consequutnes,
1189 2482 1299 2542 utumni
1309 2480 1509 2564 perturbatione
1517 2502 1616 2541 careas.

65 2573 119 2646 τὴν
135 2575 224 2654 σάρκα
244 2576 396 2649 ποιήσασα,
419 2582 542 2638 τοσοῦτον
556 2577 698 2636 ἀπολαύειν
711 2574 784 2636 σίτου
802 2576 849 2635 καί
898 2574 993 2653 Neque
1011 2574 1084 2633 enim
1106 2574 1245 2654 negotium
1257 2572 1313 2633 ulei
1329 2571 1435 2633 secessit
1452 2572 1614 2633 deliciarum

66 2673 151 2726 ποτοῦ
172 2665 220 2738 τὴν
246 2664 363 2747 γαστέρα
386 2667 561 2742 ἐπαίδευσας,
575 2667 634 2728 ὅσον
649 2668 687 2746 μὴ
709 2670 848 2726 ἀποθανεῖν
898 2669 1047 2750 cupiditas,
1060 2690 1146 2750 neque
1163 2685 1194 2731 ιιι
1206 2691 1266 2730 eam
1280 2690 1408 2751 superes,
1422 2669 1617 2730 leborasrve-

65 2757 114 2816 καὶ
135 2757 209 2831 δίκην
225 2760 324 2819 δοῦναι.
349 2760 401 2819 Διά
418 2785 458 2820 τοι
480 2768 558 2822 τοῦτο
580 2763 610 2822 οὐ
632 2759 772 2834 νηστείαν,
787 2756 880 2818 sete
897 2762 1131 2823 rumeasemelde
1141 2763 1231 2824 medio
1241 2762 1348 2822 sublata
1356 2806 1367 2841 ,
1378 2762 1507 2842 omnique
1517 2761 1569 2845 ipsi
1580 2763 1619 2824 ad

58 2848 217 2930 ἐγκράτειαν
227 2856 305 2910 τοῦτο
320 2855 410 2926 καλῶ,
424 2853 485 2913 ἀλλ’
497 2852 586 2933 ἕτερόν
601 2876 628 2912 τι
639 2851 733 2913 τούτου
743 2853 843 2930 μεῖζον.
897 2875 1004 2914 carnem
1024 2869 1099 2915 tuam
1109 2853 1187 2915 aditu
1203 2855 1353 2937 praecluso,
1377 2867 1499 2915 ventrem
1511 2848 1618 2915 tautum

59 2945 149 3002 Τοῦτο
164 2942 209 3002 καί
229 2943 274 3001 ἐπί
295 2947 343 3014 τῆς
358 2945 504 3025 ἀγρυπνίας
527 2969 574 3006 σου
600 2950 648 3018 τῆς
672 2946 744 3026 lep&
771 2946 842 3003 ἐστιν
896 2946 1082 3030 eibiacpouis
1098 2968 1196 3030 cepere
1212 2947 1349 3023 docuisti,
1370 2960 1619 3026 quantumnecerse

59 3036 139 3093 ἰδεῖν·
166 3033 211 3093 καλ
235 3033 288 3116 γάρ
312 3040 330 3108 ἡ
353 3043 400 3096 τοῦ
426 3036 560 3098 καθεύδειν
584 3035 727 3115 ἐπιθυμία,
741 3034 843 3106 ἐκείνης
896 3053 992 3116 est,ne
1014 3040 1142 3116 intereos,
1163 3061 1196 3100 ec
1212 3060 1319 3121 poenam
1338 3039 1408 3101 luas.
1432 3039 1478 3099 Ob
1505 3058 1620 3121 enmtlno

55 3124 229 3197 corrosione,
243 3126 476 3205 σιγκατεσύάσθη·
492 3127 574 3210 τροφὴ
595 3128 647 3210 γὰρ
662 3127 746 3189 osvo.
758 3124 842 3188 σιτία.
896 3130 1209 3212 causamnonjejunium
1218 3129 1618 3209 ,noncontineutiemidvooo,

53 3217 207 3298 Καίέτέρῳ
221 3216 249 3278 δέ
269 3218 350 3292 αὐτὴν
365 3220 512 3289 κατέλυσας
525 3220 633 3305 τρύπιρ,
648 3220 674 3291 ἐξ
688 3225 774 3301 ἀρχῆς
789 3216 837 3297 μέν
896 3217 1036 3278 εοάιΙιιιιΙ
1047 3217 1178 3298 quiddam
1190 3219 1242 3279 hoc
1255 3217 1409 3278 sublimius.
1425 3215 1618 3297 litquelrocin
1650 3230 1653 3237 '

53 3308 103 3367 καὶ
127 3309 210 3425 αὐτ-λγ
242 3310 394 3389 βιασαμένη
419 3311 468 3386 τὴν
493 3311 586 3393 φύσιν,
611 3313 657 3373 καί
681 3310 842 3390 ὁλοκλήρως
899 3313 982 3372 sacris
996 3331 1103 3391 quoque
1114 3310 1172 3370 tuis
1183 3309 1288 3390 vigiliis
1297 3309 1448 3391 perspicere
1459 3308 1619 3369 licetrnam

55 3401 153 3467 νυκτας
178 3399 291 3470 ἀύπνους
311 3403 454 3485 διάγουσα·
482 3402 590 3486 ὕστερον
616 3404 644 3466 δέ
671 3409 705 3485 τῇ
730 3408 842 3481 συνεχεῖ
897 3403 1051 3465 dormiendi
1061 3401 1197 3483 cupiditas
1210 3423 1264 3460 uaa
1281 3421 1343 3460 curn
1355 3420 1502 3480 superlore
1504 3400 1553 3459 nlla
1564 3421 1618 3460 ex

56 3492 183 3572 συνηθεια
194 3493 239 3552 καί
259 3494 347 3561 εἰς’
314 3519 391 3575 ρυσιν
406 3499 546 3576 αγαγουσα
558 3497 589 3556 τὸ
601 3506 722 3577 πρᾶγμα
735 3493 843 3571 Ὥσπερ
895 3495 992 3555 stincta
1013 3507 1068 3554 est:
1089 3492 1150 3553 cibo
1168 3491 1270 3572 quippe
1287 3510 1398 3550 somnus
1418 3490 1513 3550 alitor
1539 3491 1616 3565 Quin

55 3583 112 3666 γάρ
131 3609 186 3652 τοις
202 3585 294 3653 ἄλλοις
318 3588 388 3647 κατὰ
412 3587 489 3669 φύσιν
503 3587 533 3647 τὸ
549 3588 699 3662 καθεύθειν,
713 3586 782 3648 οὕτω
798 3585 840 3645 σοὶ
893 3589 963 3648 lianc
984 3606 1092 3666 quoque
1109 3584 1163 3643 alin
1184 3583 1286 3642 ratione
1300 3582 1477 3664 oppressisti,
1466 3574 1557 3641 dum
1577 3582 1615 3641 alr

58 3675 227 3757 τθέγρηγορ
229 3676 294 3737 έναι.
313 3678 520 3756 Θαυμαστὰ
488 3705 535 3759 μ.ν
556 3670 600 3740 odo
616 3703 701 3739 ταυτα
723 3676 769 3737 καλ
789 3681 838 3738 ἐκ·
892 3680 971 3739 ιιιιιιο
981 3690 1171 3738 natureetum
1182 3674 1392 3736 vimrntuhstr
1367 3688 1555 3754 integrasque
1564 3694 1613 3734 no

56 3767 180 3840 πλήξεως
197 3769 329 3848 γέμοντα,
344 3769 389 3829 καί
406 3773 467 3830 καθ’
481 3773 573 3833 ἑαυτά.
588 3773 665 3832 Ets'
653 3797 715 3842 ετις
733 3773 817 3834 καί
792 3795 837 3833 τον
854 3793 874 3841 ι)
893 3785 947 3831 ctes
958 3789 1091 3829 insomnes
1104 3766 1223 3842 duxisti,
1240 3786 1272 3825 nc
1285 3764 1403 3844 denique
1416 3765 1543 3826 assidua
1540 3785 1611 3825 oon-

57 3858 151 3937 καιρθν
162 3859 322 3934 ἐξετάσεων,
337 3862 378 3920 ὅτι
392 3863 510 3944 ἐνάώρερ
523 3863 618 3946 ἡλικίογ
631 3888 714 3925 ταυτα
729 3889 838 3945 netup-
892 3860 1076 3923 suetudinem
1089 3872 1213 3918 naturam
1233 3857 1286 3916 hoe
1302 3856 1468 3919 convertisti.
1483 3858 1523 3918 Ut
1533 3856 1611 3917 enim

58 3954 148 4020 θοῦιο,
163 3950 209 4010 καί
219 3950 267 4024 τὴν
282 3953 396 4034 ἐρημίαν
411 3958 463 4015 τῶν
476 3954 642 4028 διδαξόντων,
659 3955 706 4016 καί
724 3956 756 4016 τὸ
769 3958 838 4028 τλῆ·
892 3952 954 4014 eliis
966 3951 1086 4013 dormire
1099 3949 1221 4010 naturale
1236 3962 1284 4025 est,
1299 3947 1392 4008 eodem
1401 3948 1484 4009 modo
1498 3948 1549 4009 tibi
1563 3949 1609 4009 vi·

59 4047 104 4109 θος
117 4044 171 4100 τῶν
184 4044 423 4122 σκανδαλιζύντυιν,
439 4046 486 4106 καὶ
501 4045 542 4105 ὅτι
556 4050 583 4107 ἐν
596 4049 668 4128 ψυχῇ
683 4046 711 4117 ἐξ
725 4048 837 4118 ἀσιύοῦς
892 4046 985 4127 gilnre.
1009 4047 1097 4122 Atque
1111 4041 1169 4101 haec
1186 4039 1300 4120 quidem
1316 4039 1433 4100 mirifice
1450 4054 1478 4101 et
1491 4040 1611 4122 stuporis

59 4130 132 4191 οἴκου
147 4139 192 4192 νῦν
207 4135 412 4214 αὐτομολησάσῃ
436 4134 502 4219 πρὸς
521 4135 570 4209 τὴν
584 4137 723 4210 ἀλήθειαν,
738 4139 783 4198 καί
796 4138 837 4200 ὅτι
892 4138 971 4219 μίτοι
983 4150 1046 4196 suut
1054 4181 1063 4212 ,
1076 4132 1180 4194 etiarnsi
1193 4153 1242 4213 per
1255 4153 1283 4192 se
1297 4130 1508 4191 considerentur.
1528 4130 1614 4207 Quod

59 4221 214 4299 trudperti
237 4226 379 4342 γυναικείῳ
392 4252 422 4287 τε
443 4227 489 4288 καλ
506 4228 593 4297 ἄλλοις
607 4231 704 4311 ἁπαλῷ
726 4230 769 4290 eu
788 4230 836 4304 τὴν
891 4231 913 4291 si
924 4229 985 4310 quis
995 4227 1188 4309 tempusetinm
1195 4223 1344 4305 expendat
1352 4223 1525 4283 immaturam
1534 4244 1614 4284 nem·

57 4338 113 4372 τιον
127 4314 262 4395 προγόνων
276 4318 449 4398 περιφάνειαν
463 4320 510 4380 καί
526 4320 636 4402 τρυφὴν,
647 4322 718 4384 πάσα
733 4323 836 4402 πελάγη
890 4342 943 4402 pe,
960 4317 989 4378 in
1003 4338 1057 4397 qua
1075 4316 1135 4375 baec
1152 4314 1321 4396 praestabas,
1347 4325 1468 4385 eutem,
1482 4326 1510 4372 et
1524 4313 1613 4399 magi·
1645 4314 1649 4321 ’

60 4405 206 4483 θαυμάτων
220 4408 326 4488 εὑρήσει
344 4415 397 4470 καθ
384 4411 538 4472 θ’έκαστον
551 4412 650 4473 τούτων
664 4413 837 4495 ἀνοιγόμενα,
892 4425 1009 4469 sororum
1019 4407 1175 4489 penuriam,
1186 4419 1315 4465 eteorum
1327 4425 1376 4482 qur
1368 4402 1551 4463 'offendiculo
1561 4392 1613 4463 tilii

59 4495 115 4555 Διά
136 4520 176 4556 τοι
193 4501 272 4557 τοῦτο
286 4500 506 4564 τῶνάλλωνούδέ
525 4506 772 4614 ἐπιμνησθήσομαι,
791 4510 838 4578 τῆς
891 4514 968 4562 erunt
977 4498 1190 4579 ,frequentiam
1202 4494 1612 4574 etquodineaanima,quaeex

58 4588 315 4668 ταπεινοφροσύνης,
336 4597 384 4664 τῆς
406 4594 525 4672 ἀγάπης,
547 4599 600 4656 τῶν
617 4600 718 4657 λοιπῶν
738 4600 838 4677 ἀρετῶν
892 4590 1117 4675 impiadomoud
1130 4589 1271 4650 veritatem
1284 4609 1356 4647 nunc
1370 4587 1566 4671 transfugerat,
1585 4600 1613 4649 et

58 4682 110 4748 τῆς
125 4678 201 4759 ἁγίας
215 4684 371 4763 σοιψυχῆς.
385 4685 531 4767 Καίγὰρ”
538 4687 628 4765 μόνον,
645 4691 682 4756 ὥς
704 4689 838 4768 ἐμνήσθην
856 4707 875 4754 ιι
892 4685 989 4765 quod
981 4706 1009 4744 ιι
1023 4702 1135 4764 corpore
1147 4679 1274 4739 muliebri
1282 4678 1613 4760 ,atquealioquiprupter
1714 4768 1718 4773 Ι

58 4767 174 4846 τούτων,
191 4770 277 4829 ml
250 4795 298 4839 roe
311 4776 490 4856 προσηγορίας
507 4769 592 4854 cirros,
607 4803 642 4849 μυ
646 4780 702 4862 ρέας
712 4781 840 4841 ἐνέύλυσέ
893 4778 1027 4859 majorum
1038 4771 1211 4856 splendorem
1223 4791 1255 4829 uc
1267 4771 1365 4830 luxum
1377 4769 1494 4830 molliet
1511 4768 1612 4831 delicu-

58 4883 108 4939 μοι
129 4861 238 4934 τιάλινὴ
253 4864 355 4923 διάνοια
373 4866 476 4946 πηγὰς,
493 4870 539 4928 καὶ
559 4871 677 4949 βιάζεται
691 4873 780 4932 καί
757 4881 839 4933 ειπεῐν
893 4888 921 4933 ιο
928 4865 1417 4951 ,quantacicuuetahaeosigilletim
1431 4842 1613 4926 considerinti

57 4953 175 5026 τούτων
190 4957 226 5023 ὡς
245 4960 293 5028 τῆς
308 4958 458 5038 προτέρας,
473 4959 522 5020 κᾶν
537 4963 567 5021 ἐκ
589 4962 699 5043 μέρους,
712 4963 792 5024 τὰ
767 4968 838 5038 ειδη,
893 4964 1087 5031 miraculorum
1109 4958 1194 5018 maria
1219 4978 1248 5016 se
1271 4957 1414 5037 aperient?
1429 4954 1572 5029 Quocircu
1579 4976 1614 5017 ue

58 5048 164 5124 μαλλον
179 5046 266 5114 δὲτὰς
279 5048 415 5118 ὑποθέσεις
432 5051 548 5129 μόνον·ο
554 5056 637 5114 ἐκεῖνο
656 5055 708 5136 γὰρ
729 5055 839 5136 ἄπειρον
893 5051 1130 5131 aliorumquidem
1145 5048 1307 5109 mentionem
1327 5048 1540 5128 iactiuussum,
1559 5046 1613 5108 lroe

98 5216 109 5239 ⁸
125 5200 169 5255 iot
181 5210 222 5262 roi,-
233 5212 363 5272 τραπέζας,
374 5206 410 5256 sic
421 5204 473 5257 duo
485 5208 542 5258 diss.
887 5231 896 5253 ι
914 5212 961 5263 Alii
972 5221 1043 5266 ἐκιινα
1055 5219 1107 5282 γάρ.

96 5281 111 5317 ¹³
128 5280 192 5329 Τιθι
204 5280 261 5329 Mas.
276 5292 344 5346 μόνον
354 5292 474 5350 ἐμνήσθην.

206 5366 280 5406 τοι.
305 5369 351 5406 ιιι.
1176 5359 1178 5362 ’
1433 5353 1473 5411 di
