3764 5992
95 405 168 489 486
423 425 453 472 S·
479 419 619 471 totuuts
644 412 825 464 CHRYSOST·
855 409 1012 459 Allcllllll‘.
1039 407 1309 459 cousrtnrtuor.

94 552 146 613 tubi
158 551 306 611 maximam
317 547 422 607 adlerre
432 543 531 626 poterit
541 540 695 601 utilitatem.
703 536 813 596 Etenim
866 534 947 617 θγάρ
968 539 1016 607 τῆς
1035 531 1194 614 προσδοκίας
1209 530 1288 611 φόὸος
1308 527 1368 588 ἀντί
1380 527 1555 607 παιδαγωγοῦ
1570 547 1639 594 τινος

94 642 288 723 quiexspectat
300 648 496 719 paupertatem,
510 634 535 692 in
547 630 653 693 divitiis
663 649 716 688 non
725 628 813 687 extol·
865 625 958 707 παρὼν
981 626 1148 710 σωφρονίζει,
1167 623 1341 683 καταστέλλει
1366 620 1413 694 τλν
1441 621 1572 694 διάνοιαν,
1593 619 1638 678 καί

94 733 172 806 litur,
187 751 240 790 non
256 726 400 797 mollescit,
417 744 470 783 non
484 722 598 800 diffluit,
615 740 669 780 non
683 717 814 798 concupi·
866 717 969 798 πονηρά
994 716 1173 797 βλαστήματα
1196 715 1231 776 τά
1256 715 1309 774 ἀπὸ
1331 718 1379 786 τῆς
1397 710 1573 792 φιλαργυρίας
1592 714 1638 770 οὔκ

53 804 55 808 ⁸
95 824 145 884 scit
159 822 262 882 aliena:
275 841 338 879 nam
354 815 561 898 exspectationis
573 827 660 874 metus
673 809 814 893 paedagogi
867 809 961 891 ἀφίησι
973 816 1087 890 φυῆναι,
1113 809 1203 888 ὥσπερ
1223 806 1339 889 δρεπάνη
1353 806 1405 863 τινὶ
1426 808 1465 885 τῷ
1486 803 1561 885 φόδῳ
1586 805 1637 860 τῶν

97 911 240 993 cujusdam
252 910 311 970 vioe
322 910 430 969 cohibet
443 910 501 989 ejus
513 921 642 980 mentem,
650 925 700 963 nec
711 903 815 984 patitur
866 901 991 962 ἐναντίων
1006 900 1116 962 κωλύων
1130 898 1197 960 αὐτὰ
1214 899 1260 959 καί
1275 898 1457 977 περικόπτων.

95 1003 167 1063 mala
183 1001 304 1064 avaritia
320 1000 441 1081 germina
462 998 600 1075 subnasci,
615 996 726 1056 dumea
740 1009 815 1054 metu

96 1092 292 1152 contrariorum
304 1089 389 1151 veluti
401 1090 470 1150 falce
480 1088 599 1169 quadam
610 1086 737 1170 prohibet
750 1106 812 1146 cre-

95 1204 168 1244 scere
181 1196 367 1265 amputatque.
823 1168 859 1278 γρῦ

135 1275 165 1335 ί.
179 1274 237 1333 Ηοσ
253 1273 338 1353 igitur
350 1293 435 1331 renum
446 1270 651 1332 estemaximis
660 1269 740 1329 bonis
753 1290 813 1348 quae
832 1292 854 1336 Α
908 1269 960 1330 Ἓν
978 1269 1024 1347 μίν
1039 1261 1083 1330 οίίν
1110 1275 1188 1329 τοῦτο
1214 1267 1337 1347 μέγιστον
1362 1265 1461 1346 ἀγαθὸν
1489 1266 1638 1346 κερδανεῖς·

96 1366 269 1426 lucrifacies:
281 1365 397 1424 alterum
419 1377 509 1421 autem
530 1374 636 1422 nonest
649 1361 701 1421 isto
713 1361 815 1434 minus,
869 1359 957 1440 ἕτερον
972 1362 999 1421 δί
1011 1365 1057 1422 οὐκ
1067 1361 1176 1421 ἔλαττον
1189 1359 1296 1428 τούτου,
1313 1358 1343 1417 τὸ
1358 1358 1403 1418 καί
1422 1356 1639 1436 παραγενομένης

96 1456 224 1518 videlicet
237 1469 267 1515 ut
278 1456 302 1515 si
310 1453 450 1514 accesserit
463 1468 616 1534 paupertas,
632 1474 685 1513 non
699 1474 816 1534 expave·
870 1455 951 1524 αὐτῆς
964 1451 1001 1530 μὴ
1015 1451 1169 1512 δεδοικέναι.
1185 1450 1405 1531 Προλαμάανέτω
1419 1450 1507 1522 τοίνυν
1523 1455 1540 1523 ἡ
1557 1470 1639 1530 προσ-

1 1577 90 1629 pecu-
98 1568 164 1608 scas.
173 1548 320 1607 Praevertat
330 1567 393 1626 ergo
401 1545 667 1626 tristisexspectatio,
676 1544 817 1624 nequando
870 1542 946 1603 δοκία
971 1549 1023 1603 τῶν
1048 1541 1240 1622 θλιάερῶν,ίνα
1256 1540 1293 1619 μή
1314 1539 1499 1622 παραγένηται
1522 1544 1539 1611 ή
1561 1547 1640 1619 πεῖρα

4 1634 89 1735 ‘arturp
100 1638 189 1700 veniat
206 1639 271 1719 ipsa
294 1638 413 1697 tristium
428 1637 592 1718 experientia
603 1661 610 1694 τ
622 1637 657 1696 ob
675 1636 728 1696 boc
745 1635 818 1695 enim
870 1637 922 1695 τῶν
936 1639 1079 1715 λυπηρῶν·
1101 1634 1144 1695 διδ
1159 1641 1235 1694 τοῦτο
1248 1639 1265 1706 ή
1283 1641 1363 1714 πεῖρα
1377 1632 1493 1714 ἔρχεται,
1510 1630 1603 1702 ἐπειδὴ
1623 1636 1639 1702 ἡ

1 1708 60 1799 ,εἶν’
80 1715 173 1790 ’νεοίῑ
193 1727 375 1809 experientia,
388 1727 463 1807 quod
482 1748 535 1787 non
551 1725 622 1787 adsit
635 1727 815 1808 exspectati03
869 1726 1016 1806 προσδοκία
1029 1729 1058 1786 οὐ
1078 1727 1223 1808 πάρεστιν·
1243 1725 1301 1784 ἐπεὶ
1319 1724 1372 1801 εἴγε
1394 1725 1482 1796 ἐκείνη
1504 1721 1641 1802 κατώρθου

0 1825 38 1861 ²2
95 1819 175 1900 quod
189 1820 212 1880 si
226 1819 273 1878 illa
284 1818 444 1879 correxisset
463 1814 611 1895 bominem,
627 1818 679 1878 bac
693 1840 747 1878 non
762 1832 818 1878 erat
870 1818 915 1879 τθν
925 1820 1078 1898 ἄνθρωπον,
1093 1821 1121 1878 οὔ
1145 1817 1245 1898 σφόδρα
1260 1815 1359 1889 ταύτης
1377 1815 1437 1876 ἔδει.
1462 1815 1517 1875 Καὶ
1542 1815 1641 1893 μάρτυς

33 1953 54 1984 ⁶,
63 1936 87 1983 3,
99 1932 168 1993 opus
181 1910 340 1970 admodum.
353 1909 443 1989 Hujus
454 1909 493 1968 rei
505 1907 580 1970 testis
591 1912 673 1972 Jonas
686 1910 818 1971 Ninivitis
870 1909 963 1971 τοιίτου
972 1911 1018 1970 έπί
1030 1915 1084 1970 τῶν
1098 1912 1244 1970 Νινευιτῶν
1256 1907 1348 1976 Ἰωνᾶς
1358 1913 1372 1967 ό
1383 1906 1539 1987 προφήτης·
1549 1909 1587 1972 ὡς
1600 1906 1641 1963 έλ-

99 2003 249 2087 praedicans
262 2003 402 2063 interitum
415 2025 422 2065 :
435 2002 570 2082 siqnidem
586 2003 628 2062 illi
639 2003 707 2062 dum
718 2024 817 2085 exepe-
871 2002 990 2071 πίζοντες
998 2006 1133 2082 έκεῖνοιτῇ
1146 2007 1192 2060 τοῦ
1200 2000 1335 2081 προφήτου
1348 1998 1494 2080 προρρήσει
1504 1995 1642 2076 ἀνηκέστῳ

98 2109 172 2157 etant
180 2096 256 2173 quod
267 2094 396 2176 propheta
404 2093 621 2175 praedixerat‚eis
628 2095 768 2156 imminere
776 2117 820 2155 ca·
870 2104 1022 2177 περιπεσεῖν
1036 2105 1172 2176 συμφορᾷ,
1186 2098 1219 2174 τῇ
1233 2092 1379 2176 προσδοκία
1393 2097 1445 2151 τῶν
1462 2089 1641 2167 ἐλευσομένων

98 2186 247 2246 lamitatem
269 2186 457 2262 insanabilem,
470 2186 667 2268 exspectatione
683 2187 818 2247 malorum
870 2189 960 2246 κακῶν
977 2185 1147 2268 ἀπέστρεψαν
1162 2186 1209 2259 τὴν
1227 2185 1323 2267 ἀργήν·
1337 2184 1463 2244 Ἰουδαῖοι
1483 2183 1510 2242 δὲ
1533 2183 1572 2260 μὴ
1585 2205 1642 2241 πει-

99 2290 277 2338 venturorum
287 2277 424 2357 fregerunt
438 2278 507 2337 iram
520 2278 652 2354 numinis;
663 2293 755 2338 eontra
766 2281 817 2341 Ju·
835 2287 853 2334 B
872 2278 975 2346 σθέντες
987 2282 1026 2359 τῷ
1036 2278 1160 2361 προφήτῃ
1169 2276 1272 2357 λέγοντι
1284 2277 1332 2348 τήν
1341 2276 1438 2335 ἀλωσιν
1451 2273 1640 2355 Ἰερουσαλὴμ,

100 2366 154 2429 dei
168 2389 221 2429 non
235 2367 372 2428 credentes
385 2369 523 2451 prophetae
540 2369 697 2450 praedicenti
711 2372 817 2432 Jeroso·
871 2370 1024 2443 ὑπέστησαν
1050 2370 1084 2429 τὰ
1107 2369 1188 2429 δεινά.
1203 2369 1288 2449 Σοφδς
1301 2368 1352 2448 γάρ
1366 2366 1489 2446 φοόηθείς
1513 2365 1642 2435 ἐξέκλινεν

11 2467 70 2532 ,νή
101 2459 240 2540 lymorum
262 2459 420 2532 excidium,
437 2460 533 2519 acerba
548 2461 667 2541 perpessi
680 2475 752 2522 sunt.
765 2462 819 2521 Sa·
872 2461 926 2521 ἀπὸ
950 2465 1083 2520 κακοῦ·θ
1110 2462 1138 2521 δὲ
1151 2460 1260 2541 Ιἀφρων
1286 2459 1409 2540 μίγνυται
1434 2457 1578 2525 πεποιθώς.
1610 2456 1643 2516 Ὁ

98 2553 183 2631 piens
195 2555 274 2608 enim
286 2564 415 2610 metuens
429 2551 592 2610 declinavit
606 2551 718 2610 malum
721 2577 735 2622 ,·
743 2557 819 2613 insi·
872 2550 985 2620 έλπίζων
1006 2550 1128 2630 γενέσθαι
1151 2552 1248 2626 πένης,
1264 2555 1292 2610 ἐν
1316 2551 1443 2633 εὐημερίᾳ
1465 2550 1575 2628 διάγων,
1597 2554 1644 2611 οὔκ

98 2643 306 2723 piensfiduet'a
319 2663 374 2701 sua
389 2645 593 2724 confunditur.
608 2644 663 2716 Qui
683 2660 820 2731 exspectat
874 2645 905 2703 δν
919 2643 1022 2724 ταχέως
1035 2646 1143 2725 γένηται
1152 2645 1272 2717 πένης·8
1286 2644 1338 2725 γὰρ
1353 2646 1406 2704 ἀπὸ
1419 2650 1468 2717 τῆς
1480 2645 1643 2726 προσδοκίας

100 2746 298 2815 paupertatem,
309 2732 377 2793 dum
388 2735 549 2794 versaturin
563 2735 680 2812 diuitiis,
693 2736 769 2796 haud
778 2739 818 2797 fa·
873 2736 999 2814 κερδθναι
1019 2739 1068 2796 οὐκ
1083 2735 1233 2811 ἠθέλησας,
1253 2736 1306 2796 ἀπὸ
1320 2740 1368 2807 τῆς
1384 2736 1477 2815 πείρας
1490 2742 1568 2796 τοῦτο
1589 2761 1642 2814 μα-

100 2823 153 2883 oile
166 2824 213 2883 liet
224 2845 342 2905 pauper:
354 2846 417 2884 nam
426 2823 500 2903 quod
514 2824 550 2883 ab
561 2827 759 2906 exspectatione
771 2829 819 2889 lu·
874 2824 942 2904 θήσῃ
951 2827 1049 2894 καλῶς.
1061 2824 1109 2886 Ἐν
1118 2827 1225 2908 πλούτῳ
1238 2825 1324 2884 τοίνυν
1338 2826 1375 2888 ὢν
1391 2824 1528 2906 προσδόκα
1539 2823 1640 2899 πενίαν,

101 2914 173 2973 crari
185 2913 307 2991 noluisti,
320 2914 350 2974 id
361 2915 397 2974 ab
408 2915 468 2997 ipsa
479 2916 643 2997 experientia
654 2918 769 2998 pulchre
777 2920 820 2979 di·
874 2920 901 2976 έν
920 2917 1047 2998 εὐημερίᾳ
1061 2918 1199 2997 τυγχάνων
1221 2918 1356 2998 προσδόκα
1369 2917 1463 2996 λιμόν·
1476 2919 1503 2977 έν
1524 2917 1586 2997 δόξῃ
1608 2916 1642 2976 ὢν

101 3024 168 3068 sees,
185 3004 305 3067 Proinde
318 3027 380 3066 cum
392 3005 421 3066 in
434 3006 540 3067 divitiis
557 3029 600 3083 es,
612 3023 737 3090 exspecta
751 3033 819 3091 pau·
873 3008 963 3077 ἔλπιζε
977 3008 1081 3076 ἀδοξίαν
1094 3032 1100 3045 ·
1112 3012 1138 3067 ἐν
1149 3009 1222 3090 ὓγείφ
1238 3009 1334 3088 διάγων
1346 3007 1421 3069 νόσον
1436 3008 1561 3087 ἀνάμενε.
1577 3010 1644 3068 Συν-

102 3113 326 3179 pertatemecum
340 3098 369 3157 in
381 3098 538 3174 affluentia,
554 3115 680 3181 exspecta
701 3102 818 3162 samem:
873 3102 941 3181 εχῶς
962 3098 1121 3161 ἐπισκίπτου
1140 3104 1193 3160 τῶν
1214 3100 1385 3184 ἀνθρωπίνων
1406 3101 1572 3181 πραγμάτων
1597 3100 1643 3172 τὴν

101 3212 165 3251 enm
187 3191 216 3250 in
238 3189 335 3270 gloria,
352 3205 478 3270 exspecta
500 3191 676 3271 ignominiam
691 3217 698 3249 ε
713 3215 775 3253 cum
791 3195 819 3255 in
873 3190 961 3272 φύσιν,
971 3196 1024 3251 τῶν
1035 3192 1173 3270 ποταμίων
1184 3193 1321 3272 ῥευμάτων
1342 3193 1415 3251 οὐδὲν
1430 3193 1539 3271 ἀμεινον
1551 3195 1646 3253 διακει-

101 3283 215 3342 sanitate
227 3281 315 3352 vivis,
327 3296 451 3362 exspecta
471 3282 606 3342 morbum.
620 3284 735 3345 Assidue
754 3307 820 3367 per·
875 3282 973 3362 μένην,
992 3284 1039 3343 καί
1063 3292 1164 3343 καπνοῦ
1179 3288 1215 3351 είς
1231 3284 1297 3363 ἀέρα
1314 3284 1496 3362 διαλυομένουζ
1506 3284 1646 3366 cloppem·

103 3373 190 3454 pende
203 3392 295 3432 rerum
306 3372 487 3431 humanarum
505 3387 644 3452 naturam,
658 3398 718 3455 qnae
734 3377 820 3438 nihilo
838 3389 856 3436 c
875 3373 973 3455 στέραν
986 3375 1032 3434 καί
1045 3385 1120 3442 σκιᾶς
1134 3375 1353 3457 παρατρεχούσης
1365 3373 1642 3459 οὖδαμινωτίρανἋν

103 3465 200 3526 melius
210 3464 303 3537 habet,
320 3485 402 3543 quam
416 3465 540 3523 amnium
551 3464 725 3542 defluxus,et
746 3470 821 3531 sumo
875 3471 960 3525 ταῦτα
971 3469 1128 3548 φιλοσοφῇς,
1152 3467 1212 3527 οὔτε
1233 3466 1267 3525 τὰ
1288 3467 1393 3549 χρηστά
1412 3490 1441 3526 ⁶⁵
1459 3472 1578 3546 νυσῆῦαῑ
1599 3470 1645 3527 δν·

1 3559 4 3564 ’
103 3557 132 3617 in
146 3578 233 3617 aerem
244 3570 416 3617 evanescente
424 3556 547 3636 fugacior
555 3572 635 3632 est,et
646 3560 743 3620 umbra
753 3583 822 3642 prae·
875 3557 1001 3634 νήσεται,
1022 3559 1082 3619 οὔτε
1104 3559 1138 3618 et
1158 3558 1266 3638 λυπηρὰ
1286 3563 1465 3618 ταπεινῶσαι·
1490 3558 1521 3617 ἀν
1550 3560 1646 3641 παρόν-

104 3661 270 3709 tercurrente
283 3647 435 3707 inanior.ln
445 3647 490 3706 his
502 3648 524 3707 si
539 3649 748 3731 philosophatus
761 3655 821 3713 lue·
875 3673 929 3709 των
943 3655 995 3711 τῶν
1017 3657 1141 3734 χρηστῶν
1157 3651 1194 3728 μὴ
1218 3651 1319 3731 σφόδρα
1342 3649 1441 3710 τούτων
1457 3652 1573 3733 ἀντέχῃ,
1590 3652 1647 3713 οὐδὲ

104 3740 153 3815 ris,
168 3759 217 3799 nec
230 3739 324 3799 suavia
336 3752 363 3798 tc
376 3751 503 3818 poterunt
521 3739 626 3813 inflare,
643 3761 691 3802 nec
712 3744 823 3805 molesta
877 3742 1044 3803 ἀπελθόντων
1058 3743 1217 3822 ὀδυνηθήσῃ.
1231 3739 1277 3801 Ἂν
1293 3741 1382 3821 ἐθίσῃς
1391 3741 1448 3815 ,τήν
1472 3741 1591 3802 διάνοιάν
1601 3766 1647 3803 σου

104 3831 264 3914 dejicerezsi
280 3829 457 3911 presentibus
469 3830 547 3890 bonis
558 3852 610 3890 non
619 3831 767 3894 admodum
779 3836 824 3895 in·
877 3836 950 3914 ἐντῇ
975 3834 1121 3917 προσδοκία
1133 3839 1186 3894 τῶν
1210 3833 1346 3906 ἐναντίων,
1361 3833 1489 3900 πολλάκις
1510 3833 1561 3911 μὲν
1588 3834 1646 3894 οὐδὲ

105 3925 219 3999 haereas,
233 3942 320 4000 neque
333 3921 367 3980 iis
388 3920 545 3981 absentibus
564 3922 780 3987 discruciaberis.
793 3929 824 3989 Si
876 3924 1038 4007 παρέσονται
1052 3925 1086 3986 τὰ
1100 3926 1205 3988 ἐναντία
1214 3973 1222 4000 ,
1237 3930 1260 3985 εἰ
1276 3924 1305 3986 δὲ
1324 3925 1370 3984 καί
1393 3924 1595 4006 παραγένοιντο,
1619 3928 1647 3986 οὗ

107 4014 287 4077 oonsueucias
301 4013 424 4071 animum
438 4011 474 4070 ad
487 4016 714 4095 exspectationem
727 4018 823 4081 adver·
877 4017 978 4097 σφόδρα
992 4041 1039 4078 σου
1052 4020 1225 4099 καθάψονται.

106 4129 210 4186 sorum,
225 4127 297 4188 saepe
310 4104 421 4185 quidem
434 4104 482 4164 fiet
496 4119 526 4163 ut
537 4104 651 4166 adversa
674 4129 728 4169 non
750 4112 822 4172 aeci·

106 4199 183 4271 dant,
195 4197 245 4259 sed
258 4197 281 4257 si
294 4194 457 4270 acciderint,
469 4217 521 4256 non
533 4197 704 4259 vehementer
713 4213 740 4261 te
750 4224 825 4264 oom-

107 4291 266 4354 movebunt.

149 4387 177 4447 5.
188 4386 276 4463 Atque
287 4395 317 4440 ut
328 4379 485 4461 intelligatis
497 4401 541 4441 me
553 4382 612 4442 baec
623 4405 676 4445 non
686 4406 720 4446 ex
733 4389 827 4469 conjc-
919 4395 975 4456 Καί
992 4394 1036 4455 ίνα
1051 4394 1153 4475 μάθητε
1169 4395 1211 4455 ότι
1219 4402 1249 4457 οὐ
1264 4397 1457 4478 στοχαζόμενος
1466 4406 1553 4461 ταῦτα
1566 4402 1648 4481 λέγω,

110 4490 186 4538 etura
195 4473 280 4553 loqui,
288 4472 350 4534 volo
358 4472 550 4564 vohlsnarrart
559 4480 827 4556 veteremquamdam
880 4487 996 4548 παλαιάν
1011 4511 1070 4546 τινα
1089 4487 1207 4570 ἱστορίαν
1222 4491 1400 4569 διηγήσασθαι
1423 4495 1485 4569 ὑμῖν
1507 4493 1646 4574 βούλομαι.

2 4567 261 4646 τοπικίιίείοσίσω.
276 4565 340 4623 Fuit
354 4563 397 4624 vir
411 4565 524 4643 quidam
540 4566 711 4628 admirabilis
725 4585 750 4630 el
764 4593 827 4633 ma·
881 4579 1005 4662 Ἐγένττό
1019 4604 1060 4646 τις
1073 4579 1140 4658 ἀνὴρ
1153 4581 1303 4659 θαυμαστὸς
1315 4583 1361 4642 καί
1377 4583 1473 4662 μέγας,
1487 4586 1533 4644 καί
1547 4612 1648 4649 παντα-

8 4664 14 4675 “
81 4666 104 4703 ‘¹
113 4682 182 4744 gnus
192 4673 221 4720 et
235 4656 335 4734 ubique
349 4675 397 4734 per
410 4654 503 4715 orbem
517 4668 651 4717 terrarum
664 4660 826 4745 celebratus,
845 4682 865 4729 ν)
881 4680 931 4756 χοῦ
955 4677 1004 4745 τῆς
1029 4672 1185 4751 οἰκουμένης
1203 4674 1336 4752 ἀοίδιμος,
1358 4680 1373 4733 θ
1388 4677 1519 4756 μακάριος
1538 4679 1613 4756 Ἰδαί,
1636 4686 1650 4742 θ

112 4750 207 4818 beatus
222 4751 268 4811 ille
279 4748 347 4822 lob,
361 4747 408 4805 ille
428 4747 534 4850 pletatis
556 4749 671 4826 athleta,
686 4752 732 4814 illc
746 4759 828 4820 totius
881 4772 930 4839 τῆς
942 4762 1075 4832 εὐσεόείας
1085 4763 1214 4838 ἀθλητὴς,
1228 4767 1408 4847 ὁστεφανίτης
1418 4773 1465 4840 τῆς
1479 4773 1648 4849 οἰκουμένης,

113 4844 209 4911 mundi
219 4843 306 4905 victor
319 4853 345 4899 et
358 4839 503 4942 coronaler,
516 4840 564 4920 qui
575 4863 623 4921 per
636 4845 726 4905 omnia
741 4864 827 4910 certa·
880 4862 894 4918 ὁ
915 4854 958 4916 διδ
980 4855 1088 4915 πάντων
1112 4858 1164 4914 τῶν
1180 4856 1266 4916 ἀθλων
1282 4856 1379 4933 ἐλθὼν,
1394 4865 1408 4919 ὁ
1423 4859 1505 4939 μυρία
1519 4864 1590 4923 κατὰ
1603 4873 1648 4926 τοῦ

113 4940 217 5003 minum
243 4944 503 5035 generatransrrrt,
528 4933 575 5011 qui
589 4934 740 5036 ‘innumera
767 4955 827 5002 tro·
880 4947 1004 5009 διαόόλου
1024 4946 1140 5028 τρόπαια
1164 4949 1273 5022 στήσας.
1294 4942 1380 5019 Οὗτος
1401 4952 1505 5030 ἐγένετο
1524 4959 1649 5025 πλούσιος

114 5052 172 5117 [σοι
185 5028 272 5090 erexit
294 5024 402 5085 devicto
424 5021 544 5084 diabolo.
561 5024 613 5085 llrc
632 5026 684 5087 fuit
704 5029 782 5095 dives
801 5053 830 5100 et
881 5041 927 5103 καί
940 5040 1040 5117 πίνης,
1064 5039 1165 5112 ίνδοζος
1188 5041 1234 5103 καί
1254 5045 1493 5127 εὐκαταφρόνητος,
1517 5049 1650 5120 πολίταις

148 5209 163 5238 ι
177 5195 209 5248 ln
219 5189 357 5247 hombli!
368 5189 458 5261 legum
470 5195 511 5258 ίθ,
524 5195 566 5260 li,
577 5199 623 5250 θδλ
632 5204 712 5268 appar
722 5202 796 5271 ίαυτῷ
804 5210 915 5266 πεποιθὼς
923 5212 1029 5274 μίγνυται
1040 5215 1127 5278 ἀνόμῳ.
