3810 6000
359 461 405 509 ur
429 459 594 512 rananms
621 460 831 512 mensurna.
859 459 902 508 rer
927 458 972 509 on
998 459 1127 510 uurar.
1155 462 1329 511 ιιοιιιιιιιιι.
1358 466 1408 513 ιιι.
1587 449 1651 538 147
1720 469 1727 478 ·

116 588 189 666 μένος
202 586 273 647 κατδ
292 587 347 646 τῶν
359 592 475 648 πιστῶν·
495 587 573 667 μόνον
593 587 621 648 δέ
645 587 782 654 ἀκώωτες
804 578 882 660 ἦσαν,
936 605 1018 664 quam
1033 585 1099 645 olim
1113 586 1280 648 devastabat.
1295 588 1431 661 Quoniam
1443 591 1529 671 igitur
1543 592 1577 653 de
1586 595 1655 656 facie

116 681 155 739 ὅτι
166 685 181 739 θ
193 679 297 739 διώκων
306 684 379 757 ἡμᾶς
398 703 479 752 ποτε,
495 686 540 739 νῦν
556 679 751 761 εὐαγγελίζεται
769 677 819 751 τὴν
832 676 882 738 π(-
935 675 1027 757 ipsum
1039 698 1093 737 non
1109 693 1251 753 noverant,
1263 679 1312 740 sed
1333 702 1368 741 ex
1393 682 1487 741 auditu
1500 697 1615 762 tanturn,
1629 686 1654 746 si

121 772 223 843 ετινῆν
245 795 312 832 ποτε
336 770 450 853 ἐπόρθει.
466 772 545 832 Ἐπεὶ
559 763 603 833 adv
625 777 664 852 τῷ
686 769 882 852 ρθνπροσώπιρ
936 789 1034 828 nomeu
1048 770 1139 829 statim
1149 785 1287 849 mutasset,
1297 795 1331 832 ne
1340 773 1359 832 ii
1374 775 1546 855 quidem,qui
1560 778 1656 838 andie-

122 864 191 924 oia'or
202 862 323 943 ἠγνόων,
341 863 419 940 μόνον
434 864 462 924 δὲ
475 863 612 931 ἀκούοντες
626 855 705 937 ἦσαν,
717 866 739 922 εἰ
757 862 883 938 τὸόνομα
935 863 1277 942 rant,cognovissenteum,
1287 866 1334 943 qui
1343 866 1426 926 tidem
1433 870 1653 948 persequebatur,

124 958 193 1014 αὐτοῦ
215 954 363 1031 μετεδλπζθη
381 955 489 1029 εὐθέως,
509 958 556 1015 οὐκ
577 955 682 1014 motet
703 957 728 1012 οἱ
748 953 883 1021 ἀκούοντες
936 973 1008 1012 nunc
1039 955 1208 1034 evangelium
1240 957 1397 1037 praedicare.
1422 960 1558 1030 Quoniam
1582 961 1655 1020 enim

125 1048 240 1136 ἐγνωσαν,
252 1047 293 1108 δτι
314 1052 329 1106 θ
348 1046 451 1108 διώκων
469 1048 518 1121 τὴν
531 1048 629 1123 πίστιν,
645 1039 719 1115 οὗτος
746 1045 884 1127 εθαγνελί-
936 1043 1013 1124 prins
1028 1058 1158 1105 noverant
1172 1047 1262 1126 ipsum
1277 1050 1369 1108 vocari
1382 1051 1512 1126 Saulnm,
1528 1051 1550 1109 si
1564 1051 1654 1111 statim

126 1144 195 1209 ζιιει.
205 1138 317 1212 Ἐπειδὴ
327 1139 381 1220 γάρ
393 1141 426 1200 τδ
439 1140 566 1220 πρότερον
585 1145 664 1200 αὐτοῦ
677 1140 761 1219 ὄνομα
775 1139 883 1219 ᾔδεσαν,
936 1149 1038 1195 mutato
1051 1138 1157 1197 nomine
1166 1139 1268 1197 Panlns
1282 1140 1372 1200 dietus
1385 1141 1487 1215 luisset,
1496 1142 1655 1203 deiudeve-

127 1230 160 1289 θιι
172 1232 269 1298 Σσῖλος
281 1231 402 1311 ἐλέγετο,
424 1234 447 1290 εἰ
472 1232 645 1310 μεταὸληθεὶς
667 1234 760 1299 εὐθέως
779 1233 883 1297 Παῦλος
936 1247 966 1286 ro
980 1227 1091 1304 quidam
1110 1229 1176 1310 ipsis
1186 1231 1379 1303 renuntiasset,
1395 1234 1510 1292 Paulum
1528 1234 1575 1312 qui
1590 1255 1655 1315 per-

128 1320 224 1393 ἐτλτῖθη,
236 1310 294 1379 εἶτα
310 1322 475 1401 ἀπήγγειλάν
501 1347 568 1390 τινες
591 1325 692 1396 αὐτοῖς,
712 1322 754 1382 δτι
776 1324 883 1389 Παῦλος
936 1318 1097 1394 sequebatur
1111 1317 1348 1398 Eerlesiam,jam
1366 1321 1539 1399 evangelium
1555 1319 1656 1401 praedi-

127 1412 318 1490 υέαγγελῖζετσι,
343 1419 360 1474 θ
385 1412 488 1473 διώκων
512 1414 560 1486 τὴν
584 1414 758 1489 Ἐκκλησίαν,
777 1417 824 1475 οὐκ
849 1412 881 1473 διν
935 1427 1008 1483 care,
1023 1408 1190 1487 ignorassent
1210 1431 1244 1468 an
1268 1408 1340 1468 idem
1359 1410 1416 1490 ipse
1437 1426 1513 1482 esset,
1527 1412 1657 1490 quiaille

127 1504 227 1582 ἀγηοαν
240 1506 281 1565 ὅτι
294 1497 370 1574 οὗτος
382 1510 478 1574 ἐκεῖνος
488 1498 533 1582 ἦν,
545 1506 588 1566 διὰ
603 1509 634 1568 τὸ
655 1507 692 1586 μὴ
707 1510 814 1567 Παῦλον
831 1507 880 1565 οὐ.
934 1519 987 1557 nou
1004 1500 1120 1571 Paulus,
1138 1500 1186 1559 sed
1201 1501 1301 1560 Saulus
1314 1501 1472 1561 vocabatur.
1488 1502 1552 1561 ldeo
1575 1502 1654 1560 illum

126 1596 319 1669 τῖπκαλιῑσθαι,
334 1597 525 1658 ἀλλδΣαῦλον.
535 1599 588 1659 Διά
601 1605 678 1660 τοῦτο
688 1604 789 1679 ἀρῆκεν
803 1600 880 1659 αὐτὸν
900 1609 918 1654 Β
935 1592 1024 1651 multo
1040 1605 1160 1671 ternpore
1173 1612 1236 1650 cnm
1257 1592 1340 1672 priori
1363 1593 1471 1652 nomine
1484 1593 1607 1671 reliquit,
1623 1607 1655 1652 ut

127 1689 192 1768 μέχρι
213 1692 313 1751 πολλοῦ
328 1690 377 1764 ἢν
400 1691 532 1772 προοξραν
549 1691 619 1772 {pm
636 1691 825 1773 προσηγορίαν,
837 1690 882 1750 ἵνα
935 1684 1138 1742 omuibusesset
1150 1684 1276 1743 fidelibus
1286 1699 1376 1757 notus,
1389 1685 1522 1763 etiamiis,
1535 1686 1583 1764 qni
1592 1706 1653 1765 pro·
1744 1744 1748 1753 ,

126 1789 179 1839 τίσι
194 1781 325 1862 γνώριμος
337 1782 450 1861 γίνηται
470 1791 523 1850 τοῖς
544 1791 663 1867 πιστοῖς,
674 1783 721 1842 καὶ
742 1792 795 1850 τοῖς
817 1783 881 1863 πόρ-
936 1775 981 1833 cul
993 1789 1079 1853 erant,
1094 1789 1121 1834 et
1134 1797 1187 1835 nou
1199 1777 1288 1857 ipsum
1302 1776 1434 1837 viderant.

75 1879 78 1887 “
126 1879 192 1954 pado
206 1864 264 1935 οἶσι
276 1874 388 1955 mlvi-q
398 1870 651 1956 ἐωρσκόσιναῦτόν.

75 1998 77 2051 3
156 1965 227 2032 Τίνος
235 1957 439 2044 ρένοδνθνεκεν
454 1969 501 2027 οὐκ
522 1966 616 2034 εθθίως
631 1966 781 2045 praestata
803 1968 883 2027 αὐτοῦ
975 1971 1005 2029 θ.
1022 1971 1079 2028 Cur
1092 1990 1155 2050 ergo
1166 1991 1220 2029 nou
1235 1970 1324 2030 statim
1337 1973 1395 2052 ejus
1409 1993 1504 2032 nomen
1517 1986 1653 2034 mutatum

127 2056 241 2134 teloque,
255 2059 355 2127 ἱκανῶς
371 2059 564 2119 ἀποδέδεικται.
590 2058 702 2138 Ἀνάγκη
727 2059 819 2117 λοιπδν
839 2063 881 2120 ἐπ’
935 2059 981 2136 sit,
992 2061 1050 2141 jam
1064 2062 1129 2121 satis
1139 2062 1351 2121 demonstratum
1365 2077 1413 2122 est.
1428 2066 1525 2145 Operae
1538 2067 1655 2146 pretium

75 2138 78 2221 ἶ
111 2149 190 2233 αὐτὴν
207 2151 292 2209 ἐλθεῖν
312 2156 360 2208 τοῦ
381 2148 460 2228 λόγου
482 2151 531 2223 rip
552 2151 647 2233 ἀρχήν.
675 2153 777 2218 Σαῦλος
800 2150 827 2212 δέ
843 2150 883 2210 ἔτι
932 2153 990 2234 jam
1003 2154 1085 2213 fuerit
1098 2154 1247 2213 utinitium
1259 2156 1389 2214 sermonis
1403 2171 1565 2238 repetamus.
1581 2161 1655 2220 Sau·
1665 2157 1751 2218 Ati-9
1772 2171 1793 2206 ¹·

75 2256 78 2265 ’
126 2240 228 2317 ἐμπνέων
249 2245 364 2313 ἀπειλῆς
375 2242 422 2302 καὶ
449 2243 527 2322 φόνου
555 2247 591 2311 εἰς
612 2243 672 2312 τοὺς
694 2244 814 2322 μαθητὰς
837 2248 882 2302 τοῦ
936 2243 982 2302 lus
996 2256 1094 2302 autem
1106 2245 1205 2302 adhuc
1225 2248 1341 2322 spirans
1353 2249 1500 2304 minarum
1518 2260 1547 2306 et
1567 2251 1656 2307 coedis

126 2334 215 2411 Κυρίοε.
230 2334 267 2392 Ti
276 2336 360 2404 ἐστιν,
372 2333 449 2408 Ἔπη
459 2335 495 2393 Tt
510 2333 562 2415 γδρ
583 2335 690 2407 ἐποίησε
709 2334 762 2413 πρὸ
775 2334 881 2408 τούτου,
936 2337 969 2392 in
981 2335 1138 2414 discipulos
1146 2337 1278 2394 Domini.
1290 2335 1367 2409 Quid
1379 2337 1431 2394 sibi
1443 2338 1501 2396 vult
1510 2337 1590 2415 illud,
1602 2341 1656 2397 ad-

126 2423 244 2504 θτιλὲγει,
256 2424 336 2498 Ἔπη
349 2426 391 2485 Τὸ
401 2426 467 2508 γὰρ,
477 2425 554 2499 Ἐπι,
568 2427 629 2507 περὶ
644 2425 781 2507 ἀνθρώπου
796 2426 882 2486 πολλὰ
936 2427 1013 2484 tuce
1024 2424 1102 2496 Quid
1118 2439 1197 2484 antea
1217 2425 1293 2498 secit,
1306 2440 1337 2484 nt
1347 2427 1431 2500 dieat,
1451 2430 1569 2486 edituo?
1584 2430 1656 2489 Nam

126 2516 366 2590 ικιέπεπυιηκότος
383 2517 529 2598 ἔμπροσθεν
539 2518 654 2597 λέγεται.
666 2518 703 2577 Τ(
722 2508 767 2576 οὖν
791 2517 882 2590 ἐποίη·
935 2514 1018 2590 illntl,
1032 2517 1140 2587 adhue,
1153 2516 1187 2575 de
1200 2517 1429 2592 bominedieitnr,
1438 2519 1483 2594 qni
1495 2532 1572 2577 antea
1584 2520 1655 2578 mul·

126 2609 203 2679 eant
214 2609 268 2689 γδρ
281 2611 331 2668 σιἰκ
352 2608 485 2682 ἐποίησεν,
500 2607 558 2668 aial
574 2632 633 2688 μοι,
644 2609 740 2682 κακθν;
754 2610 882 2688 Αθμάεων
898 2621 918 2670 c
936 2616 963 2662 ta
985 2603 1056 2662 rnala
1077 2603 1179 2662 feeerit.
1208 2603 1284 2677 Quid
1308 2625 1371 2683 ergo
1395 2605 1480 2663 feeit?
1502 2607 1561 2665 lmo
1572 2606 1653 2685 qnid,

126 2698 235 2771 ἐνέπλησε
252 2700 289 2760 ed
307 2699 482 2781 Ἱεροσολυμα
494 2699 553 2767 ποῦς
567 2700 674 2767 πιστοὺς
697 2703 820 2780 ἀναιρῶν,
832 2701 880 2774 τὴν
936 2716 1035 2772 qnaeso,
1049 2714 1102 2752 non
1124 2694 1188 2753 mali
1202 2695 1288 2753 fecit?
1299 2696 1435 2773 Sanguine
1451 2697 1566 2776 replevit
1578 2700 1654 2757 Jem-

126 2788 270 2866 Ἔιιιληοίαν
296 2793 418 2872 ἐπόρθει,
440 2790 500 2859 τοὺς
520 2792 680 2860 ἀποστόλους
699 2792 809 2866 ἐδίωκε,
836 2794 881 2852 τὸν
935 2785 1049 2866 solyma,
1061 2786 1153 2845 fideles
1170 2786 1310 2862 interiecit,
1326 2787 1476 2846 Ecclesiam
1485 2788 1654 2866 devastabat,

126 2883 241 2964 Σιέρσνον
261 2883 392 2964 ἐσραξεν,
406 2885 453 2943 οὐκ
476 2885 588 2963 ἀνδρῶν,
602 2888 631 2943 οὐ
651 2888 781 2961 γυναικῶν
806 2883 879 2964 ἐριέ-
934 2877 1069 2958 apostolos
1088 2878 1316 2958 persequebatur,
1342 2876 1513 2958 Stephanum
1534 2879 1652 2958 oceidit,

126 2977 176 3036 θιτο.
190 2976 318 3038 Ἄκουσον
343 2982 405 3055 γοῦν
429 2981 475 3035 τοῦ
503 2981 621 3053 μαθητοῦ
645 2978 724 3036 αὐτοῦ
747 2977 880 3055 λέγοντος·
935 2990 988 3028 non
1003 2969 1082 3040 viris,
1097 2991 1150 3028 uon
1163 2969 1323 3028 mulieribus
1338 2971 1473 3050 parcebat.
1484 2971 1557 3030 Audi
1572 2972 1655 3032 disci·

88 3070 93 3081 '
125 3069 206 3139 ωας
223 3071 253 3131 δὲ
277 3069 435 3148 {pupulam
455 3069 503 3142 τὴν
522 3069 702 3144 Ἐναληαίαν,
728 3069 797 3129 κατὰ
821 3069 881 3139 τοὺς
935 3060 1787 3140 pu111m25autusauremdevastabaesscctestam,Acte-t

124 3159 190 3227 ἀκως
199 3160 434 3243 εἰσπορευόμενος,
445 3159 531 3240 σύρων
540 3184 570 3219 τε
579 3161 674 3239 ἄνδρας
686 3161 731 3220 καὶ
744 3172 879 3241 γυναῖκας.
934 3155 966 3210 in
981 3155 1082 3212 ἀοιιιοο
1095 3156 1270 3233 ingrediens,
1285 3156 1406 3213 trahens
1420 3159 1501 3215 viros
1512 3169 1541 3215 et
1552 3159 1655 3216 mulie·

124 3251 237 3331 θδδέγδρ
260 3253 341 3331 ἤρκει
357 3255 463 3333 αὖτῷὴ
485 3252 582 3333 ἀνορλ,
607 3253 675 3311 ἀλλά
698 3253 744 3312 χαλ
768 3257 804 3320 εἰς
832 3252 879 3319 τὰς
935 3265 990 3304 res.
1004 3246 1063 3303 Non
1078 3245 1119 3302 illi
1131 3246 1219 3303 sorum
1231 3246 1295 3304 satis
1307 3246 1471 3322 erat,sedin
1483 3247 1579 3307 domos
1588 3249 1656 3308 insi-

123 3344 187 3411 νἀίος
200 3344 340 3415 {mn-‚132-
362 3342 438 3403 Κανὰ
453 3342 512 3410 τοὺς
528 3343 614 3411 οἴχονς
633 3345 685 3425 γὰρ
698 3345 882 3426 temptuque.
933 3336 1079 3395 liebat21n
1092 3339 1193 3397 dontos
1214 3339 1395 3417 ingrediens,
1407 3338 1454 3397 ait.
1470 3341 1563 3418 Neque
1574 3341 1655 3417 dixit,

121 3458 162 3510 κς,
175 3438 245 3517 pasl.
261 3437 316 3496 Kal
332 3439 380 3494 οῦκ
391 3427 478 3508 εἶπεν,
492 3437 573 3516 ἄγων,
587 3437 662 3510 οὐδὲ,
685 3437 769 3496 ἵλκων
786 3439 881 3517 ἄνδρας
934 3427 1053 3505 doeens,
1069 3429 1113 3487 vel
1134 3428 1251 3488 evellens
1271 3429 1346 3488 viros
1375 3451 1406 3488 ac
1430 3430 1574 3507 mulieres;
1589 3432 1655 3508 sed,

121 3528 153 3584 ut
172 3536 315 3606 γυναῖκας,
338 3527 425 3601 ἀλλὰ,
450 3528 542 3606 Σύρων
564 3529 660 3607 ἄνδρας
680 3529 725 3587 καὶ
745 3540 880 3608 γυναῖκας·
939 3523 1070 3580 Trolrens
1085 3525 1167 3579 ‘viros
1185 3542 1222 3579 ae
1240 3522 1387 3594 mulieres,
1410 3521 1526 3581 aeside
1544 3523 1655 3582 seralo-

120 3619 223 3698 καθάπερ
243 3619 308 3699 περὶ
337 3619 427 3700 θηρίου
448 3621 645 3698 διαλεγόμενος,
669 3620 761 3698 Σύρων
785 3622 881 3702 ἄνδρας
936 3632 1081 3696 queretur:
1097 3621 1123 3677 T
1120 3621 1228 3677 mlieris
1236 3622 1318 3676 miros
1330 3640 1366 3676 ac
1380 3620 1516 3678 mulieres
1527 3644 1538 3689 ;
1550 3641 1602 3679 non
1612 3620 1654 3681 vi-

119 3709 154 3766 καὶ
166 3721 301 3787 γυναῖκας·
313 3711 360 3771 καὶ
374 3714 421 3770 οὐκ
441 3712 537 3791 ἄνδρας
558 3709 652 3789 μόνον,
671 3711 739 3770 ἀλλὰ
763 3710 808 3770 καὶ
833 3737 879 3791 γυ-
935 3730 979 3767 ros
989 3709 1077 3768 solnm
1089 3754 1096 3782 ,
1110 3707 1156 3767 sed
1172 3709 1253 3766 etiam
1267 3708 1404 3767 mulieres.
1424 3712 1518 3788 Neque
1532 3726 1657 3773 naturam

118 3811 203 3870 ναῖκες.
215 3801 289 3862 Οὐδὲ
302 3801 439 3882 τὴνφύσιν
462 3804 565 3881 ᾐδεῖτο,
580 3802 638 3862 οῦδὲ
653 3801 768 3880 τὸγένος
791 3803 881 3876 ἠλέει,
896 3817 916 3862 t)
934 3801 1123 3872 reverebatur,
1133 3820 1219 3876 neque
1231 3821 1311 3858 sexus
1325 3799 1513 3878 miserebatur,
1525 3803 1656 3880 nequeob

116 3892 164 3952 οῦδὲ
183 3895 249 3973 πρὸς
271 3892 321 3966 vlu
338 3893 473 3953 ἀσθένειαν
488 3896 631 3953 ἀπεκλᾶτο.
647 3894 806 3975 Ζήλῳγὰρ,
821 3896 881 3976 οὐχὶ
934 3890 1120 3949 infirmitatem
1137 3890 1317 3968 frangebatur.
1332 3891 1396 3950 Zelo
1407 3913 1533 3971 namque,
1550 3916 1603 3953 nou
1611 3897 1655 3954 lu-

115 3987 180 4064 opp
209 3991 296 4044 ταῦτα
318 3984 409 4045 ἐποίει.
426 3985 478 4044 Διὰ
502 3990 580 4044 τοῦτο
601 3985 689 4063 οἱμὲν
705 3989 827 4047 Ἰουδαῖοι
847 3988 881 4048 τὰ
935 4002 995 4040 rore
1007 3995 1112 4057 motus,
1133 3981 1184 4039 hoc
1200 3981 1305 4061 agebar.
1325 3983 1389 4041 ldeo
1402 3984 1490 4061 ludaei
1504 3985 1555 4045 hoc
1566 3987 1656 4067 ipsum

114 4077 172 4135 σι’πλ
184 4082 336 4151 ποιοῦντος,
348 4075 416 4144 ἄξιοι
427 4077 600 4156 κατηγορίας·
619 4069 692 4145 οὗτος
706 4078 734 4139 δὲ
756 4079 790 4139 τὰ
813 4080 880 4140 αὐτὰ
935 4072 1072 4148 facientes,
1083 4071 1365 4151 criminationedigni3
1374 4073 1516 4135 biceontra
1526 4077 1554 4136 id
1564 4098 1654 4158 agens,

113 4172 197 4241 ποιῶν,
222 4168 295 4236 ἄξιος
317 4167 484 4247 συγγνώμης.
512 4171 565 4228 Καὶ
581 4168 640 4250 ,γὰρ
665 4173 711 4228 ἀπ’
734 4174 820 4231 αὐτῶν
844 4165 880 4232 ὧν
935 4165 1014 4226 venia
1030 4164 1130 4243 dignus
1143 4177 1192 4224 est.
1207 4163 1389 4225 Etenimillos
1400 4168 1491 4247 palam
1504 4169 1655 4229 eratbono-

111 4259 208 4319 ἐποίουν
220 4261 298 4330 δῆλοι
312 4251 392 4333 ἦσαν,
406 4260 447 4319 ὅτι
460 4263 553 4320 ἐκεῖνοι
567 4261 614 4339 μὲν
628 4267 708 4339 τιμῆς
729 4264 816 4321 ἕνεκεν
831 4263 878 4321 καὶ
934 4257 972 4316 ris
993 4270 1019 4317 et
1039 4258 1127 4316 inanis
1140 4259 1212 4338 apud
1233 4258 1332 4337 vulgus
1356 4260 1449 4338 gloriae
1474 4282 1553 4319 eausa
1581 4261 1653 4322 illud

112 4351 180 4421 δοῖης
203 4356 250 4422 τῆς
273 4350 349 4430 παρδ
362 4355 414 4409 τῶν
429 4353 535 4411 πολλῶν
551 4359 635 4412 ταῦτα
653 4355 795 4434 ἔπραττον·
808 4347 881 4423 οὗτος
934 4370 1031 4429 agere,
1043 4349 1088 4410 bic
1102 4371 1164 4409 vero
1185 4372 1272 4424 secus,
1290 4351 1335 4409 sed
1348 4350 1403 4410 zelo
1418 4374 1479 4429 erga
1491 4355 1579 4411 Deum
1590 4375 1653 4433 per-

111 4441 197 4523 δέὠχ
218 4441 315 4515 οὕτως,
330 4440 398 4501 ἀλλά
421 4446 460 4519 τῷ
476 4446 538 4522 Θεῷ
556 4446 651 4518 ζηλῶν,
671 4449 694 4504 εἰ
708 4447 753 4505 καὶ
770 4445 807 4525 μὴ
820 4451 879 4506 κατ’
933 4456 1034 4516 motus,
1043 4442 1091 4500 etsi
1100 4463 1151 4500 non
1158 4441 1306 4500 secundnm
1314 4442 1654 4515 seientiamQuamobrem

110 4534 257 4611 ἐπίγνωσιν·
272 4534 316 4594 διδ
330 4541 407 4594 τοῦτο
421 4538 515 4594 ἐκεῖνοι
532 4535 579 4603 τὰς
603 4535 650 4614 μὲν
666 4548 792 4616 γυναῖκας
803 4539 880 4619 alpie—
933 4532 984 4604 illi,
992 4532 1092 4590 relictis
1106 4531 1276 4607 mulieribus,
1289 4532 1362 4590 viros
1379 4532 1654 4613 impugnabant,qnia

109 4627 269 4695 σαν,ποίςδέ
282 4625 408 4706 ἀνδράσιν
428 4627 583 4703 ἐπολέμουν,
598 4628 689 4701 ἐπειδὴ
710 4634 746 4698 εἰς
764 4631 878 4699 ἐκείνους
933 4623 961 4683 in
986 4623 1047 4682 illos
1071 4624 1185 4702 gloriam
1206 4645 1281 4682 suam
1306 4624 1573 4684 transisse-videbant
1586 4651 1593 4684 ι
1608 4627 1654 4686 bie

110 4714 193 4796 ἐνὀρων
204 4717 252 4789 τὴν
263 4719 364 4776 ἐαυπιῦν
379 4719 565 4796 περιελθοῦσαν
578 4719 658 4796 τιμήν
669 4743 676 4757 ·
688 4711 761 4788 οὗτος
777 4722 816 4797 δὲ,
833 4724 879 4783 ἅτε
933 4728 1034 4792 autem,
1047 4728 1140 4794 utpote
1151 4715 1209 4773 zelo
1223 4715 1387 4785 stimulante,
1400 4715 1539 4776 universos
1548 4717 1652 4778 adorie-

110 4807 266 4882 ζηλοτυποῦν,
277 4807 343 4888 πρδς
365 4807 483 4875 ἅπαντας
501 4808 602 4871 ἵστατο.
618 4815 700 4872 Ταῦτ’
714 4804 757 4872 οὖν
773 4814 878 4875 ἅπαντα
933 4808 1022 4867 batur.
1030 4807 1093 4865 Haec
1105 4828 1194 4864 secum
1203 4807 1293 4864 omnia
1305 4820 1432 4886 reputans
1441 4808 1653 4881 Lucas,videns·

112 4898 227 4969 ἐννοήσας
239 4903 255 4958 δ
268 4903 385 4973 Λουκᾶς,
399 4899 445 4958 καὶ
460 4903 528 4980 ὁρῶν
541 4902 618 4961 αδτδν
629 4902 704 4963 οὔπω
719 4905 878 4985 κορεννθμε-
895 4919 914 4966 Β
932 4922 984 4978 que
997 4900 1076 4958 illum
1088 4897 1208 4957 nondum
1223 4919 1279 4956 esse
1292 4898 1430 4972 satiatum,
1446 4898 1553 4960 dicebat
1564 4925 1571 4958 ι
1581 4904 1652 4963 Sau-

111 5011 162 5059 νοι,
175 4991 261 5071 Rape·
274 4993 378 5057 Σαῦλος
389 4991 417 5050 δέ
431 4991 471 5052 ἔτι
485 4992 606 5069 ἐμπνέων
618 4997 730 5067 ἀπειλῆς
743 4998 789 5057 καλ
801 4998 878 5079 ρόνου
934 4994 980 5052 lus
994 5005 1093 5051 aretem
1108 4992 1205 5048 adletae
1225 4993 1342 5067 spirans
1363 4993 1509 5049 minarum
1522 5005 1549 5050 et
1564 4996 1655 5055 coedts

88 5079 403 5160 ¹alteris<pattqedzeo'ti
428 5083 534 5163 Κυρίου.
559 5087 618 5145 Οὐκ
638 5087 758 5166 ἐκόρεσεν
773 5090 880 5151 αὐτὸνὸ
933 5088 965 5142 in
985 5084 1144 5163 discipulos
1160 5083 1292 5139 Domini.
1308 5079 1650 5145 Nousatiariteumeaedes

113 5169 180 5244 ςδως
197 5171 344 5252 Σεκράνου,
358 5172 561 5244 οὐκένέπλησεν
585 5179 665 5235 αὐτοῦ
679 5177 879 5258 τὴνέπιθυμίαν
933 5174 1074 5255 Stephani,
1086 5169 1333 5252 nonejnsexplevit
1345 5170 1465 5249 animum
1477 5177 1649 5254 persequutio

119 5260 137 5322 lt
154 5257 234 5325 δίωξις
251 5263 298 5331 τῆς
319 5259 483 5332 Ἐκκλησέας
493 5261 584 5339 ,ἀλλά
606 5265 756 5345 περαιτέρω
768 5267 880 5346 προῄει,
934 5267 1078 5346 Ecclesia),
1091 5264 1139 5325 sed
1165 5263 1276 5322 ulterius
1299 5260 1460 5341 procedebat
1474 5287 1580 5345 :noque
1604 5267 1648 5326 fu·
