3764 5992
525 447 558 496 ru
586 449 716 501 tinniunt
743 452 786 503 nr
813 454 960 514 vrnuau.
1200 434 1203 441 Ι
1430 463 1508 559 395

140 566 286 648 ιθμσνον,
296 572 367 632 ἀλλά
379 596 406 631 τι
415 573 462 633 καί
471 573 559 657 ἕτερον
571 577 741 656 ᾠκονόμηται
835 587 865 646 5.
879 590 974 672 Neque
994 595 1082 657 solum
1095 597 1163 675 hoc,
1183 601 1231 662 sed
1244 617 1271 664 et
1289 605 1365 667 aliud
1378 630 1426 689 per
1438 610 1566 679 bunccus
1578 638 1605 681 su
1614 635 1666 679 utu

140 662 301 743 ῖπροφήςω
320 663 387 744 πρὸς
407 666 455 738 τὴν
475 668 563 749 χήραν
586 670 739 751 παρουσίας.
793 679 928 760 prophete
942 683 1089 749 adventum
1101 689 1137 751 ad
1153 691 1263 756 viduam
1274 697 1395 777 providit
1407 722 1440 760 ac
1453 703 1509 762 dis·
1519 694 1616 770 ‘l‘⁰'¹²⁸·
1652 714 1664 740 ²

140 752 230 831 ,μετὰ
246 759 332 815 ταῦτα
346 756 459 856 ὁρῶντές
476 781 545 826 τινες
562 758 608 818 τδν
624 761 739 839 Χριστὸν
792 773 891 849 posuit.
907 777 948 835 Ne
959 779 1030 839 enim
1043 795 1135 863 postea
1146 804 1209 845 eum
1229 787 1370 850 Christum
1385 794 1507 854 nonnulli
1518 761 1594 879 iiiii.
1609 773 1668 881 did.

140 845 206 913 tte<
223 845 270 906 καί
283 848 398 928 δφιίτους
411 851 560 930 εὐεργεσίας
573 851 621 919 τίς
634 855 679 913 ἐπί
691 859 740 927 τῆς
794 879 929 926 cernerent
947 884 1009 950 post
1029 874 1115 933 multa
1134 890 1160 935 et
1182 877 1312 938 immensa
1336 882 1466 945 beneficia
1480 884 1594 946 inruet·-

139 935 199 997 ιιεδ
211 939 272 1005 rob<
285 939 394 1019 μυρίους
406 941 526 1022 νεκροὺς,
540 942 584 1009 ohe
594 942 739 1019 ἀνίστησι,
793 952 917 1016 Judaeam
932 959 1045 1038 oollata,
1064 980 1126 1045 post
1140 966 1294 1030 innumeros
1312 987 1433 1035 mortuos
1443 999 1512 1057 quos

139 1026 247 1108 ιφλοδς,
257 1027 459 1112 οδςάναύλίψαι
469 1032 593 1106 ἐποίησε,
605 1033 673 1110 μετὰ
681 1033 740 1104 τοδε
794 1048 1048 1136 suscitaverat‚post
1056 1077 1149 1135 cacos,
1157 1061 1234 1140 queis
1246 1064 1336 1124 visum
1348 1068 1510 1146 restituerat,

139 1119 286 1201 ςίκιίθηρε,
298 1122 367 1199 μετὰ
378 1120 439 1191 robe
452 1123 599 1202 δαίμονας,
614 1123 658 1192 οὓς
671 1125 741 1197 ἀπί-
793 1153 854 1217 post
865 1141 997 1222 leprosos,
1010 1168 1077 1225 quos
1087 1151 1281 1228 mundaverat,
1294 1170 1356 1236 post
1364 1157 1509 1236 demones,

140 1210 356 1290 vletmpeerlu
366 1214 412 1273 καί
421 1215 551 1294 σωτήριον
560 1217 741 1291 διδασκαλίαν,
759 1213 778 1262 Ε
794 1250 862 1307 quos
876 1234 1000 1312 ejecerat,
1015 1253 1077 1317 post
1099 1241 1291 1304 admirabilem
1312 1247 1513 1331 salutaremque

139 1304 181 1362 ὓν
197 1306 421 1386 εδεμγιτηδίντων
431 1307 613 1385 ἐλαυνόμενον,
627 1308 742 1390 παρδδί
793 1319 957 1397 doctrinam,
971 1327 1007 1385 ab
1019 1329 1087 1408 illis,
1103 1353 1172 1409 quos
1185 1333 1348 1397 devinxerat
1360 1339 1511 1417 beneficiis,

153 1394 240 1456 ίθνισι
251 1395 402 1476 τιμώμενον
416 1398 490 1460 οὐδὲν
507 1405 624 1460 τοιοῦτον
636 1401 742 1461 εἰδότων
795 1434 853 1474 esse
871 1431 1015 1492 vexatum,
1028 1435 1055 1504 et
1068 1444 1084 1481 a
1098 1425 1245 1502 gentilibus
1258 1427 1359 1490 bonore
1372 1433 1511 1516 affectum,

139 1485 206 1561 ίτιυν,
220 1491 389 1566 θαυμάζωσι,
401 1491 561 1570 διαπορῶσι,
576 1491 621 1550 καί
630 1491 741 1553 ἄπιστον
795 1503 842 1581 qui
853 1504 924 1564 nihil
938 1507 1074 1587 viderant,
1089 1532 1139 1572 nec
1148 1514 1322 1593 audiverant,
1334 1520 1511 1597 mirarentur,

138 1570 207 1639 εἶναι
223 1579 364 1660 νομίζωσιν
376 1605 383 1618 ·
397 1582 495 1641 ἄνωθεν
511 1583 557 1641 καὶ
574 1583 627 1663 πρὸ
644 1586 743 1644 πολλοῦ
794 1590 965 1667 dubitarent,
981 1610 1008 1656 et
1029 1619 1088 1657 rem
1101 1619 1159 1659 csse
1170 1602 1357 1665 incredibilem
1375 1609 1514 1671 existima·

139 1670 176 1731 ut
187 1675 242 1731 τῶν
255 1670 355 1731 δούλοιν
365 1671 413 1744 τὴν
425 1672 573 1746 Ἰουδαϊκὴν
587 1676 742 1754 &pompaed-
794 1690 854 1735 reat
864 1701 871 1734 ι
883 1679 960 1759 prius
972 1702 1005 1740 ac
1023 1683 1110 1744 multo
1130 1701 1193 1747 aute
1214 1702 1335 1772 tempore
1356 1716 1404 1775 per
1422 1718 1514 1760 susos

139 1784 172 1837 ιι,
195 1763 243 1824 καί
266 1768 319 1823 τῶν
346 1767 425 1823 tutu
455 1765 647 1847 φιλοφροσύνην
670 1772 742 1844 ἡμᾶς
793 1782 867 1839 suos,
876 1779 902 1825 et
916 1790 1002 1847 quam
1017 1771 1135 1852 improbi
1151 1777 1253 1837 luerint
1262 1779 1353 1841 Judai
1366 1803 1414 1843 nos
1425 1784 1513 1859 docet,

139 1854 200 1915 uzu
219 1861 282 1935 γοῦν
301 1856 345 1915 τὸν
374 1855 493 1936 Ἰωσὴφ,
516 1857 560 1924 ebe
583 1857 742 1937 παρεγίνετο
793 1866 916 1931 ecquam
935 1877 1024 1918 eomes
1036 1874 1063 1920 et
1078 1862 1192 1923 hnmani
1216 1866 1318 1927 suerint
1338 1870 1451 1948 gentiles
1464 1890 1514 1933 nos

139 1970 195 2021 νος,
216 1947 262 2008 καί
277 1949 378 2008 ἀνελεῖν
398 1948 586 2029 ἐπεχείρησαν,
604 1950 741 2029 ἄνθρωπος
750 1983 787 2023 ost
794 1943 913 2010 iustruit.
927 1948 974 2008 Sic
984 1949 1116 2012 nimirum
1126 1967 1153 2013 ct
1161 1957 1263 2037 loseph
1272 1959 1314 2018 illi
1317 2004 1326 2035 ‚
1341 1961 1443 2039 quibus
1455 1963 1515 2045 ipse

139 2064 152 2108 ς
173 2043 211 2107 είς
234 2039 361 2119 μεγίστην
385 2040 471 2118 ἤγαγε
490 2041 580 2118 τιμήν,
595 2041 675 2101 οὕτω
695 2043 740 2102 τὸν
759 2037 896 2097 Λοίίισσίσ
918 2041 1124 2104 ministraturus
1137 2047 1299 2127 advenerat,
1312 2053 1394 2112 etiam
1419 2076 1515 2116 nemre

139 2130 232 2204 βιαααν
250 2133 276 2188 ol
291 2131 502 2209 εὐεργετηθέντες
520 2132 659 2207 Ἰουδαῖοι,
675 2137 738 2192 ὑπε-
793 2130 881 2188 conati
898 2133 1065 2194 suntrhomo
1078 2151 1168 2198 autem
1181 2141 1316 2202 barbarus
1332 2144 1360 2203 in
1373 2167 1514 2208 summum

138 2224 272 2305 ίνδρινιιος
290 2223 421 2306 βάρύαρος
439 2223 553 2304 Ἰωδὼρ,
572 2226 618 2283 καί
641 2229 740 2298 πολλῆς
793 2220 873 2279 illum
894 2222 1024 2284 honorem
1054 2229 1155 2290 evexit.
1178 2233 1237 2290 Nou
1266 2233 1347 2294 aliter
1372 2239 1512 2317 Moysem,

138 2314 382 2397 ρθῦῦνηςῆξίωσεν·
396 2313 478 2374 Ούτιυ
492 2316 537 2374 τδν
560 2315 644 2375 Δαυίδ
665 2317 740 2388 ἀπή·
793 2332 875 2388 quem
896 2313 1028 2375 beneficio
1049 2319 1140 2378 allecti
1159 2322 1288 2402 expulere
1310 2326 1413 2403 Judai,
1429 2329 1513 2390 bomo

138 2405 218 2467 Ξιὼλ
228 2408 296 2485 μετὰ
308 2405 355 2479 τὴν
367 2413 413 2466 τοῦ
422 2407 522 2468 Γολιδιθ
535 2408 663 2489 κεφαλὴν,
673 2409 741 2488 μετὰ
793 2403 926 2464 barbarus
934 2405 1032 2466 Jothor
1045 2411 1164 2490 excepit,
1176 2425 1203 2471 ot
1216 2414 1333 2474 multam
1344 2416 1371 2474 in
1384 2439 1447 2476 eum
1461 2440 1514 2479 co-

138 2499 310 2569 ςοιινδύνους,
325 2498 367 2567 οὓς
381 2501 427 2560 καί
447 2502 520 2580 αὐτῷ
540 2500 586 2560 καί
606 2506 640 2580 τῇ
663 2501 741 2562 πόλις
793 2493 1153 2560 mitatemethomanitatem
1167 2502 1302 2565 exhihuit.
1315 2507 1361 2566 Sic
1375 2508 1512 2570 Davidem

138 2591 292 2671 „peplum
310 2590 416 2650 ιλυσςν·
428 2591 572 2659 ὑπεδέξατο
592 2593 619 2651 δὲ
632 2591 740 2673 Ἀργώ,
793 2586 863 2645 Saiil
873 2601 935 2666 post
945 2604 1118 2669 amputatum
1133 2592 1246 2653 Goliath
1262 2612 1343 2677 capnt
1353 2599 1440 2678 ejecit,
1453 2616 1514 2683 post

152 2681 298 2763 βασιλεὺς,
319 2683 365 2742 καί
378 2686 416 2750 εἰς
435 2683 536 2755 πολλὴν
550 2683 635 2762 ἤγαγε
647 2686 737 2763 τιμήν.
792 2678 869 2738 mille
882 2680 1080 2761 periculaque
1092 2684 1127 2743 ab
1138 2688 1197 2767 ejus
1209 2688 1383 2769 civitatisque
1396 2693 1512 2754 cervici·

138 2780 177 2836 ῶν
192 2774 346 2835 τδνἪλίαν
362 2776 504 2847 ἀπήλασαν
527 2776 574 2854 μὲν
596 2776 737 2853 Ἰουδαῖοι,
791 2770 1213 2854 bussaepedepuleratthncbus
1227 2792 1318 2839 autem
1333 2803 1383 2842 rex
1404 2783 1510 2844 barba-

138 2868 282 2949 lixit*
301 2866 389 2927 ὀταν
409 2859 453 2927 οὖν
474 2868 533 2948 ῐδῃς
554 2867 599 2927 τὸν
623 2871 737 2949 Χριστὸν
791 2884 884 2922 rorum
893 2864 1010 2945 excepit,
1025 2879 1052 2925 et
1067 2866 1095 2926 iu
1109 2888 1239 2948 maguum
1252 2869 1385 2931 bonorem
1403 2875 1508 2940 evexit.

138 2984 174 3022 ιον
200 2958 250 3038 μὲν
270 2958 344 3041 παρδι
370 2962 465 3028 αὐτῶν,
494 2959 686 3039 ὑποδεχόμενον
709 2961 737 3022 δὲ
791 2956 831 3014 lta
842 2976 913 3015 nunc
926 2957 1007 3016 etiam
1022 2957 1128 3019 Heliam
1143 2961 1273 3042 expulere
1285 2963 1456 3039 Judaei,sed
1467 2968 1511 3026 ri·

138 3053 224 3125 ἷθνῶν,
245 3051 344 3110 ἄνωθεν
362 3049 422 3117 τοὺς
441 3049 539 3118 τύπους
566 3050 737 3127 καταμαθὼν,
790 3045 846 3106 dua
860 3048 987 3128 suscepit.
1006 3049 1125 3123 Quando
1150 3050 1237 3129 igitur
1250 3053 1392 3114 Christum
1406 3057 1441 3115 ab
1455 3058 1510 3118 illis

138 3168 163 3217 γς
192 3143 239 3203 dart
266 3147 315 3214 τῆς
343 3149 390 3201 τοῦ
417 3142 574 3222 πράγματος
602 3141 736 3214 ἀληθείας.
790 3137 928 3218 repulsum
939 3138 1042 3199 rideris
1055 3146 1377 3224 exceptumsgentibus,
1386 3149 1511 3209 animad-

138 3238 175 3294 ῦν
194 3234 243 3294 καὶ
256 3233 371 3313 σήμερον
393 3238 439 3293 τοῦ
461 3234 577 3313 Χριστοῦ
598 3234 734 3314 λέγοντος,
754 3244 772 3290 Β
789 3230 873 3289 versis
887 3243 965 3290 antea
980 3231 1090 3310 liguris,
1105 3253 1139 3292 nc
1149 3233 1308 3314 prodentem
1322 3239 1509 3299 sereiverita·

138 3324 368 3403 τοαίνιττομένου.
380 3326 451 3404 tipo<
461 3322 513 3405 γδρ
523 3324 584 3392 τοὺς
594 3326 735 3396 Ἰουδαίους
789 3336 842 3381 tem
858 3323 975 3381 mireris.
993 3323 1102 3383 Audisti
1125 3346 1190 3404 ergo
1205 3327 1346 3387 Christum
1366 3329 1448 3389 hodie
1463 3330 1507 3391 di-

137 3442 181 3488 m
194 3416 379 3497 διαλεγόμενος
393 3418 490 3496 ἔλεγεν,
504 3419 546 3476 ὅτι
561 3418 665 3477 Πολλοί
678 3424 734 3500 χῖ,-
788 3427 936 3489 centem,et
950 3413 1003 3474 hoc
1014 3414 1105 3495 ipsum
1117 3416 1341 3477 subindicantem.
1353 3421 1422 3479 Cum
1435 3423 1507 3481 enim

139 3518 204 3576 ταῖς
215 3509 327 3590 ἡμέραις
340 3507 448 3579 Ἠλίου,
467 3508 513 3567 καί
535 3509 599 3590 πρὸς
611 3511 734 3587 οὐδεμίαν
787 3503 896 3566 Judaeos
907 3504 1077 3585 indignantes
1084 3506 1507 3586 alloqueretur,dicehat:MuItae
1513 3538 1570 3584 trec.
1579 3535 1604 3600 4,
1615 3537 1656 3585 25,

137 3602 224 3675 Ιλίας,
244 3603 267 3660 et
278 3600 316 3678 μὴ
329 3601 394 3680 πρὸς
412 3599 461 3672 τὴν
475 3601 561 3680 χήραν
573 3600 621 3673 τὴν
636 3604 664 3660 ἐν
678 3604 734 3662 Σα-
787 3599 886 3656 vidum
901 3610 987 3655 eram
1005 3602 1038 3655 in
1050 3599 1152 3656 diebus
1166 3600 1276 3671 Helice,
1290 3614 1317 3659 et
1336 3605 1378 3660 ad
1391 3605 1507 3665 nullam

137 3694 260 3761 Σιδῶνος.
272 3692 341 3751 Ἀλλ’
357 3691 419 3759 ἴσως
435 3695 518 3750 ἐκεῖνο
534 3693 566 3750 ἄν
584 3716 624 3758 τις
636 3694 733 3753 διαπο-
787 3693 891 3748 missus
904 3702 947 3746 est
958 3689 1074 3759 Helias,
1088 3693 1147 3748 πίει·
1165 3691 1207 3748 ad
1216 3693 1350 3769 viduam,
1361 3716 1426 3773 quae
1440 3712 1505 3758 erut

137 3784 215 3859 ίποπι
231 3783 275 3841 τὸν
289 3782 359 3842 odem
377 3781 535 3852 ζηλώσαντα
548 3781 614 3865 ὑπὲρ
626 3788 675 3855 τῆς
686 3788 734 3843 τοῦ
787 3787 820 3838 in
829 3780 1000 3859 Sarephtlsis
1009 3781 1198 3842 Sidonr's.Sed
1207 3797 1307 3860 qureret
1317 3786 1507 3866 fortassequis·

139 3875 279 3937 δλίὸισδαι
296 3874 342 3934 καί
362 3880 581 3955 στενοχωρεῖσθαι
602 3879 702 3955 ἀφῆκεν
720 3881 735 3936 ὁ
787 3870 871 3951 piam,
894 3890 976 3948 quam
991 3870 1027 3929 ob
1043 3891 1151 3930 eausam
1173 3893 1235 3932 eum
1253 3875 1300 3954 qui
1327 3890 1432 3937 tantum
1457 3902 1506 3960 pro

137 3966 174 4029 ιδν
197 3970 234 4034 τίς
253 3966 298 4026 τδν
312 3966 474 4048 χειμάρρων
496 3967 621 4042 πίμπιον,
642 3974 686 4027 νῦν
707 3965 734 4027 δὲ
787 3963 839 4023 Dei
862 3961 948 4040 gloria
962 3961 1048 4021 telum
1071 3984 1127 4042 pra
1142 3984 1171 4022 se
1190 3965 1305 4042 tulerat,
1318 3969 1413 4029 vexari
1433 3971 1506 4030 Deus

137 4058 206 4141 ἱραν,
223 4063 269 4118 νῦν
288 4058 317 4117 δὲ
342 4062 379 4126 εἰς
400 4059 466 4117 ἄλλο
485 4058 594 4137 χωρίον,
614 4058 734 4138 καθάπερ
787 4054 939 4135 permiserit
947 4067 973 4113 et
981 4053 1078 4133 affligi,
1085 4074 1147 4114 cum
1158 4077 1221 4114 enm
1232 4057 1266 4116 ad
1278 4071 1423 4119 torrentem
1433 4083 1506 4122 nunc

137 4151 209 4223 ’πτην
221 4148 318 4219 τόπους
337 4153 368 4210 ίκ
387 4149 476 4208 τόπων
498 4148 620 4226 ἀμείὸειν
644 4172 734 4231 παρα·
787 4148 912 4222 mitteret,
924 4166 996 4205 nunc
1004 4144 1041 4204 ad
1052 4146 1175 4222 viduam,
1186 4168 1258 4208 nnnc
1266 4150 1352 4209 aliurn
1364 4151 1392 4210 iu
1404 4152 1504 4236 locum,

137 4240 196 4305 Ότι
221 4243 274 4325 γὰρ
298 4242 417 4303 ίδλίὸετο
442 4244 488 4302 καὶ
511 4245 731 4325 ίστενοχωρεῑτο,
787 4253 924 4317 tamquam
937 4237 1059 4296 exsulem
1080 4236 1225 4315 quemdam
1251 4240 1345 4300 rolens
1365 4241 1454 4300 locum
1469 4264 1504 4302 ex

142 4340 190 4397 τοῦ
200 4335 309 4395 Παύλου
319 4335 456 4413 λέγοντος,
471 4336 619 4416 Περιῆλδον
636 4337 663 4392 ἐν
676 4359 732 4412 μη·
750 4341 769 4388 C
786 4333 846 4391 loco
857 4344 971 4389 mutare.
986 4330 1124 4390 Venatum
1146 4330 1256 4391 enimet
1273 4332 1404 4392 afflictum
1421 4333 1504 4393 lusisse

137 4424 236 4507 ςδγιίοις
247 4425 383 4508 δέρμασιν,
395 4425 596 4505 ὑστερούμενοι,
611 4424 732 4501 δλιύόμε-
784 4423 849 4484 andi
864 4443 920 4501 quo
930 4434 1010 4502 pacto
1025 4421 1127 4479 Paulus
1139 4421 1220 4481 etiam
1232 4437 1360 4482 testetur:
1375 4426 1502 4486 Circuie-
1509 4451 1655 4506 11,ur‚„,37,

137 4518 238 4597 ύμιναι.
253 4518 332 4587 Τίνος
345 4509 390 4579 ούν
401 4517 489 4577 ίνεκεν
500 4516 637 4577 cultuum
653 4517 730 4576 αὐτὸν
784 4527 855 4575 runt
867 4519 899 4572 in
912 4514 1038 4584 melotis,
1049 4517 1080 4570 ιἰι
1089 4514 1215 4591 pellibus
1226 4519 1365 4592 cuprinis,
1376 4532 1500 4597 egentes,

137 4632 157 4679 ις
182 4610 219 4670 Εἰ
250 4609 298 4690 μὲν
329 4609 381 4689 γὰρ
403 4608 470 4690 ὑπὲρ
500 4613 553 4667 τῶν
587 4611 623 4675 εἰς
655 4608 732 4668 αὐτὸν
785 4602 1654 4696 etugrtstiutr,afflictiCurigiturillumsivitellligilcmffin,m

136 4726 159 4763 ιυ
183 4701 282 4774 ταύτην
309 4701 408 4773 ἀπαίτει
433 4700 492 4767 τοὺς
519 4700 662 4766 Ἰουδαίους
682 4698 731 4770 τὴν
786 4699 854 4756 Nam
866 4696 888 4754 si
898 4693 1010 4773 quidem
1020 4692 1056 4751 eb
1067 4715 1097 4753 ea
1110 4708 1219 4775 peccata
1233 4718 1296 4776 quae
1307 4699 1336 4757 in
1351 4700 1442 4780 ipsum
1453 4702 1503 4761 ad·
1511 4715 1575 4786 υοιιιΙ
1587 4710 1654 4766 ausui

136 4792 263 4861 ιεςδντις
278 4766 359 4874 ἔφησε
380 4798 413 4872 τῇ
437 4791 660 4872 στενορωρίφτῆς
674 4792 733 4850 ολί-
785 4788 924 4857 miserant,
937 4784 1133 4846 hasaJudaeis
1145 4808 1238 4867 poenas
1252 4791 1396 4870 exegisset,
1407 4779 1595 4854 merito·³'‘¹¹‘·

136 4883 282 4962 λαμύάνειν
302 4893 405 4963 πεῖραν,
424 4882 493 4942 ὥστε
511 4885 633 4961 γενέσθαι
647 4881 733 4963 πραό-
786 4879 900 4939 dixisset
911 4898 974 4936 eum
986 4876 1130 4936 vexatione
1145 4879 1196 4938 ista
1212 4880 1365 4960 periculum
1380 4884 1505 4945 alllictio·

136 4980 267 5057 ιδυφιίναι
281 4979 329 5047 τῆς
341 4975 487 5055 ιῖιμίτιςιος.
502 4977 536 5034 El
557 4975 585 5034 δὲ
605 4975 655 5053 οὐχ
668 4973 734 5053 ὑπὲρ
787 4971 829 5032 nis
842 4969 946 5044 recisse,
961 4979 990 5026 ut
1004 4967 1096 5026 mitior
1112 4969 1202 5045 lieret,
1216 4986 1242 5030 et
1254 4973 1378 5032 nonnihil
1389 4974 1423 5035 de
1438 4997 1505 5035 cru-

136 5066 167 5127 δν
188 5067 334 5146 γινομένων
355 5070 442 5134 αὐτοῖς
465 5070 647 5142 μνησικακῶν,
676 5067 734 5124 ἀλλ’
788 5061 899 5122 delitate
914 5059 1128 5118 remitteret:sin
1146 5075 1237 5121 autem
1259 5084 1311 5122 nou
1328 5065 1403 5142 qnod
1421 5069 1508 5127 malo-

136 5158 202 5226 ςτδυ
211 5158 350 5232 Διαπότην
362 5157 484 5226 daedala<
504 5157 549 5217 καί
564 5156 665 5237 δύρεως
685 5182 737 5229 τη-
790 5174 852 5215 rum
866 5171 970 5210 memor
979 5165 1056 5228 esset,
1067 5174 1128 5231 quae
1137 5152 1173 5212 ab
1186 5153 1242 5214 illis
1250 5177 1346 5236 passus
1357 5158 1452 5235 furerat,
1462 5163 1509 5221 sod

136 5248 195 5325 ίνην
206 5250 341 5333 ίπιίγαγεν
353 5253 444 5319 αὐτοῖς
453 5250 502 5324 τὴν
513 5248 664 5331 συμφορὰν,
676 5249 749 5317 τίνος
792 5243 865 5326 quod
875 5257 985 5325 propter
994 5264 1087 5305 corum
1103 5245 1233 5307 adversus
1246 5249 1396 5389 Domipppm
1409 5251 1511 5334 impro-
