3764 5992
145 391 192 463 Cc
463 409 866 489 s.soauu1scunrscsr.
895 408 1051 457 ancusae.
1080 408 1347 458 consciunuor.

147 553 224 615 sunt,
238 512 454 599 resurrectionis
469 535 679 598 demonstratio
689 540 794 595 iterum
805 534 965 615 asserenda
979 545 1054 592 erat.
1067 534 1192 610 Quando
1207 537 1297 592 etiam
1309 533 1392 593 Acta
1407 533 1621 612 Apostolcmm
1640 555 1690 593 ae-

146 636 296 712 cipientes‚
312 632 381 688 inde
393 632 480 689 vobis
491 630 664 709 frequentia
682 629 820 686 convivia
834 628 1021 704 apposuimus
1035 646 1045 701 3
1061 645 1099 683 ac
1113 625 1223 684 multas
1236 627 1409 703 crebrasque
1421 627 1640 685 admonitiones
1653 631 1689 684 iis

146 723 291 793 dedimus,
302 726 353 802 qui
365 741 457 801 nuper
465 721 627 800 [baptismi]
634 722 763 799 gratiam
773 728 957 794 acceperant.
966 715 1019 773 Hic
1029 735 1154 794 maguam
1164 715 1339 775 homiliarum
1351 715 1515 776 continenter
1531 718 1689 776 habitarum

147 813 244 872 seriem
258 813 401 871 habemus.
416 813 468 871 Per
482 824 564 869 totam
584 809 669 888 igitur
682 806 924 887 Quadragesimam
935 805 1067 866 Humilias
1082 805 1151 865 duas
1171 820 1197 865 et
1210 808 1320 887 triginta
1332 809 1435 888 priores
1447 809 1474 867 iu
1488 809 1618 868 Genesim
1638 809 1690 866 ha-

146 904 227 965 buit:
251 902 329 962 Feria
348 915 438 962 autem
460 900 553 980 quinta
574 901 602 958 in
617 901 698 958 Coena
711 898 819 959 Domini
830 895 1011 956 Humiliarum
1031 896 1059 955 iu
1072 898 1199 956 Genesim
1224 918 1333 958 cursum
1356 899 1508 980 intercepit,
1525 914 1556 958 ut
1573 901 1687 960 delude

147 994 286 1054 Proditore
299 994 464 1072 loqueretur,
484 990 557 1070 quod
578 991 658 1050 etiam
672 990 731 1071 ipse
746 988 815 1049 dicit
830 988 908 1047 initio
924 987 999 1046 illius
1013 988 1139 1048 Humilia
1152 986 1187 1047 de
1200 988 1283 1065 Juda,
1295 991 1373 1069 cujus
1391 990 1513 1066 initium,
1528 991 1687 1069 ἔὸοολόμην,

146 1084 290 1164 ἀγαπητοί,
307 1104 367 1162 quae
385 1083 505 1162 sequitur
517 1081 580 1141 illas
599 1081 711 1160 triginta
723 1079 792 1140 duas
811 1081 839 1138 in
854 1078 980 1139 Genesim
992 1078 1128 1138 homilias.
1142 1080 1195 1138 Die
1216 1082 1375 1141 Parasceves
1394 1084 1515 1160 sequenti
1539 1083 1688 1142 Humiliam

146 1176 243 1236 babuit
257 1175 291 1234 dc
302 1176 389 1234 Cruce
399 1188 425 1233 et
439 1175 566 1251 Latrone,
579 1173 737 1231 alterutram
750 1192 786 1232 ex
797 1170 840 1246 iis,
853 1191 921 1248 quas
931 1169 1057 1230 continua
1071 1171 1139 1229 serie
1153 1169 1289 1231 edidimus
1298 1173 1378 1231 Tum.
1390 1177 1410 1231 P
1424 1195 1514 1248 :na1n,
1522 1188 1554 1232 ut
1567 1174 1602 1233 de
1611 1176 1686 1233 Cou-

147 1267 222 1327 ciune
236 1265 378 1328 intudem
393 1265 560 1340 dicebamus,
576 1285 636 1322 eam
650 1263 695 1323 bis
708 1263 934 1342 aChrysostumu,
951 1261 999 1320 scd
1012 1275 1191 1335 retractatam,
1202 1275 1229 1321 et
1239 1263 1342 1340 aliquot
1358 1263 1384 1322 iu
1397 1262 1463 1324 loeis
1477 1279 1619 1340 mutatam,
1633 1266 1685 1324 ha-

107 1351 111 1356 ’
145 1358 233 1420 bium
245 1359 337 1435 fuisse,
358 1357 479 1437 idipsum
497 1353 728 1435 deprehendimus
744 1354 780 1413 de
793 1353 913 1413 Humilia
931 1351 959 1411 iu
973 1354 1087 1411 Crucem
1100 1366 1127 1411 et
1142 1353 1296 1428 Latronem,
1307 1367 1338 1413 ut
1349 1355 1376 1413 in
1390 1356 1496 1415 Munito
1508 1356 1545 1415 ad
1562 1356 1686 1415 camdem

147 1449 249 1511 videas.
259 1451 354 1509 Postea
367 1469 431 1510 vero
451 1447 481 1505 in
500 1445 545 1505 die
564 1445 674 1506 Paschae
688 1459 780 1505 contra
799 1444 919 1512 ebriosus
931 1458 958 1503 et
975 1443 1009 1504 de
1027 1446 1219 1505 resurrectione
1230 1446 1401 1506 concionatus
1415 1461 1466 1521 est,
1478 1463 1510 1507 ut
1530 1450 1589 1534 jam
1603 1471 1685 1531 supra

146 1541 276 1601 vidimus.
291 1541 426 1620 Tempore
434 1551 525 1598 auum
535 1537 662 1619 paschali
673 1536 806 1597 Hamillus
817 1538 845 1596 iu
856 1535 1022 1617 principium
1032 1539 1162 1595 Actorum
1175 1536 1283 1615 habuit,
1294 1558 1409 1616 quarum
1417 1553 1533 1616 quatuor
1546 1541 1591 1601 vel
1602 1541 1683 1619 quin-

146 1655 199 1711 que
207 1645 361 1713 supersunt,
374 1629 397 1690 si
410 1650 616 1688 annumeremus
626 1629 702 1687 illam
714 1628 751 1687 de
759 1649 814 1706 qua
825 1627 913 1687 initio.

186 1725 354 1784 Careautem
364 1720 499 1803 puteshas
509 1720 537 1779 iu
546 1723 612 1779 Acta
624 1719 812 1801 Apostolorum
822 1718 960 1792 humilias,
967 1741 1025 1799 quae
1035 1721 1062 1780 iu
1071 1742 1152 1802 supra
1162 1721 1244 1781 allato
1254 1722 1313 1781 locu
1320 1738 1511 1801 memorantur,
1521 1746 1579 1784 esse
1586 1746 1686 1805 corpus

146 1814 217 1875 illud
235 1814 417 1874 Humiliarum
431 1813 460 1872 in
476 1815 553 1889 Atta,
570 1832 631 1890 qum
645 1831 743 1891 magno
758 1831 869 1870 uermeru
884 1810 955 1869 iufra
973 1809 1105 1888 edentur,
1122 1833 1184 1870 nam
1199 1812 1253 1871 illae
1267 1813 1499 1895 Constantinopoli
1513 1814 1589 1873 haud
1603 1815 1687 1874 dubie

146 1906 246 1966 habitae
265 1919 338 1983 sunt,
353 1906 395 1964 hm
407 1916 472 1966 re'ro
485 1903 513 1963 in
531 1903 696 1985 principium
713 1906 854 1979 hetorum,
872 1901 1032 1978 Antiochia,
1051 1915 1082 1960 ut
1095 1902 1230 1980 liquidum
1243 1917 1282 1962 est
1294 1928 1301 1960 :
1315 1917 1395 1983 atque
1408 1907 1436 1964 in
1455 1906 1544 1986 prima
1562 1919 1588 1965 et
1608 1907 1687 1965 tertia

145 1998 181 2058 ad
195 2019 282 2079 nuper
294 1997 441 2079 baptizatos
451 1995 646 2054 echertaticues
659 1993 900 2054 animadvertimus
914 1993 986 2069 illas,
1003 1993 1110 2071 quasin
1125 1993 1185 2053 loco
1198 2015 1279 2075 supra
1290 1995 1372 2054 allato
1386 2017 1414 2054 se
1427 1996 1554 2058 habuisse
1565 2019 1685 2057 comum-

146 2102 241 2150 mcrat.
256 2091 321 2150 Post
333 2090 395 2149 illas
404 2110 468 2152 rem
481 2087 509 2147 iu
525 2086 691 2168 principium
704 2092 835 2147 Actorum
854 2084 993 2147 conciones
1005 2084 1187 2145 intemaissum
1204 2086 1370 2146 Concicnum
1381 2088 1409 2146 in
1420 2089 1549 2148 Genesim
1562 2089 1687 2149 ordinem

146 2181 357 2262 Chrysustcmus
370 2179 475 2262 repetit.

184 2273 238 2332 Hic
251 2274 338 2333 cernis
354 2293 481 2352 magnam
501 2285 527 2331 et
545 2272 715 2354 perspicuam
730 2272 888 2333 concionum
908 2271 1013 2349 seriem
1026 2272 1121 2333 eodem
1141 2273 1262 2333 habitam
1278 2295 1359 2333 auno.
1379 2275 1513 2354 Quodque
1523 2275 1627 2336 mirum
1640 2277 1684 2335 vi·

146 2366 254 2441 deatur,
270 2366 298 2424 in
317 2377 393 2424 tanto
403 2363 579 2424 humiliarum
593 2363 708 2424 decursu
727 2385 760 2424 ne
769 2370 818 2446 γρῦ
831 2364 942 2442 quidem
952 2380 1107 2446 comparet,
1128 2365 1200 2424 uude
1211 2365 1274 2443 quis
1292 2365 1339 2425 ille
1351 2365 1433 2446 luerit
1449 2388 1537 2427 annus
1552 2367 1687 2449 expiscari

143 2458 188 2521 rel
211 2457 387 2539 probabiliter
398 2456 683 2537 possimus.0pinatur
697 2456 887 2517 Tillemontius
904 2455 1023 2535 aliquam
1042 2458 1171 2537 temporis
1191 2470 1283 2516 nomm
1303 2478 1379 2537 posse
1392 2457 1501 2540 decerpi
1515 2480 1552 2518 ex
1562 2458 1686 2519 Humilia

145 2549 267 2611 secunda
278 2549 312 2610 de
325 2549 427 2611 Christi
441 2548 581 2627 Precibus,
596 2548 644 2608 ubi
654 2549 694 2608 sic
708 2547 815 2608 orditur
824 2548 1034 2629 Chryscstcmus
1047 2572 1054 2605 ι
1066 2551 1163 2617 ἱκανῶς
1176 2553 1204 2608 ἐν
1219 2559 1276 2617 ταῖς
1291 2549 1439 2632 ἔμπροσθεν
1453 2553 1688 2632 ἐπανηγυρίοοιμεν

143 2643 272 2724 ἡμέραις,
287 2646 339 2702 τῶν
359 2643 446 2703 ἄθλιον
468 2641 656 2720 ἐπιλαθόμενοι
670 2644 723 2701 τῶν
744 2644 926 2702 ἃποοτολικῶν
941 2640 987 2699 καὶ
1007 2646 1041 2720 τῇ
1066 2642 1187 2721 διηγήσει
1207 2647 1260 2702 τῶν
1277 2648 1462 2720 πνευματικῶν
1479 2644 1688 2725 ἐντροφήσοντες

142 2734 368 2815 κατορθωμάτων,
385 2731 403 2791 ἰ.
418 2753 442 2790 e.
461 2732 659 2810 Superioribus
673 2735 774 2792 diebus
790 2733 907 2792 abunde
920 2734 952 2790 in
964 2733 1072 2792 celebri
1084 2746 1160 2792 caetu
1172 2737 1326 2793 conciones
1339 2735 1506 2806 babuimus,
1523 2736 1687 2815 apostolica
1713 2777 1719 2788 ·

143 2828 307 2885 certamina
321 2835 493 2895 tractantes,
513 2836 542 2882 et
555 2824 753 2904 spiritualium
774 2837 852 2884 recte
862 2824 1019 2905 sactorum
1034 2829 1205 2889 narratione
1224 2845 1277 2884 nos
1299 2826 1489 2887 oblectantes.
1506 2827 1580 2900 Haec,
1597 2827 1687 2906 inquit

143 2916 198 2992 ille,
213 2915 360 2998 apostolica
375 2915 520 2974 certamina
533 2915 710 2996 probabiliter
730 2916 824 2975 referri
840 2929 953 2998 possunt
971 2914 1007 2975 ad
1022 2915 1165 2976 Coneicnis
1184 2915 1358 2997 precedentis
1380 2917 1471 2977 locum
1487 2919 1578 2993 illum,
1593 2941 1688 2980 russis

143 3008 237 3079 finem,
255 3006 302 3066 ubi
323 3005 363 3065 ait
382 3005 517 3086 apostolos
538 3027 596 3066 esse
617 3006 695 3086 quasi
713 3006 860 3088 principes,
876 3028 992 3086 quorum
1005 3007 1134 3087 preclara
1154 3023 1227 3088 gesta
1241 3022 1304 3067 sunt
1319 3009 1488 3070 recensenda.
1509 3014 1617 3073 Verum
1634 3032 1687 3070 non

143 3098 336 3159 animadvertit
345 3096 545 3173 Tillemontius,
560 3097 588 3157 iu
602 3098 651 3158 illo
666 3097 828 3156 Homiliaell
850 3095 885 3157 de
898 3097 1000 3157 Christi
1014 3098 1142 3159 Precibus
1152 3098 1286 3180 principio
1300 3099 1335 3158 de
1348 3100 1441 3161 multis
1453 3101 1480 3160 iu
1500 3103 1686 3184 apostulorum

143 3191 289 3252 certamina
311 3188 484 3249 concionibus
497 3189 554 3269 agi,
567 3188 641 3268 quod
655 3209 708 3248 uun
727 3203 815 3269 potest
834 3188 968 3267 quadrare
985 3188 1022 3249 ad
1034 3190 1265 3270 Humiliam,quae
1283 3192 1311 3251 in
1327 3193 1404 3273 prius
1416 3192 1496 3253 editis
1514 3195 1686 3274 praecedebat

141 3282 220 3343 illam
233 3283 267 3342 de
284 3281 386 3342 Christi
410 3280 544 3363 precibus,
559 3303 694 3360 quamque
713 3302 761 3342 uos
776 3282 956 3363 Chysostumo
976 3281 1046 3343 duce
1064 3282 1180 3364 primam
1197 3283 1225 3342 in
1245 3283 1412 3366 principium
1432 3288 1561 3346 Actorum
1584 3287 1687 3346 consti-

144 3375 256 3436 tuimus.
271 3375 378 3435 Deiuda
392 3374 510 3434 Humilia
524 3374 572 3434 illa
585 3373 700 3434 mcunda
711 3373 747 3434 de
760 3375 861 3434 Christi
874 3374 1000 3456 precibus
1012 3396 1083 3436 anuo
1103 3375 1162 3436 587
1176 3375 1268 3435 habita
1290 3391 1341 3453 est,
1361 3377 1421 3458 ipsc
1434 3378 1534 3438 fatente
1558 3394 1686 3459 reeteque

143 3481 275 3528 statuente
288 3465 473 3543 Tillemontio,
486 3488 539 3544 qua
548 3488 614 3526 vero
627 3465 689 3526 anui
700 3479 780 3548 ¹parte
790 3466 942 3544 incertum3
959 3466 1007 3526 sed
1018 3468 1064 3528 vel
1076 3480 1138 3527 ante
1147 3468 1191 3527 vel
1204 3481 1265 3548 post
1278 3468 1518 3549 Quadragesimam
1531 3471 1610 3532 illius
1621 3472 1688 3532 anni

141 3559 246 3620 dictam
266 3572 390 3640 oportet;
403 3558 426 3618 si
440 3571 502 3618 aute
516 3557 767 3637 Quadragesimam,
777 3557 913 3637 quomodo
930 3558 1032 3619 dixerit
1045 3559 1254 3645 Chrpscstcmus
1275 3582 1303 3619 se
1317 3581 1403 3642 nuper
1415 3565 1443 3621 ἐν
1462 3571 1521 3631 ταῖς
1537 3562 1687 3643 ἔμπροσθεν

144 3653 256 3734 ἡμέραις
266 3651 301 3711 de
314 3651 498 3731 apostolorum
513 3649 706 3710 certaminibus
719 3649 813 3730 egisse,
827 3649 863 3710 de
875 3650 988 3715 homilia
1003 3651 1125 3730 loquens,
1141 3672 1222 3731 quam
1235 3652 1329 3732 paucis
1342 3667 1403 3734 post
1416 3655 1519 3715 Pascha
1532 3653 1597 3714 anui
1611 3677 1687 3737 pras-

143 3743 262 3803 cedentis
273 3742 332 3804 586
346 3741 443 3802 diebus
452 3743 609 3802 habuisset?
622 3742 653 3804 Si
667 3755 727 3824 post
735 3741 976 3824 Quadragesirnam
989 3757 1016 3803 et
1029 3757 1135 3824 tempus
1146 3743 1281 3824 paschale,
1294 3764 1356 3803 eum
1371 3744 1419 3804 illa
1433 3745 1553 3805 Humilia
1567 3747 1645 3827 prior
1658 3747 1685 3807 iu

143 3835 309 3915 principium
323 3837 448 3891 Actorum
459 3832 552 3893 eudem
563 3855 633 3893 anno
643 3834 736 3895 habita
747 3835 868 3895 fueritin
878 3849 997 3915 tempore
1017 3834 1211 3916 paschalique
1226 3834 1350 3894 Humiliae
1363 3837 1390 3894 ic
1400 3837 1527 3897 Genesim
1539 3860 1590 3918 per
1602 3852 1685 3898 totam

144 3925 387 4004 Quadragcsimam
396 3922 495 3982 habitae
504 3937 577 3999 sunt,
587 3937 742 4001 sequeretur
753 3925 886 3986 Humilias
896 3926 923 3985 in
930 3926 1058 3986 Genesim
1067 3947 1137 3986 anuo
1148 3925 1208 3986 587
1221 3925 1466 4007 iuQuadragesirua
1478 3928 1586 3989 habitas
1594 3931 1685 3992 luisse.

110 4054 135 4094 ω
144 4021 180 4078 At
195 4030 300 4076 cenum
308 4028 349 4075 est
359 4013 599 4094 Quadragesimam
612 4026 696 4072 totam
706 4014 769 4076 anui
779 4016 838 4076 587
852 4016 978 4076 Humiliis
988 4012 1060 4077 circa
1069 4019 1178 4079 Statuas
1190 4029 1297 4078 eversas
1307 4032 1334 4078 et
1347 4019 1527 4081 calamitatem
1539 4023 1684 4085 Antioche-

144 4130 206 4168 nam
218 4105 473 4188 insignitaml'uisse.
484 4105 611 4184 Alioquin
623 4126 686 4167 vero
695 4126 748 4164 non
759 4106 812 4166 sibi
824 4120 927 4167 cunstat
938 4107 1137 4184 Tillemontius,
1145 4110 1169 4168 si
1179 4110 1325 4171 Humiliam
1341 4112 1458 4192 primam
1475 4113 1503 4172 iu
1518 4113 1683 4197 principium

143 4205 273 4261 Actorum
286 4199 425 4278 consignet
437 4197 465 4256 in
481 4218 581 4256 aunum
596 4197 665 4271 aut,
680 4198 790 4276 quando
815 4211 918 4257 certum
933 4199 1042 4258 omnino
1062 4213 1113 4272 est,
1128 4201 1187 4282 ipsu
1202 4204 1300 4263 latente
1311 4203 1503 4282 Tillemontio,
1515 4227 1576 4267 eam
1589 4207 1684 4268 adem

142 4313 212 4353 annu
226 4290 429 4373 pronuntiatam
442 4289 541 4365 fuisse,
557 4309 611 4368 quo
625 4287 751 4348 Humilia
765 4287 793 4373 in
806 4287 945 4367 Genesim,
959 4312 1027 4370 quas
1045 4291 1104 4372 ipse
1116 4293 1292 4373 probabiliter
1311 4295 1403 4355 statuit
1419 4317 1491 4357 anno
1504 4300 1563 4359 595
1577 4299 1684 4359 habitas

142 4385 230 4444 finisse.
240 4385 272 4445 Si
284 4383 328 4443 vel
338 4381 418 4441 certis
432 4382 477 4440 vel
488 4380 683 4441 verisimilibus
694 4379 859 4460 argumentis
873 4380 902 4440 id
916 4396 1042 4443 statueret
1053 4384 1257 4463 Tillemontius,
1268 4387 1342 4447 hunc
1357 4387 1432 4448 haud
1447 4378 1532 4449 dubie
1547 4391 1683 4451 caleulum

140 4496 318 4555 sequeremur.
335 4470 390 4533 Sed
403 4493 466 4531 cum
479 4493 521 4532 res
530 4471 678 4532 admodum
692 4471 807 4532 obscura
820 4471 974 4553 incertaque
984 4475 1120 4547 videatur,
1132 4475 1217 4537 donce
1225 4476 1292 4556 quid
1305 4480 1475 4559 probabilius
1486 4496 1616 4564 eruergat,
1630 4483 1683 4543 cal-

140 4567 201 4627 culo
213 4566 322 4627 luendo
336 4562 580 4646 supersedebimus.

181 4658 362 4720 Humiliarum
376 4657 403 4718 iu
415 4656 581 4739 principium
593 4661 723 4718 Actorum
735 4656 920 4740 interpretatio
935 4671 975 4718 est
988 4659 1131 4720 antcnis
1145 4660 1248 4721 Dueaei.

738 4995 1080 5025 ⁸⁸¹¹*—
