3764 5992
528 474 561 523 ts
590 477 701 540 rison,
731 478 833 526 vinus
862 481 1043 530 ntroaron.
1482 470 1553 564 589
1645 532 1649 539 .

160 594 283 674 δεομένου
302 599 350 668 τῆς
371 597 527 676 θεραπείας,
555 600 624 659 ἀλλὰ
646 601 712 682 πρὸς
731 601 780 675 τήν
835 604 965 684 abjectus.
979 608 1020 665 Ne
1032 606 1193 686 dignitatem
1207 621 1310 688 spectes
1324 609 1400 687 ejus,
1413 610 1461 688 qui
1481 612 1556 671 cultu

144 684 206 747 όνεν.
220 686 278 747 Κᾶν
288 686 341 767 γὰρ
354 689 461 761 εὐτελὴς
479 680 497 768 ᾖ
511 690 557 749 καὶ
571 692 779 771 ἀπερριμμένος,
835 708 861 752 et
872 694 994 755 subsidio
1004 696 1119 776 indiget,
1132 697 1178 756 scd
1192 697 1312 778 inopiam
1323 713 1437 759 tantum.
1451 702 1557 774 Quam-

144 776 329 858 πσρρόνητος,
343 783 358 838 θ
373 782 486 860 Χριστὸς
503 781 571 841 οὕτω
591 806 633 843 σοι
651 784 780 860 λογίζεται
835 785 879 843 vis
899 785 970 845 enim
991 787 1054 847 vilis
1067 801 1093 846 et
1111 789 1232 869 abjectus
1245 791 1297 861 sit,
1313 804 1338 849 et
1351 790 1502 872 despectus,
1519 793 1557 853 ita

144 892 172 941 ιι,
188 871 227 935 ὣς
240 869 317 937 αὐτὸς
331 863 360 930 τό
381 871 471 932 παθὼν
487 874 519 933 δι’
535 873 642 934 ἐκείνω.
655 874 715 934 Ἵνα
729 876 779 956 γδιρ
834 876 886 935 tibi
900 877 1024 937 Christus
1046 878 1198 939 mercedem
1209 880 1336 960 imputat,
1352 902 1384 939 ac
1398 881 1420 940 si
1431 904 1481 962 per
1493 903 1557 942 eum

145 956 195 1031 τήν
219 958 295 1027 ἀξίαν
312 962 452 1040 βλέπωμεν
471 969 524 1023 τῶν
547 966 779 1046 εὐεργετουμένων,
834 968 893 1048 ipse
905 969 1068 1029 bencfimum
1080 971 1235 1051 accepisset.
1248 973 1289 1031 Ne
1310 972 1382 1031 enim
1395 993 1497 1049 eornm,
1508 974 1556 1052 qui

144 1046 159 1106 ί
174 1072 256 1129 φησι·
271 1053 409 1112 11εινῶνταί
426 1077 460 1132 με
474 1054 570 1131 είδετε,
584 1058 630 1116 καί
644 1057 778 1139 ἐθρέψατε.
797 1064 817 1109 Ι)
833 1060 972 1122 beneficiis
981 1063 1147 1139 abiciuntur,
1159 1063 1300 1143 dignitatis
1308 1065 1438 1124 rationem
1445 1065 1557 1125 babere·

144 1140 207 1200 ίνιαν
218 1143 361 1223 λεγόντων,
374 1146 445 1205 11ότε
458 1170 489 1206 σε
511 1149 614 1226 είδομεν
632 1154 778 1221 πεινῶντα,
835 1172 906 1231 mus,
914 1152 979 1213 aridi
988 1153 1056 1235 quid
1066 1154 1140 1214 dieat
1152 1179 1158 1212 :
1171 1158 1359 1215 Esurieutem
1369 1160 1552 1230 meotidistis,
1564 1168 1651 1214 Μαιιδ.
1665 1166 1705 1214 25.

144 1235 360 1315 αγιενςίπήγαγε
380 1237 475 1316 λέγων,
487 1238 546 1319 Ἐρ*
559 1239 619 1299 ὅσον
638 1241 780 1313 ἐποιήσατε
835 1258 864 1302 et
875 1247 1001 1307 aluistis.
1011 1247 1117 1306 Deinde
1138 1269 1200 1306 cum
1222 1247 1264 1306 illi
1282 1246 1411 1325 dicerent,
1429 1228 1632 1334 Quandoifij,
1647 1290 1688 1337 3„

144 1328 232 1406 ιερῶν
245 1326 353 1402 caimos,
368 1330 428 1407 ίμολ
441 1330 582 1402 ἐποιήσατε
595 1355 601 1369 ·
616 1331 685 1393 ὥστε
704 1335 779 1393 οὐδε·
834 1348 862 1393 te
876 1338 1008 1397 uidimus
1026 1342 1217 1410 esurientem,
1231 1352 1260 1398 et
1283 1341 1434 1399 aluimus?
1456 1341 1555 1422 adjecit
1666 1322 1675 1351 ¹

144 1417 354 1479 καταλέλειπται
362 1420 502 1501 πρόφασις.
512 1421 572 1482 Ἵνα
582 1423 634 1505 γδρ
647 1425 685 1502 μὴ
697 1425 779 1505 λέγω·
833 1426 924 1486 dicens
942 1452 948 1484 :
965 1431 1113 1507 Quamdiu
1125 1432 1241 1510 fecistis
1260 1435 1313 1489 uni
1335 1452 1372 1489 er
1387 1433 1601 1512 lrisparvis,1t.
1615 1443 1689 1507 ιήο.

144 1510 184 1565 roi
194 1513 242 1566 νῦν
255 1510 325 1571 κατὰ
334 1511 377 1570 τὸν
390 1511 486 1573 Ἠλίαν
497 1517 597 1596 εὑρεῖν,
609 1522 660 1576 ποῦ
673 1516 700 1574 δὲ
711 1517 780 1577 κατδι
834 1520 907 1576 milri
915 1521 1045 1600 fecistis.
1057 1522 1151 1599 ltaque
1163 1521 1254 1579 nullrrs
1265 1521 1376 1580 relictus
1385 1535 1425 1580 est
1440 1537 1555 1602 praten·

144 1606 238 1674 σαῑον;
253 1603 313 1676 καί,
332 1603 375 1671 δός
396 1627 440 1682 μοι
459 1606 591 1675 τοιούτους
611 1609 723 1688 ἄνδρας,
735 1608 780 1668 καί
834 1623 888 1668 tus.
904 1610 1045 1689 Siquidem
1053 1634 1085 1671 ne
1093 1611 1183 1671 dicere
1192 1632 1338 1692 possemus,
1350 1612 1407 1672 Ubi
1418 1634 1491 1672 nunc
1501 1614 1555 1672 He-

144 1714 178 1763 ’tt
191 1692 286 1761 αὐτοὺς
297 1695 458 1774 ὑποδέξομαι
472 1702 521 1769 τῆς
534 1702 680 1779 προθυμίας
693 1701 739 1760 καί
751 1703 780 1762 οὐ
832 1701 876 1760 liae
887 1703 1004 1761 similem
1019 1702 1211 1762 inveniemus?
1226 1703 1275 1761 ubi
1294 1704 1412 1763 similem
1427 1703 1555 1767 Elisaeo?

144 1805 211 1859 ομαι
224 1784 300 1865 νίψαι
314 1785 375 1854 τοθς
387 1787 485 1862 πόδας,
499 1789 544 1848 καί
555 1791 635 1849 παντί
648 1797 778 1872 θεραπεῦ-
835 1792 908 1868 item,
923 1795 963 1852 Da
978 1793 1046 1852 milri
1061 1794 1127 1853 tales
1140 1792 1224 1870 viros,
1240 1807 1267 1853 et
1279 1816 1384 1853 somma
1399 1816 1461 1854 cum
1470 1794 1556 1854 animi

144 1897 171 1953 ρ·
189 1875 236 1934 lua
256 1876 295 1955 μή
310 1885 394 1937 ταῦτα
413 1880 544 1959 λέγωμεν,
558 1883 572 1943 δ
585 1885 676 1963 πολλῷ
691 1884 779 1961 μεῖζόν
833 1884 971 1944 alacritate
992 1884 1137 1966 suscipiam
1160 1885 1239 1963 illos,
1261 1906 1347 1964 neque
1365 1886 1457 1945 lavare
1474 1886 1556 1967 podes

144 1964 206 2034 τδςό
218 1974 265 2027 τοῦ
278 1968 371 2030 Ἠλίου
381 1971 428 2031 καί
445 1979 491 2031 τοῦ
504 1972 658 2033 Ἐλισσαίου
669 1978 714 2035 κα1
725 1982 779 2036 τῶν
797 1981 815 2026 Ε
834 1977 973 2048 recusabo,
987 1991 1013 2036 et
1031 1977 1105 2037 omni
1119 1977 1271 2036 officiorum
1282 1998 1378 2058 genere
1394 1978 1481 2037 colam
1497 2003 1505 2039 ε
1521 2000 1556 2040 ne

144 2079 151 2111 ι
175 2058 315 2131 Δεσπότης
346 2062 472 2121 ἇπαίντων
505 2065 547 2123 διὰ
581 2069 633 2123 τῶν
658 2068 778 2139 πενήτων
833 2066 891 2125 brec
915 2068 1083 2142 diceremus,
1105 2069 1177 2146 qtrod
1206 2070 1292 2128 multo
1319 2070 1406 2149 majus
1416 2083 1471 2143 est,
1498 2071 1556 2149 ipse

164 2151 233 2229 πρὸς
255 2157 329 2228 ἡμᾶς
356 2153 483 2221 εἰσιέναι.
506 2155 605 2234 λέγων·
632 2157 693 2238 Ἐφ’
718 2159 778 2220 όσον
833 2158 919 2216 ίίαίία·
933 2172 958 2217 et
974 2158 1064 2218 Elisaei
1079 2173 1105 2219 et
1115 2158 1310 2240 prophetarum
1321 2161 1444 2219 omnium
1456 2161 1555 2220 Domi-

144 2262 151 2299 t
169 2240 212 2301 ίνί
224 2242 324 2303 τούτων
342 2249 395 2303 τῶν
417 2251 529 2326 μικρῶν,
544 2248 603 2326 ἐμοὶ
628 2252 779 2322 ἐποιήσατε.
834 2268 885 2307 ntis
899 2269 947 2329 per
958 2270 1089 2330 pauperes
1106 2252 1141 2309 ad
1155 2271 1202 2308 nos
1212 2271 1240 2309 se
1253 2251 1438 2329 ingressurum
1452 2251 1555 2331 promi·

144 2336 348 2416 Ιπαραδροίμῃς
366 2336 397 2395 τδ
416 2337 563 2419 είμήμίνον.
579 2343 604 2400 T
606 2341 620 2400 δ
633 2341 699 2423 γδιρ,
712 2345 778 2402 Πει-
833 2339 878 2411 sit,
886 2361 948 2398 cum
964 2340 1057 2400 dixit:
1074 2343 1221 2419 Quamdiu
1244 2345 1360 2421 fecistis
1380 2347 1434 2400 ιιιιί
1455 2344 1492 2401 de
1508 2344 1554 2402 lais

144 2424 256 2485 εείδετε
279 2427 324 2486 καί
348 2429 489 2509 ἐθρέψατε,
513 2431 644 2513 τέσσαρας
664 2433 780 2513 ἀνάγκας
832 2435 970 2505 rninimis,
987 2435 1060 2491 milri
1080 2434 1205 2512 fecistis.
1217 2432 1272 2491 Sed
1284 2432 1359 2510 quotl
1374 2433 1479 2492 dietum
1494 2446 1552 2512 est,

155 2518 352 2594 ίλεημοσόνης·
365 2523 395 2581 τὸ
408 2521 560 2591 ἀξιόπιστον
571 2532 618 2584 τοῦ
633 2528 779 2601 αἰτοῦντος,
833 2543 866 2580 ne
878 2535 1028 2603 praetereas.
1038 2522 1113 2582 lllud
1124 2524 1206 2594 enim,
1221 2527 1407 2582 Esurientem
1420 2525 1553 2582 meatui-

144 2610 194 2679 ’της
207 2611 279 2671 ἐστίν
291 2619 306 2672 δ
317 2616 412 2673 αἰτῶν·
422 2616 453 2675 τδ
465 2618 607 2694 ἀναγκαῖον
618 2623 665 2689 τῆς
673 2619 778 2699 χρείας,
832 2619 903 2686 stis,
922 2628 1036 2692 qrratuor
1046 2614 1156 2674 exhibet
1170 2616 1346 2695 eleemosynae
1362 2616 1530 2675 necessitates
1544 2640 1551 2674 ι

149 2705 206 2764 ’τὸ
218 2703 325 2765 εὔκολον
339 2712 386 2778 τῆς
400 2706 510 2781 δόσεως,
522 2706 564 2766 ότι
583 2713 716 2789 τραφῆναι
729 2715 778 2784 ζη-
831 2705 903 2784 quod
915 2706 969 2764 fide
982 2706 1082 2785 dignus
1092 2707 1127 2765 sit
1141 2707 1164 2765 is
1176 2707 1223 2785 qni
1238 2707 1317 2788 petit,
1333 2705 1407 2785 quod
1422 2706 1553 2768 Dominus
1603 2729 1707 2789 Quaeso:

144 2794 209 2875 ‚W
223 2799 293 2856 αἰτεῖ
313 2797 401 2874 μόνον,
414 2799 473 2879 οὐχι
487 2800 603 2880 τρυφήν·
624 2803 655 2860 τὸ
671 2803 778 2882 μέγεθος
831 2798 864 2855 sit
874 2799 897 2856 is
909 2798 956 2876 qui
970 2800 1038 2879 petit
1052 2822 1059 2854 ι
1074 2798 1148 2876 quod
1162 2812 1254 2877 urgeat
1268 2799 1371 2878 inopia,
1384 2798 1452 2857 ditm
1469 2799 1553 2857 lantes
1562 2791 1706 2901 ⁰c¹fum⁸¹⁸¹3⁸

144 2896 189 2959 Ις,
202 2888 246 2949 δτι
269 2890 406 2967 βασιλείαν
423 2892 482 2950 ἀντὶ
494 2893 592 2952 rodeno
606 2898 657 2952 τῶν
674 2898 776 2973 μοιρῶν
829 2890 928 2969 premit
940 2913 946 2945 :
959 2888 1033 2967 quod
1052 2890 1131 2948 facile
1148 2892 1184 2948 sit
1204 2888 1316 2970 largiri,
1341 2910 1403 2948 cum
1426 2890 1553 2949 alimenta
1563 2919 1623 2960 ma„
1652 2918 1707 2962 tan-

144 3002 208 3040 ιτιει.
221 2980 407 3062 Ἀπόνθρωπος
418 2976 497 3042 ε’ίκαί
509 2984 581 3060 ὠμὸς
595 2985 640 3043 καί
650 2986 775 3059 ἀνηλεής
829 2982 954 3061 postulet,
970 2995 995 3041 et
1009 2981 1097 3040 solum
1114 3001 1230 3059 panem,
1252 3000 1304 3038 non
1323 2979 1435 3039 delicias
1459 2994 1533 3062 petat
1545 2982 1626 3039 prom.

144 3114 163 3142 .,
176 3071 300 3152 φησ1,τδ
313 3072 417 3152 ἀξίωμα
436 3081 481 3133 τοῦ
500 3079 642 3145 αἰτοῦντος.
662 3077 732 3136 Ἀλλ’
745 3080 775 3136 οὔ
829 3072 901 3151 quod
915 3093 1012 3152 magna
1026 3072 1205 3132 remuneratio
1220 3085 1409 3151 exspectetur,
1423 3092 1487 3130 cum
1503 3094 1554 3154 pro

154 3188 188 3226 σε
205 3164 238 3224 τὸ
258 3164 374 3244 ἀξίωμας
394 3167 466 3246 Πρὸς
488 3167 536 3239 τήν
556 3170 694 3250 συμρορδιν
714 3173 773 3230 ίπι-
783 3216 820 3255 ,ῃ
828 3166 1003 3244 exignisistis
1009 3165 1174 3246 promissum
1188 3165 1223 3223 sit
1239 3184 1363 3243 regnum.
1374 3165 1551 3238 Inhumanus,

158 3254 232 3315 Ἀλλ’
254 3256 314 3316 οὔτε
336 3257 370 3315 τδι
385 3261 432 3328 τῆς
450 3269 586 3339 συμφορᾶς
600 3263 636 3326 είς
656 3260 728 3319 ε’λεόν
745 3285 774 3321 σε
793 3273 812 3317 a
828 3256 963 3329 crudelis,
979 3271 1006 3316 et
1026 3256 1216 3315 immisericors
1229 3256 1280 3313 es?
1298 3258 1439 3329 Reverere,
1454 3256 1553 3336 inquit,

144 3370 177 3421 τις
190 3348 243 3407 Διὰ
258 3349 289 3408 τὸ
310 3354 357 3420 τῆς
372 3352 501 3421 αἰτήσεως
514 3349 620 3410 εὔκολον
638 3352 689 3419 δός.
703 3352 774 3412 Οὔτε
827 3347 988 3426 dignitatem
1000 3348 1060 3427 ejus
1074 3346 1121 3425 qui
1137 3346 1264 3426 postulat.
1279 3351 1315 3404 At
1329 3361 1451 3426 respectu
1461 3346 1554 3426 digni-

144 3463 165 3511 ε,
177 3440 240 3500 οὔτε
262 3440 293 3500 εδ
316 3444 457 3521 ἀναγκαῖον
473 3446 521 3512 τῆς
543 3443 650 3523 χρείας,
670 3445 729 3505 οὔτε
742 3446 773 3505 τὸ
827 3440 946 3498 tatisnon
959 3439 1098 3498 exoraris?
1109 3435 1368 3496 Calamitatesaltem
1379 3437 1492 3497 flectere.
1499 3439 1552 3499 Sed

144 3534 172 3603 ἧς
187 3532 284 3602 δόσεως
309 3533 414 3593 δύναταί
435 3559 465 3592 σε
486 3538 707 3607 πεῖσαι;οὖιιο’ῦν
730 3539 772 3597 διὰ
826 3527 1238 3609 nequecalamitatisraliolead
1250 3528 1462 3587 misericordiam
1477 3529 1552 3590 infle-

144 3648 151 3693 ς
169 3628 225 3684 τῶν
248 3627 452 3704 ἐπηγγελμένων
466 3631 571 3706 ἀγαθῶν
585 3627 721 3708 παρήορος
733 3637 771 3710 τῷ
826 3623 896 3682 etit?
913 3624 957 3682 Ob
973 3621 1112 3703 petitionis
1138 3620 1294 3679 facilitatem
1312 3620 1436 3680 concede.
1458 3623 1552 3700 Neque

144 3714 228 3797 Ὁρᾷς
246 3715 377 3799 τέσσαρας
389 3717 477 3786 αἰτίας
497 3718 642 3795 δυναμένας
661 3720 706 3778 καὶ
725 3721 769 3779 τὸν
825 3715 1051 3795 dignitas,neque
1061 3712 1158 3792 inopiae
1168 3712 1319 3786 necessitas,
1331 3732 1417 3790 neque
1429 3712 1553 3792 largitio·

144 3831 170 3877 ν,
191 3807 238 3866 καὶ
252 3809 297 3867 τὸν
309 3809 477 3890 μικρολόγον,
499 3808 545 3868 καί
557 3810 602 3867 τὸν
613 3812 770 3890 τετυρωμέ-
826 3806 867 3864 nis
881 3806 997 3864 facilitas
1007 3825 1176 3864 commovere
1192 3817 1218 3861 te
1231 3803 1335 3883 potest?
1348 3803 1451 3862 Saltem
1462 3805 1547 3883 igitur

144 3898 170 3957 be
186 3901 290 3972 ἂνηλεῆ
301 3945 311 3972 ,
323 3900 369 3959 καί
389 3901 434 3958 τὸν
460 3900 622 3981 νωθρότατον
646 3902 771 3962 ἁπάντων
824 3896 859 3955 ob
870 3918 961 3955 eorsum
975 3895 1118 3965 bonorum,
1130 3915 1191 3972 quae
1207 3898 1336 3974 promissa
1348 3909 1422 3971 sunt,
1438 3897 1546 3975 magni-

153 3991 410 4065 διαναστῆσαι;Τίς
423 3983 467 4050 οὗν
480 3993 554 4051 ἔσται
565 3992 707 4072 συγγνώμη
718 4004 772 4062 τοῖς
825 3989 945 4047 tudinem
969 4009 1053 4068 εμοινο
1075 3987 1172 4067 praebc.
1191 3985 1276 4046 Vides
1300 4001 1418 4066 quatuor
1438 4010 1548 4066 causas,

144 4080 209 4152 ιίεην
228 4082 385 4163 παραίνεσιν
406 4083 452 4142 καί
474 4082 626 4160 συμόουλὴν
638 4089 690 4143 τῶν
712 4087 770 4144 δεο·
824 4102 884 4159 quae
903 4094 1011 4160 possent
1026 4079 1068 4138 vel
1084 4076 1202 4158 lapidem
1216 4078 1318 4158 ipsum,
1334 4093 1360 4139 et
1383 4100 1509 4157 avarum,
1523 4095 1549 4140 et

144 4176 362 4255 ρορῶαινςΕίπω
375 4175 465 4247 δήκαὶ
479 4175 567 4256 ἕτερον
580 4175 769 4253 πρδςτοότοις·
824 4187 1001 4249 excecatum,
1026 4186 1050 4231 et
1077 4170 1319 4230 immisericordem
1345 4171 1500 4247 bominem,
1523 4191 1550 4236 et

144 4269 197 4324 νοί
210 4266 387 4344 μεμυημένοι.
402 4267 499 4335 Αὐτὸς,
511 4266 574 4326 όταν
592 4266 638 4346 δείρΙ
661 4292 692 4326 σε
710 4269 770 4348 θρέ-
824 4267 944 4335 omnium
958 4264 1176 4346 stupidissimum
1198 4263 1338 4322 excitare?
1363 4265 1452 4334 Quam
1466 4265 1551 4343 igitur

144 4360 194 4429 τῆς
206 4357 305 4434 σαρκὸς
322 4357 438 4437 φείδεται
454 4362 501 4428 τῆς
523 4362 633 4418 ἑαυτοῦ·
648 4359 711 4419 όταν
723 4361 769 4440 δέῃ
824 4358 931 4417 veniam
939 4379 1047 4437 sperare
1060 4369 1199 4437 poterunt,
1212 4354 1259 4434 qui
1267 4369 1327 4436 post
1341 4369 1444 4414 tantam
1455 4358 1550 4416 cohor·

145 4445 164 4519 ',
180 4450 242 4509 οὐδδ
254 4454 300 4508 τοῦ
321 4449 432 4526 αἵματος
444 4450 577 4530 φείδεται,
592 4451 650 4509 οὐδὲ
665 4458 769 4530 φθονεῖ·
790 4459 806 4504 tt
824 4450 950 4509 tationem
965 4464 990 4508 et
1003 4450 1146 4509 consilium
1158 4469 1254 4526 egenos
1270 4448 1438 4527 despicient?
1452 4449 1549 4509 Dicam

144 4539 159 4601 l
181 4540 264 4622 ἄρτου
288 4540 450 4617 μεταδίδως,
476 4541 533 4602 οὐδὲ
555 4542 697 4622 ποι-ορίου;
717 4545 769 4603 Καὶ
824 4558 850 4602 et
876 4541 953 4601 aliud
972 4554 1099 4622 praterea
1120 4539 1253 4617 quiddam
1267 4564 1273 4596 :
1286 4539 1398 4598 audiant
1421 4541 1468 4619 qui
1481 4563 1547 4622 my-

144 4632 326 4711 ;συγγνιίιμτ,ν
345 4639 456 4692 τοιαῦτα
471 4635 626 4711 λαμέοίνων,
641 4636 687 4693 καὶ
703 4635 770 4696 οὕτω
824 4635 985 4693 storiissunt
999 4632 1109 4691 initiati.
1132 4634 1202 4690 Cum
1215 4631 1252 4689 ali
1269 4645 1294 4690 te
1318 4652 1386 4711 opus
1408 4632 1502 4708 srrcrit,
1514 4654 1547 4692 ne
1602 4650 1636 4725 με
1654 4669 1702 4713 my-

157 4728 213 4783 τῶν
228 4726 342 4783 εὐτελῶν
355 4725 520 4805 ρειδόμενος,
533 4725 607 4806 Ὅρα
619 4728 656 4805 μή
668 4729 768 4787 πολλαί-
823 4727 896 4784 carni
908 4725 1018 4804 quidem
1031 4744 1085 4781 sua
1100 4722 1186 4803 parcit
1207 4722 1281 4804 ipse:
1298 4744 1359 4782 cum
1383 4723 1432 4782 tibi
1452 4714 1701 4821 potum‘¹‘{¹¹‘¹’uifi?;

144 4837 195 4883 ινος
205 4819 246 4895 τῷ
259 4817 368 4898 Χριστῷ
383 4819 471 4875 δοῦναι
485 4823 528 4878 ἐπὶ
543 4818 644 4899 κέρδει,
659 4822 709 4900 δῷς
725 4821 768 4879 ἐπὶ
823 4818 883 4876 dari
900 4838 968 4897 opus
983 4816 1074 4889 fuerit,
1087 4834 1120 4872 ne
1131 4813 1257 4892 sanguini
1265 4814 1378 4892 quidem
1389 4836 1437 4873 suo
1450 4815 1546 4899 parcit,
1555 4840 1608 4895 agn.

162 4906 293 4990 διαθολῳ.
307 4907 396 4968 Ὅταν
419 4911 471 4993 γίιρ
493 4911 589 4982 πένησι
611 4911 648 4990 μὴ
670 4914 767 4989 δῶμεν,
822 4932 870 4969 nec
884 4910 961 4968 illum
983 4906 1109 4967 invidet:
1127 4919 1155 4964 tu
1178 4927 1243 4965 vcro
1266 4928 1299 4964 ne
1323 4928 1420 4988 panem
1435 4906 1547 4988 quidem

144 5022 168 5067 ες
185 4998 329 5077 διδόαμεν·
343 5000 456 5060 κλέπτει
477 5003 652 5077 πολλάκις,ἦ
668 5004 714 5063 καί
728 5008 767 5063 οἰ·
821 5001 963 5083 impertis,
986 5021 1034 5059 nec
1052 4998 1182 5058 calicem?
1198 5001 1289 5073 Quam
1314 5000 1420 5059 tandem
1438 5001 1547 5063 veniant

144 5096 227 5173 ῶργοι
244 5091 427 5171 λαμόιίνοντες
443 5094 601 5169 ἀπῆλθον,ἢ
618 5096 664 5155 καί
679 5095 768 5177 ἕτεραι
820 5094 965 5172 obtinebis,
978 5091 1025 5172 qui
1047 5104 1086 5150 tot
1104 5090 1183 5150 bonis
1195 5104 1250 5151 tam
1271 5091 1398 5173 pretiosis
1410 5095 1545 5177 acceptis,

144 5264 186 5316 tin
199 5280 283 5333 marg.
292 5266 436 5333 coniecerat
447 5268 525 5318 Sosii.
538 5266 654 5319 dedimus
666 5266 753 5319 eCod.
772 5271 830 5321 718.
845 5266 976 5319 Edebatur
987 5266 1141 5331 inconstans]
