3764 5992
564 499 609 545 DE
635 501 804 548 enofncru
832 504 1031 554 Evaunum.

1493 480 1563 586 3'59

144 617 202 694 ιάς,
222 619 347 700 ἑκάτερον
371 619 517 699 ἐδείξαμεν,
536 621 596 681 ὅσον
614 624 662 700 μὲν
679 629 728 695 τῆς
742 649 795 683 τα·
849 627 1109 708 vitiojuugeremus,
1125 640 1270 707 utrumque
1283 629 1460 710 ostendimus,
1473 654 1561 710 quau·
1603 655 1630 699 ιι
1643 657 1717 701 iruna.

144 710 228 782 σύνης
246 711 279 770 τδ
299 712 406 794 κάρδος,
420 712 480 772 ὅσον
500 712 528 773 δὲ
548 719 597 785 τῆς
618 716 743 781 ἀπονοίας
765 716 796 774 τὸ
849 729 905 774 tum
925 718 1001 776 sitin
1020 718 1173 777 humilitate
1187 719 1254 778 lueri
1261 763 1271 796 ,
1287 732 1313 778 et
1327 735 1459 798 quantum
1472 721 1500 780 in
1513 743 1561 781 ar·
1571 714 1634 760 θ’θ’
1645 734 1717 791 (ΙΨ

144 801 217 873 Αὕτη
232 801 281 879 μὶν
292 801 345 884 γάρ
357 803 404 861 καί
421 804 573 875 δικαιοσύνη
588 804 793 883 συμύεύλημένη
813 821 829 866 n
848 809 969 887 rogantia
977 809 1079 869 damni.
1091 811 1155 869 llaee
1166 811 1267 892 quippe
1279 812 1360 871 etiarn
1373 834 1435 872 cum
1446 814 1561 894 justitia,
1572 784 1636 882 lini„
1648 779 1717 884 qqqq,

144 892 213 958 τίσις
230 894 277 952 καὶ
292 894 415 960 δεκάταις
431 895 589 976 ὑστέρησεν·
604 896 690 969 ἐκείνη
706 897 732 955 δὲ
749 898 795 955 καὶ
847 911 873 957 et
897 921 959 958 eum
985 901 1115 981 jejuniis,
1140 916 1220 980 atque
1241 903 1406 962 deeimarum
1432 904 1717 976 solutione8⁸¹¹¹³³¹¹¹¹¹¹¹3

144 983 245 1062 ιαρτίας
258 987 397 1065 ζιυχθεῖσα
418 984 568 1066 θπροίλούε
587 987 617 1046 τὸ
635 992 681 1045 τοῦ
700 989 794 1066 Φαρι-
847 994 1006 1072 conjuncta,
1020 992 1117 1053 defecit
1131 1008 1238 1054 tament
1258 995 1304 1054 illa
1319 1016 1382 1054 vero
1401 996 1481 1055 etiam
1501 972 1636 1068 camilli]
1664 963 1718 1006 Μ’

144 1082 207 1154 ίγος,
220 1075 308 1135 καίτοι
319 1076 365 1135 καί
378 1077 422 1136 τὸν
438 1076 545 1157 ἡνίοχον
564 1077 662 1157 ἔχουσα
686 1081 792 1158 φαῦλον.

144 1165 251 1226 κλόνου
265 1174 369 1247 χεῖρον,
383 1169 454 1227 Ἀλλ’
468 1167 541 1244 ὅμως
562 1168 652 1240 ἐπειδὴ
675 1168 794 1249 συνίτρι·

846 1098 955 1163 peceato
969 1085 1104 1165 copulata,
1116 1085 1281 1145 Pharisaeum
1294 1088 1444 1167 praevertit,
1454 1089 1503 1147 etsi
1512 1089 1564 1147 im·

848 1174 965 1254 probum
987 1175 1109 1253 aurigam
1128 1190 1214 1235 nacta.
1229 1176 1303 1250 Quid
1321 1177 1393 1235 euim
1412 1180 1489 1257 pejus
1506 1200 1563 1258 pu·

144 1258 218 1330 ύτὴν
232 1258 334 1338 ψυχὴν,
346 1260 393 1318 καὶ
408 1260 566 1338 ἁμαρτωλὸν
585 1261 678 1319 ἑαυτὸν
698 1261 791 1319 ἕκαλε-
802 1301 837 1339 ,0¹
848 1264 976 1323 blicano?
992 1268 1114 1323 Attamen
1126 1266 1189 1343 quia
1202 1266 1320 1325 animam
1334 1288 1412 1326 suam
1424 1269 1562 1348 contrivit,

144 1372 153 1409 ι
169 1342 217 1423 ἦν,
234 1351 355 1432 θπερίύη
374 1351 420 1410 τδν
439 1351 590 1433 Φαρισαῖον
604 1351 649 1409 καί
671 1351 794 1422 νηστείας
812 1356 830 1400 Α
848 1367 875 1411 et
898 1375 925 1412 se
950 1369 1115 1435 peccatorem
1140 1356 1307 1429 declaravit,
1322 1371 1353 1415 ut
1373 1379 1465 1418 revera
1487 1373 1560 1432 erat,

144 1446 211 1502 ίπιῑν
225 1443 272 1502 καὶ
285 1441 414 1516 δεκάτας,
433 1442 478 1500 καλ
496 1441 590 1508 κακίας
605 1442 692 1514 πάσης
707 1445 795 1515 άπηλ·

144 1564 156 1590 ¹.
168 1534 253 1601 Τίνος
261 1532 359 1607 ἕνεκεν,
369 1533 414 1592 καί
426 1534 469 1592 διδ
480 1532 524 1606 τίς
536 1533 601 1592 Ὅτι
613 1535 636 1591 εί
646 1533 692 1592 καὶ
701 1535 792 1592 πλεον-

144 1624 163 1684 rl
191 1625 319 1708 ἁρπαγῆς
342 1623 516 1698 ἀπήλλακτο,
541 1625 590 1695 τὴν
615 1625 718 1705 μητέρα
739 1630 792 1684 τῶν

144 1714 229 1775 άντων
253 1714 401 1783 κενοδοξίαν
423 1738 451 1773 τι
464 1715 509 1773 καλ
523 1715 648 1775 ἀπόνοιαν
664 1707 733 1795 εἶχεν
749 1719 792 1795 ἑρ-

144 1830 163 1880 p
176 1806 226 1868 ἰπὶ
243 1809 294 1877 τῆς
314 1808 412 1887 ψυχῆς.
430 1805 482 1866 Ad
499 1813 576 1866 τοῦτο
597 1807 643 1866 καὶ
658 1811 672 1865 θ
687 1808 792 1874 Παῦλος

144 1899 230 1959 εἶκαὶ
241 1899 334 1976 λέγει·
355 1898 490 1966 Ἕκαστος
503 1900 534 1959 τὸ
550 1902 645 1958 ἑαυτοῦ
658 1898 734 1979 ἔργον
749 1900 790 1957 δο-

144 2016 165 2066 ι,
179 1990 230 2050 ml
243 1991 304 2050 τότε
319 1993 355 2059 είς
368 1990 460 2049 ἑαυτὸν
475 1989 506 2049 τὸ
523 1989 651 2070 καύχημα
663 1989 732 2065 ἕξει,
746 1991 792 2049 καὶ

144 2082 185 2143 riv
201 2082 304 2166 ἵτερον.
320 2081 437 2149 Ἐκεῖνος
452 2080 480 2142 δὲ
494 2086 541 2153 τῆς
553 2080 708 2159 οἰκουμένης
718 2082 790 2141 άπά-

144 2174 210 2235 λθεν
224 2177 263 2242 είς
276 2173 354 2253 μέσον
368 2173 530 2254 κατήγορος,
548 2172 594 2231 καί
611 2173 718 2232 πάντων
738 2177 791 2231 τῶν

144 2262 263 2349 θριθπων
276 2264 367 2324 ἱαυτθν
380 2264 476 2345 ἔφησεν
491 2255 557 2322 εἶναι
574 2262 680 2342 βελτίω.
698 2264 792 2324 Καίτοι

144 2355 188 2416 ’σοι
208 2356 301 2434 μόνον,
315 2354 361 2414 καί
378 2357 402 2413 εί
418 2355 512 2428 πέντε,
525 2356 571 2414 καί
586 2357 609 2414 εί
623 2354 682 2428 δύο,
702 2357 747 2415 καὶ
769 2361 792 2416 εί

848 1443 1013 1503 Pharisaeum
1024 1446 1162 1525 superarit
1169 1492 1178 1518 ,
1191 1448 1238 1524 qui
1245 1448 1349 1528 jejunia
1360 1461 1386 1506 et
1396 1448 1564 1510 deeimarum

847 1535 1008 1594 solutionem
1033 1537 1152 1616 proferre
1175 1551 1294 1618 poterat,
1309 1551 1419 1616 eratque
1439 1541 1474 1598 ab
1490 1543 1564 1601 omni

846 1626 965 1704 nequitia
975 1626 1053 1686 liber.
1069 1627 1135 1701 Cur,
1149 1642 1175 1685 et
1190 1649 1242 1706 qua
1261 1629 1296 1687 de
1317 1631 1418 1689 causa?
1428 1631 1500 1703 Quia
1514 1633 1563 1691 etsi

846 1716 881 1774 ab
901 1718 1013 1776 avaritia
1024 1733 1049 1777 et
1069 1741 1084 1777 a
1103 1720 1197 1800 rapina
1218 1736 1285 1780 esset
1304 1721 1407 1780 alienus
1419 1767 1427 1794 ,
1441 1723 1563 1783 omnium

846 1808 980 1867 malorum
1002 1822 1115 1868 matrem
1136 1831 1234 1869 vanam
1256 1811 1370 1889 gloriam
1391 1825 1416 1870 et
1435 1834 1564 1893 arrogan-

847 1897 911 1957 tiam
933 1898 1029 1957 habuit
1051 1901 1078 1958 iu
1100 1901 1191 1958 animo
1210 1901 1368 1960 radicatam.
1384 1902 1447 1962 ldeo
1461 1896 1563 1963 Paulus

846 1990 970 2048 hortatur
980 2005 1005 2050 et
1014 1991 1097 2050 dicit:
1112 1995 1189 2070 Opus
1201 2013 1285 2052 suum
1293 1998 1394 2072 probet
1407 2000 1561 2075 unusquis·
1574 2012 1629 2057 cat.
1642 2009 1663 2053 ο.
1675 2010 1697 2070 4.

846 2102 902 2160 que
912 2103 921 2138 .·
933 2094 960 2140 et
975 2086 1016 2140 sie
1029 2087 1060 2140 in
1077 2091 1230 2162 semetipso
1244 2085 1370 2164 gloriam
1382 2088 1519 2160 habebit,
1534 2101 1562 2146 et

846 2176 947 2230 nonin
958 2173 1063 2231 altero.
1073 2173 1123 2232 Ille
1136 2188 1226 2233 autem
1239 2175 1322 2233 totius
1335 2174 1411 2235 orbis
1425 2189 1563 2236 accusator

844 2265 872 2323 in
883 2265 1003 2325 medium
1014 2266 1157 2348 prorupit,
1172 2288 1254 2346 seque
1266 2267 1391 2327 omuibus
1408 2269 1564 2329 hominibus

845 2355 985 2414 meliorem
1004 2355 1087 2414 dixit.
1110 2357 1192 2434 Atqui
1211 2357 1235 2416 si
1259 2357 1356 2435 denis,
1374 2359 1397 2418 si
1419 2359 1525 2438 quinis,
1540 2360 1563 2419 si

144 2447 174 2509 δν
188 2446 354 2528 προύθηκεν,
374 2446 432 2506 auat
448 2453 526 2507 τοῦτο
544 2447 650 2507 ἀνεκτὸν
672 2441 720 2520 ἦν·
736 2449 792 2507 νυνὶ
810 2456 828 2502 Β
844 2446 933 2524 binis,
945 2447 1000 2506 imo
1014 2447 1037 2506 si
1048 2447 1095 2506 uni
1109 2448 1228 2528 seipsum
1239 2449 1409 2529 protulisset,
1420 2471 1454 2509 ue
1464 2448 1492 2509 id
1504 2451 1564 2528 qui·

144 2538 284 2623 ρούθηκεν
293 2539 386 2598 lauria
397 2539 475 2616 μόνον
486 2545 534 2611 τῆς
545 2538 708 2615 οἰκουμένης,
724 2538 792 2598 ἀλλὰ

144 2630 262 2712 γάρησεν
281 2628 414 2690 ἁπάντων.
425 2629 478 2689 dd
491 2635 568 2689 τοῦτο
582 2629 710 2709 ὑστέρησε
723 2628 793 2689 κατδ

144 2744 180 2783 ον.
193 2720 252 2782 Καὶ
261 2721 381 2802 καθάπερ
391 2728 453 2790 ναῦς
463 2721 544 2800 μυρία
554 2722 735 2801 διαδραμοῦσα
747 2721 794 2780 κύ·

144 2812 154 2873 ί
163 2811 284 2881 πολλοὺς
294 2817 443 2896 διρυγοῦσα
453 2817 588 2893 χειμῶνας
598 2861 605 2882 ,
616 2805 709 2872 efrain
721 2816 793 2896 αὐτῷ

144 2928 183 2966 στι
197 2911 248 2964 τοῦ
267 2904 374 2983 λιμίνος
389 2906 512 2986 σκοπέλῳ
530 2906 582 2964 τινί
603 2905 793 2986 προσαράξασα

144 3020 159 3055 ν
170 2997 378 3075 ίνσποκείμενον
388 2997 519 3056 ἀπόλλυσι
530 2996 668 3075 θησαυρόν·
680 2996 748 3056 οθτω
760 2997 792 3069 δὴ

144 3095 255 3171 pretio<
265 3078 338 3154 οὗτος
349 3134 357 3161 ,
370 3088 430 3155 τοὺς
439 3089 531 3156 πόνους
541 3093 589 3160 τῆς
598 3088 720 3158 νηστείας
731 3093 792 3148 ὑπο·

144 3178 163 3239 rl
172 3183 225 3252 τῆς
234 3179 320 3252 άλλης
332 3181 426 3261 ἀρετῆς
437 3181 558 3253 ἁπάσης,
570 3179 661 3252 ἐπειδὴ
673 3179 793 3258 γλώττης

144 3293 233 3345 τησεν,
248 3272 276 3328 ἐν
289 3272 361 3351 αύτῷ
375 3274 414 3351 τῷ
428 3269 517 3349 λιμένι
532 3269 563 3329 τὸ
576 3272 698 3352 φορτικὸν
709 3272 793 3331 ναυά-

144 3385 219 3423 utve.
233 3361 276 3421 Τδ
288 3362 339 3442 γδρ
350 3361 377 3430 ἐξ
392 3366 487 3443 εὐχῆς,
500 3363 558 3422 ὅθεν
569 3364 715 3444 κερδαίνειν
728 3365 790 3438 ἔδει,

152 3453 291 3533 βλσθάντσ
318 3456 418 3532 μᾶλλον
443 3457 576 3529 ἀπελθεῖν,
605 3455 677 3515 οὐδὲν
703 3455 791 3537 ἔτερόν

144 3544 171 3603 lv
181 3543 274 3623 λιμένι
286 3545 409 3624 ναυάγιον
420 3549 569 3624 ὑπομεῖναι.

846 2538 908 2597 dem
919 2536 1060 2598 ferendum
1073 2553 1129 2598 erat
1138 2540 1211 2619 :jam
1221 2560 1285 2599 vero
1296 2561 1348 2599 non
1361 2562 1389 2600 se
1398 2553 1504 2600 tautum
1515 2542 1563 2601 toti

847 2630 906 2689 orbi
929 2630 1097 2711 anteposuit,
1120 2629 1167 2689 sed
1197 2630 1278 2689 etiam
1304 2652 1395 2689 omnes
1418 2631 1562 2691 accusavit.

845 2720 912 2780 ldeo
925 2721 952 2779 in
965 2742 1044 2780 cursu
1058 2719 1163 2780 defecit.
1179 2720 1216 2778 Et
1229 2741 1277 2779 eeu
1291 2721 1383 2793 navis,
1400 2742 1460 2800 quae
1479 2721 1563 2780 iunu-

847 2832 933 2870 meros
946 2813 1043 2871 fluctus
1056 2810 1225 2891 pertransiit,
1242 2824 1268 2870 et
1285 2824 1452 2892 tempestates
1466 2813 1565 2872 multas

846 2905 954 2981 effugit,
964 2901 1137 2962 acdcindeiu
1149 2902 1208 2982 ipso
1218 2902 1388 2982 portusostio
1403 2902 1429 2961 in
1444 2903 1565 2980 aliquem

846 2995 987 3075 scopulum
1002 2993 1130 3075 impegit,
1145 3015 1251 3052 omnem
1265 2994 1293 3052 iu
1310 3015 1338 3053 se
1349 2993 1496 3072 repositum
1507 2995 1565 3053 the·

846 3107 956 3144 saurum
976 3086 1076 3144 amittit
1089 3085 1142 3143 :ita
1156 3099 1182 3143 et
1195 3085 1241 3144 hic
1256 3085 1425 3157 Pharisaeus,
1441 3099 1503 3164 post
1516 3085 1562 3165 je-

843 3177 915 3259 junii
928 3190 1137 3255 ceterarumque
1153 3177 1274 3235 omnium
1288 3176 1422 3236 virtutum
1440 3175 1561 3254 labores,

845 3270 908 3349 quia
921 3269 1043 3348 linguam
1057 3288 1108 3327 nou
1128 3268 1267 3343 cohibuit,
1281 3268 1382 3349 inipso
1396 3281 1475 3348 portu
1490 3289 1561 3327 nau-

845 3361 961 3440 fragium
979 3360 1050 3418 feeit.
1063 3359 1108 3418 Ex
1126 3359 1253 3439 precibus
1273 3358 1436 3432 enim,uude
1456 3358 1562 3417 lucrum

845 3466 901 3511 crat
917 3450 1093 3532 sperandum,
1106 3470 1168 3510 eum
1183 3463 1257 3509 tauto
1276 3449 1350 3507 abire
1363 3448 1482 3524 damno,
1493 3448 1563 3506 nilril

844 3544 922 3602 aliud
932 3556 1006 3617 erat,
1016 3563 1098 3619 quam
1112 3542 1231 3621 inportu
1245 3539 1416 3617 naufragium
1427 3539 1521 3598 faeere.

154 3624 203 3695 «lt
216 3635 333 3708 οῖδθῑες,
349 3639 499 3715 drumm,
520 3638 570 3696 κᾶν
589 3640 626 3704 tit
649 3638 729 3711 αὐτὴν
742 3643 826 3712 tite
882 3649 911 3704 θ.
935 3645 998 3702 Haec
1018 3663 1079 3700 cum
1103 3642 1218 3700 sciamus
1229 3685 1240 3713 ,
1266 3639 1378 3714 dilecti,
1401 3637 1506 3696 etiamsi
1532 3637 1560 3696 in

144 3725 188 3798 τὴν
213 3726 332 3806 κορυφὴν
362 3726 525 3805 ἀνέλθωμεν,
553 3729 660 3788 πάντων
683 3731 790 3800 ἑαυτοὺς

153 3817 315 3896 νομίζωμεν,
329 3817 455 3895 μαθόντες
468 3821 508 3878 dra
530 3819 575 3878 καὶ
590 3819 617 3888 ἐξ
638 3824 721 3880 αὐτῶν
736 3827 788 3881 τῶν

144 3908 260 3969 azanio
273 3907 382 3968 diluerat
395 3919 561 3990 κατενεγκεῖν
583 3913 626 3970 τὸν
649 3912 686 3990 μὴ
706 3937 788 3993 προσ·

144 3999 186 4059 καὶ
196 3999 224 4068 li
239 4003 321 4072 αὐτῆς
330 4004 377 4071 τῆς
391 4000 507 4061 sidereo
521 4006 574 4060 τῶν
585 4004 786 4083 ἁμαρτημάτων

144 4116 159 4151 ν
185 4094 222 4158 εἰς
242 4090 307 4171 ὕψος
326 4093 550 4173 ταπεινοφροσύνη
572 4095 617 4154 τὸν
639 4097 786 4174 μετριάζειν

144 4181 209 4254 tim
229 4182 283 4262 γὰρ
299 4184 352 4262 πρδ
370 4190 416 4243 τοῦ
433 4185 584 4264 Φαρισαίου
604 4187 648 4246 τὸν
670 4187 785 4260 τελώνην

154 4274 245 4346 ἐκείνη
264 4275 306 4347 δὲ,
324 4279 341 4344 ἡ
360 4275 470 4335 ἀπόνοια
495 4277 580 4356 λε’γω,
608 4278 684 4349 καὶὴ
702 4284 785 4361 ύπερ-

144 4365 182 4426 ιιιδ
194 4365 341 4443 άσωμάτου
352 4367 517 4447 περιεγένετο
526 4368 661 4447 δυνάμεως
673 4377 719 4429 τοῦ
731 4372 787 4429 θια-

153 4455 185 4516 dl
201 4455 426 4536 ταπεινοφροσύνη
442 4457 488 4516 καί
508 4462 561 4517 τῶν
581 4460 684 4518 οἰκείων
698 4463 786 4542 ἁμαρ-

159 4551 179 4618 ἡ
205 4545 350 4625 ίπίγνωσις
370 4550 406 4614 είς
432 4549 591 4629 παράδεισον
610 4551 655 4609 τὸν
682 4553 784 4629 λῃστὴν

144 4637 199 4719 arpi
208 4642 264 4697 τῶν
275 4639 441 4697 άποστάλων.
458 4642 491 4699 El
506 4639 533 4700 δὲ
547 4644 571 4701 οἱ
583 4642 616 4701 τδι
629 4647 712 4702 οἰκεῖα
722 4650 784 4722 ὁμο-

844 3736 934 3817 ipsum
958 3733 1069 3793 virtutis
1092 3731 1229 3810 fastigium
1262 3729 1483 3810 pervenerimus,
1511 3749 1560 3788 nos

844 3826 965 3886 omnium
980 3837 1127 3905 postremos
1142 3822 1341 3881 existimemus:
1352 3842 1415 3880 eum
1427 3819 1560 3879 didiceri-

843 3939 904 3975 mus
917 3913 1098 3993 arrogantiam
1111 3933 1144 3971 er
1168 3912 1227 3993 ipso
1246 3911 1310 3970 calo
1330 3932 1408 3990 posse
1422 3931 1497 3983 eum,
1512 3910 1559 3988 qui

843 4006 956 4066 nonsibi
972 4005 1104 4082 attendit,
1115 4003 1247 4085 dejicere,
1259 4015 1284 4061 et
1296 4001 1477 4061 humilitatem
1486 4023 1559 4076 eum,

841 4098 890 4176 qui
909 4097 935 4154 in
949 4109 1119 4176 peccatorum
1131 4094 1260 4175 abyssum
1269 4093 1407 4152 demersus
1419 4093 1464 4170 sit,
1478 4092 1505 4150 in
1515 4093 1557 4152 al·

842 4204 900 4249 turn
913 4186 1040 4247 reducere
1047 4231 1057 4263 ,
1072 4187 1094 4244 si
1109 4185 1228 4244 modeste
1240 4197 1310 4262 agat.
1321 4183 1385 4242 Haee
1397 4183 1468 4242 euim
1482 4184 1558 4243 Pha·

841 4282 919 4340 risaeo
927 4280 1102 4360 publicanum
1111 4277 1275 4359 praeposuit;
1288 4276 1334 4334 illa
1342 4297 1416 4351 vcro,
1427 4276 1557 4335 nimirum

840 4373 991 4452 arrogantia
1005 4386 1031 4430 et
1051 4369 1193 4451 superbia,
1207 4369 1293 4449 ipsius
1310 4367 1412 4426 diaboli
1428 4367 1556 4448 incorpo-

841 4465 879 4524 rei
892 4465 949 4523 rim
965 4462 1121 4543 superavit,
1134 4460 1275 4518 humilitas
1288 4472 1378 4517 autem
1391 4471 1417 4517 et
1428 4458 1557 4538 proprio·

840 4579 901 4615 rum
915 4568 1084 4637 peccatorum
1099 4552 1200 4631 agnitio
1213 4553 1342 4611 latronem
1354 4565 1415 4609 ante
1425 4551 1557 4631 apostolos

840 4648 867 4706 in
879 4646 1034 4727 paradisum
1045 4643 1164 4702 induxit.
1177 4642 1205 4701 Si
1216 4655 1304 4700 autem
1316 4641 1347 4718 ii,
1359 4641 1405 4719 qui
1414 4662 1461 4700 sua
1473 4642 1556 4701 confi·

151 4730 357 4810 δμαρτίςμστα,
371 4731 502 4803 τοσαύτην
521 4736 621 4801 ἑαυτοῖς
633 4735 785 4814 προξενοῢσι
802 4745 821 4791 D
839 4752 930 4798 tantur
943 4749 1059 4818 peccata,
1069 4749 1169 4793 tantam
1183 4734 1234 4791 sibi
1249 4733 1375 4792 fiduciam
1391 4732 1553 4795 conciliant:

144 4821 248 4894 lquier,
277 4824 303 4880 ol
329 4822 416 4882 πολλδι
441 4823 488 4902 μὲν
516 4828 618 4894 ἑαυτοῖς
641 4828 785 4894 συνειδότες

144 4919 309 4980 :aramme
330 4912 357 4972 di
383 4917 483 4973 ἑαυτῶν
503 4915 551 4989 τὴν
576 4917 675 4998 ψυχὴν,
695 4918 784 4978 πόσων

144 5003 249 5074 ύξοντσι
264 5005 417 5087 creperum
427 5006 513 5067 Ὅταν
525 5008 577 5088 γὰρ
587 5010 706 5090 ἁμαρτία
715 5034 785 5087 συμ-

144 5123 159 5170 η
177 5088 248 5176 υἷι-’ρ’
266 5099 512 5179 ταπεινοφροσύνῃ,
531 5101 600 5161 οὕτω
613 5103 703 5183 τρέχει
724 5107 782 5180 μετ’

839 4831 858 4888 ii
874 4831 920 4908 qui
936 4829 988 4888 sibi
1002 4829 1135 4887 honorum
1150 4825 1296 4884 multorum
1319 4823 1418 4883 conscii
1437 4823 1555 4882 animam

840 4935 927 4978 tamen
951 4941 1026 4978 suam
1052 4916 1218 4988 humiliant,
1239 4928 1352 4993 quantas
1370 4934 1424 4972 non
1446 4934 1556 4973 coronas

839 5009 1035 5088 assequentur?
1050 5006 1168 5081 Quando
1186 5006 1258 5065 enim
1273 5019 1414 5086 peceatum
1425 5025 1487 5063 cum
1501 5004 1556 5063 lau·

839 5102 953 5161 militate
974 5100 1093 5180 jugatur,
1107 5110 1162 5156 tam
1175 5095 1302 5177 expedite
1314 5094 1415 5167 currit,
1429 5109 1458 5154 ut
1469 5093 1555 5175 justi·

144 5257 199 5307 Ιο.
220 5259 337 5326 afrila&
347 5263 384 5310 reri
397 5261 528 5328 προύδραμε
546 5268 572 5312 ri
585 5269 632 5313 τοῦ.
652 5259 729 5310 Saril.
744 5262 769 5312 in
783 5278 862 5327 naarg.
881 5268 918 5312 καί
936 5262 1080 5328 περίδρομοι
