3764 5992
82 430 152 518 laio,
403 445 432 493 S·
459 442 599 512 JOdNNlS
624 438 807 489 cnnrsosr.
836 434 994 484 Ancntssr.
1021 434 1301 492 CONSTANTINOP..

80 596 115 635 ne
136 570 294 632 laudantem
315 567 424 647 quidem
440 567 571 644 admitt03
587 566 706 626 amicum
729 581 795 623 vero
850 558 910 620 οὐδὲ
920 563 1079 619 ἐπαινοῦντα
1088 557 1270 639 δίχομαι,τδν
1283 555 1395 638 δέφίλον
1405 555 1451 615 καλ
1462 555 1623 632 ἐγκαλοῦντα

81 667 163 728 etiam
170 660 406 744 reprehendentem
418 662 567 743 amplexor.
578 659 629 718 llle
637 657 687 719 etsi
701 654 798 715 metle-
851 650 1006 733 προρίεμαι.
1019 650 1148 723 Ἐκεῖνος,
1157 648 1206 709 κᾶν
1214 650 1276 731 φιλῇ
1289 672 1331 727 με,
1339 645 1423 718 ἀηδής
1437 648 1523 706 ἐστιν·
1536 635 1623 714 οὗτος,

82 756 227 829 osculetur,
240 752 361 814 insuavis
385 766 424 812 est
429 777 438 830 5
452 753 498 812 bic
510 751 559 810 etsi
577 749 712 823 vulneret,
724 765 799 804 ama-
853 743 1074 825 κδιντραυματίζη
1085 740 1260 833 με,ποθεινο’ς
1270 744 1355 800 ἐστιν·
1367 737 1468 799 ἐκείνω
1481 736 1514 795 τδ
1523 735 1624 816 φίλημα

16 878 28 891 =
82 848 174 908 bilis:
200 845 276 905 illius
288 844 410 903 osculum
432 842 582 923 suspicione
605 841 716 920 plenum
740 850 797 909 est,
854 835 969 915 θποθίας
985 833 1079 915 γέμει,
1105 831 1196 891 τούτου
1211 832 1241 891 τὸ
1256 835 1363 911 τραῦμα
1382 827 1545 907 κηδεμονίαν
1563 826 1624 906 ἔχει.

83 941 169 1021 hujus
195 937 296 998 vulnus
318 934 430 996 curandi
454 935 512 994 vim
541 933 630 992 habet.
658 935 801 1010 Propterea
856 926 909 987 nit
918 925 995 986 τοῦτο’
1014 924 1080 1008 φησί
1090 921 1368 1004 τις·Ἀξιοπιστύτερα
1382 920 1527 1001 τραύματα
1543 917 1626 998 φίλου,

11 1039 75 1104 αμὸ.
84 1030 153 1091 dicit
166 1028 297 1109 qnidam:
314 1026 469 1085 Fideliom
479 1039 548 1085 sunt
563 1024 799 1091 uulneraomiei,
855 1017 873 1091 ἢ
889 1017 996 1077 ἑκούσια
1018 1017 1156 1098 φιλήματα
1173 1018 1276 1095 ἐχθροῦ.
1290 1017 1336 1073 ’Τ
1338 1013 1347 1071 ί
1361 1013 1463 1093 λέγειςς
1475 1011 1625 1092 Τραύματα

87 1138 178 1202 quam
199 1126 360 1194 spontanea
383 1113 484 1172 oscula
509 1115 632 1170 inimici.
660 1107 736 1180 Quid
758 1107 801 1167 di·
855 1111 1012 1192 φιλημάτων
1038 1108 1174 1187 βελτίονα,
1195 1106 1288 1188 φησίν·
1308 1110 1337 1167 οὗ
1359 1106 1412 1186 γάρ
1435 1102 1563 1184 τῇφύσει
1576 1105 1625 1160 τῶν

87 1209 145 1269 cis?
172 1205 294 1269 Vulnera
322 1204 421 1264 osculis
457 1203 577 1279 meliora,
602 1201 691 1279 inquit
717 1223 724 1257 ε
748 1220 802 1259 non
855 1201 1008 1281 γινομένων,
1032 1199 1151 1279 ἀλλδιιῇ
1178 1198 1292 1258 διαθέσει
1313 1202 1366 1256 τῶν
1383 1196 1532 1256 ποιούντων
1546 1215 1624 1272 προσ-

48 1314 54 1326 ‘
86 1300 160 1360 enim
186 1296 222 1356 ad
246 1309 371 1361 naturam
391 1317 484 1356 eorum
508 1317 579 1375 quar,
597 1295 680 1370 stunt,
696 1292 745 1352 sed
762 1291 801 1353 ad
856 1293 920 1374 ίχω.
944 1293 1039 1354 Βούλει
1063 1298 1173 1370 μαθεῖν,
1194 1294 1251 1357 πῶς
1273 1289 1475 1368 ἀξιοπιστότερα
1490 1284 1625 1367 τραύματα

87 1390 255 1450 allectionem
283 1408 376 1446 eorum
395 1388 444 1465 qui
475 1386 577 1446 faciunt
605 1384 722 1446 attende.
751 1383 804 1444 Vis
856 1386 947 1464 φίλου,
972 1384 990 1456 ἢ
1014 1384 1122 1443 ἑκούσια
1143 1382 1280 1464 φιλήματα
1305 1385 1398 1462 ἐχθροῦ
1405 1405 1414 1454 ;
1429 1378 1561 1459 Ἐφιλησι
1584 1375 1625 1434 τὸν

86 1481 190 1542 discere
201 1477 337 1559 quomodo
364 1477 484 1538 fideliora
509 1479 563 1537 siut
587 1478 700 1537 vulnera
713 1474 803 1547 amici,
821 1483 840 1529 B
857 1475 953 1556 Κύριον
971 1483 986 1536 ὁ
1007 1474 1121 1546 Ἰούδας,
1136 1475 1205 1536 ἀλλὰ
1227 1473 1366 1555 προδοσίας
1384 1475 1465 1531 αὐτοῦ
1480 1469 1513 1529 τδ
1526 1467 1626 1548 φίλημα
1644 1458 1649 1483 “

18 1613 24 1625 .
40 1579 79 1626 οῦ.
88 1593 170 1652 quam
179 1585 323 1652 spontanea
336 1569 427 1629 oscula
442 1567 719 1629 inimicilDomiuum
728 1585 813 1625 osen-2
857 1568 959 1648 ἐγεμεν,
980 1568 1018 1628 ἰδν
1032 1567 1155 1628 αὐτοῦτὸ
1170 1566 1257 1645 στόμα
1269 1557 1339 1647 εἶχε,
1353 1565 1483 1645 πονηρίας
1493 1569 1511 1634 ἡ
1521 1565 1626 1639 γλῶσσα

81 1663 159 1723 latus
180 1675 220 1722 est
234 1661 335 1738 ludas,
351 1660 398 1720 sed
424 1661 547 1720 osculum
572 1674 629 1719 crat
653 1657 805 1738 proditione
857 1659 1156 1740 ἐπέπληστο.Τὸνπαρλ
1169 1657 1313 1737 Κορινθίοις
1322 1654 1523 1736 πεπορνευκύτα
1537 1657 1628 1731 ἐτραυ-

88 1755 214 1835 plenum,
229 1775 258 1813 os
269 1774 378 1828 veneno,
392 1753 484 1830 lingna
503 1751 623 1830 nequitia
638 1750 802 1830 replebatur.
858 1753 966 1829 μοίτιοεν
981 1757 995 1812 δ
1009 1754 1130 1826 Παῦλος,
1157 1753 1215 1812 ἀλλ’
1234 1751 1326 1811 ίοωσε.
1344 1747 1397 1808 Καί
1416 1751 1474 1813 πῶς
1498 1743 1628 1826 ἐτραυμά-

88 1845 273 1906 Fornicarium
281 1844 355 1925 apud
367 1844 521 1903 Corinthios
532 1841 805 1918 vulneravitPaulus3
857 1869 930 1919 τισε,
946 1844 1028 1926 φησί,
1047 1849 1096 1927 Τῷ
1118 1853 1219 1924 σατανᾷ
1241 1841 1384 1924 παραδούς.
1404 1839 1549 1919 Παράδοτα
1566 1835 1628 1917 γάρ,

88 1937 134 1998 sed
145 1938 187 1997 illi
201 1937 313 1996 salutem
327 1937 492 1998 conciliavit.
515 1934 670 2011 Quomodo,
689 1933 804 2012 inquies,
858 1936 937 2016 φησὶ,
950 1936 994 1995 τδν
1018 1941 1134 1996 τοιοῦτον
1154 1938 1192 2016 τῷ
1207 1944 1309 2014 σατανᾷ
1323 1936 1360 2000 είς
1382 1932 1490 2012 ὄλεθρον
1505 1934 1554 2001 τῆς
1566 1953 1629 2007 σαρ-

1 2028 260 2090 ›r.5.5.vulnerarit?
280 2029 386 2087 Sannssae
406 2027 514 2086 tradens
529 2051 537 2093 ς
555 2028 684 2098 Tradite,
705 2025 804 2103 inquit,
859 2025 913 2094 κύς.
925 2026 977 2086 Διὰ
990 2027 1029 2101 τίς
1045 2026 1105 2087 Ἵνα
1120 2028 1151 2086 τδ
1168 2014 1273 2103 πνεῦμα
1294 2029 1367 2105 σωθῇ
1388 2027 1461 2103 ἐντῇ
1478 2023 1568 2103 ἣμίραγ
1585 2024 1629 2078 τοῦ

88 2118 257 2201 hujusmodi
281 2132 394 2178 satanae
419 2122 451 2176 in
474 2121 625 2177 interitum
639 2120 747 2176 carreis.
763 2113 807 2174 Ad
860 2117 959 2200 Κυρίου
976 2119 1075 2192 Ἰησοῦ.
1098 2108 1175 2185 Εἶδες
1195 2117 1335 2199 τραύματα
1356 2115 1491 2195 σωτηρίαν
1517 2112 1628 2193 ἔχοντα,

89 2210 175 2290 quid?
199 2213 237 2270 Ut
247 2213 364 2290 spiritus
391 2209 492 2269 salvus
517 2213 606 2269 sitin
619 2211 667 2266 die
684 2209 806 2266 Domini
860 2199 927 2277 εἶδες
949 2208 1053 2291 φίλημα
1075 2207 1215 2290 προδοσίας
1235 2207 1334 2287 γίμον;
1352 2207 1446 2274 Ούτώς
1467 2203 1630 2274 Ἀξιοπιστύ-

89 2305 170 2363 Jesu.
192 2299 324 2362 Vidistin’
338 2299 451 2360 thlttet'tt
466 2301 578 2360 salutis?
594 2298 714 2358 vltllsllss’
729 2318 806 2356 osctt·
860 2325 924 2381 τερα
950 2303 1091 2383 τραύματα
1105 2303 1196 2384 φίλου,
1214 2301 1232 2374 ἢ
1252 2301 1359 2362 ἑκούσια
1373 2299 1514 2379 φιλήματα
1528 2299 1630 2378 ἐχθροῖν.

89 2394 149 2453 ίυιιι
161 2392 315 2474 proditione
325 2392 479 2474 repletum?
502 2391 548 2452 Sic
568 2391 719 2449 Fideliom
738 2402 808 2449 sunt
860 2396 949 2454 Τοῦτο
970 2393 1008 2472 μὴ
1027 2397 1068 2454 ἐπ’
1092 2393 1236 2474 ἀνθρώπων
1262 2392 1349 2468 μόνον,
1363 2390 1432 2452 ἀλλὰ
1453 2391 1500 2449 καλ
1522 2388 1568 2448 ἐπὶ
1589 2393 1631 2446 τοῦ

90 2488 220 2547 onlnem
233 2488 333 2557 amici,
347 2505 437 2565 quam
452 2497 616 2560 spontanea
630 2482 731 2541 osenla
751 2485 808 2539 ini·
861 2486 948 2560 Θεοῦ,
959 2485 1005 2545 καί
1023 2485 1067 2544 ἐπὶ
1079 2490 1125 2545 τοῦ
1146 2484 1270 2545 διαύύλου
1284 2483 1456 2561 ἐξετάσωμεν.
1472 2482 1508 2541 ‘0
1526 2479 1583 2558 ’μὲν
1593 2478 1632 2560 pl·

91 2583 168 2637 miei.
185 2574 218 2635 ld
239 2595 292 2634 non
304 2574 377 2657 apud
390 2575 513 2634 homines
529 2588 644 2647 tantum,
666 2571 809 2632 sedetiam
861 2580 954 2654 λος,ὁ
980 2577 1007 2637 δὲ
1029 2577 1134 2659 ἐχθρός·
1149 2582 1163 2638 ὁ
1177 2575 1224 2653 μὲν
1249 2575 1339 2654 ens-lp
1365 2574 1412 2635 καί
1430 2572 1568 2652 κηδεμὼν,
1581 2572 1631 2632 au

91 2666 166 2748 apud
179 2669 267 2726 Deum
282 2679 308 2725 et
317 2664 392 2747 apud
402 2665 543 2724 diabolum
554 2665 810 2747 expendamusllle
826 2681 846 2729 c
863 2667 986 2730 ἀπατεὼν
999 2669 1046 2729 καί
1068 2668 1202 2747 πολέμιος.
1225 2667 1295 2728 Ἀλλ’
1318 2672 1332 2728 θ
1358 2667 1405 2747 μὶν
1421 2666 1532 2748 ἐφίλησέ
1555 2689 1632 2738 ποτε,

92 2756 391 2829 amiens,hicinimicus
400 2771 455 2833 est,
468 2756 643 2816 illeservator
655 2770 681 2814 et
689 2768 807 2831 curator,
863 2760 921 2821 ὁδί
937 2760 1121 2843 ἐτραυμάτισε,
1134 2763 1228 2828 Πῶςὸ
1245 2759 1293 2838 μέν
1310 2759 1444 2840 ἐφίλησεν,
1460 2763 1475 2819 ὁ
1493 2758 1521 2817 δέ
1537 2761 1566 2817 lc
1617 2791 1632 2800 -

93 2847 138 2906 lrie
164 2847 353 2907 fraudulentus
378 2861 405 2906 et
429 2847 564 2907 inimicus.
586 2848 639 2906 Hie
664 2847 810 2925 aliquando
866 2851 989 2930 μάτισενς
1000 2851 1036 2913 Ὁ
1054 2852 1101 2931 μὲν
1125 2841 1207 2928 εἶπεν,
1223 2851 1335 2913 Ἔσεσθε
1349 2856 1385 2918 ῶς
1398 2851 1469 2912 θεοί·
1484 2856 1499 2912 δ
1513 2850 1543 2910 δὲ
1560 2873 1634 2924 ene,

93 2939 228 2999 osculatus
237 2953 289 3012 est,
297 2939 343 2997 ille
353 2939 516 2999 vulneravit
525 2938 670 3012 Quomodo
678 2938 724 2998 hic
733 2960 811 2998 oscu·
865 2946 905 3016 Γῆ
920 2935 958 3019 cl,
971 2943 1017 3004 καί
1031 2947 1067 3012 εἷς
1080 2949 1129 3025 γῆν
1141 2943 1282 3023 ἀπελεύση.
1298 2944 1348 3012 Τίς
1361 2936 1404 3004 ode
1418 2943 1544 3024 ὠφέλησε
1566 2945 1634 3021 μᾶλ-

13 3047 37 3092 3.
49 3047 72 3092 5.
94 3029 165 3089 latus
180 3029 286 3107 est,ille
299 3029 473 3090 vulneravit?
483 3029 626 3106 Hicdixit,
633 3034 726 3092 Eritis
737 3036 813 3092 sieut
865 3036 921 3110 λον,
932 3040 1028 3105 ἐκεῖνος
1041 3040 1055 3096 ὁ
1071 3035 1168 3109 εἰπὼν,
1191 3033 1233 3094 ὅτι
1254 3035 1367 3096 Ἔσεσθε
1387 3039 1424 3103 ῶς
1445 3035 1514 3108 θεολ,
1531 3027 1635 3108 doleo<

0 3129 22 3158 ²
94 3120 204 3191 dii;ille
214 3142 289 3195 vero,
300 3123 437 3197 Terraes,
451 3125 519 3180 etin
531 3136 639 3182 terram
650 3129 811 3185 reverteris.
867 3126 986 3202 ὁεῖπὼν,
1009 3126 1051 3187 ὅτι
1074 3130 1113 3199 Γῆ
1129 3117 1166 3197 εἷ,
1189 3125 1235 3186 καὶ
1260 3130 1297 3194 είς
1320 3132 1370 3206 γῆν
1385 3127 1535 3207 ἀπελεύσῃ,
1550 3119 1635 3195 Οὗτος

94 3214 162 3272 Uter
180 3211 266 3292 magis
279 3211 391 3292 profuit,
403 3234 441 3272 an
456 3212 512 3288 hio,
539 3215 587 3293 qui
612 3213 696 3289 dixit,
718 3219 813 3277 Eritis
868 3221 977 3281 θαίνατον
997 3218 1150 3291 ἠπείλησεν,
1170 3222 1266 3285 ἐκεῖνος
1282 3219 1424 3279 ἀθανασίαν
1442 3219 1633 3298 ἐπηγγείλατο·

93 3306 170 3363 sicut
185 3305 228 3361 dii
234 3328 246 3373 ;
271 3324 305 3361 an
319 3302 365 3363 illc
384 3304 431 3381 qui
446 3303 534 3380 dixit,
561 3308 652 3367 Terra
673 3328 714 3381 es,
734 3321 762 3367 et
781 3313 813 3366 in
867 3313 956 3370 ἅλλ’ὁ
979 3310 1027 3388 μὲν
1041 3309 1185 3369 ἀθανασίαν
1200 3310 1437 3389 ἐπαγγειλάμενος,
1456 3311 1502 3369 καί
1525 3317 1573 3371 τοῦ
1586 3335 1636 3371 πα-

95 3414 204 3461 terram
219 3405 391 3461 reverteris?
416 3401 469 3461 llic
485 3416 598 3464 mortem
623 3404 811 3464 interminatus
869 3403 989 3483 ραδείοου
1012 3402 1145 3470 ἐξέύαλεν·
1167 3406 1181 3461 θ
1201 3400 1228 3459 δέ
1244 3402 1355 3461 θάνατον
1370 3404 1531 3476 ἀπειλήσας,
1543 3404 1636 3471 εῖςτδν

96 3507 151 3570 est,
178 3492 224 3551 ille
251 3492 481 3553 immortalitatem
506 3495 630 3575 promisit
642 3518 651 3572 ς
683 3495 730 3555 sed
763 3497 811 3575 qui
867 3493 973 3575 οὐρανὸν
983 3495 1131 3573 ’ἀνήγαγεν
1157 3483 1234 3561 Εἶδες
1255 3496 1312 3559 πῶς
1333 3492 1545 3572 Ἀξιοπιστότερα
1560 3495 1639 3578 τραύ-

96 3585 324 3646 immortalitatem
333 3587 503 3666 promisit,ex
510 3585 634 3667 paradiso
644 3589 811 3649 exturbavit:
868 3610 941 3663 ματα
954 3584 1038 3667 φίλου,
1052 3587 1070 3658 ἢ
1083 3584 1189 3644 ἑκούσια
1208 3586 1345 3665 φιλήματα
1361 3589 1471 3667 ἐχθροῦ,
1486 3586 1539 3646 Διὰ
1562 3593 1640 3648 τοῦτο

95 3677 220 3755 quivero
230 3691 343 3737 mortem
361 3677 548 3738 interminatus
559 3693 610 3752 est,
623 3679 651 3740 iu
663 3681 759 3740 caelum
769 3681 812 3740 in·
829 3700 850 3748 ι)
867 3679 913 3738 καί
926 3678 988 3757 πρίν
1008 3677 1158 3749 ἀποδεῖξαι,
1182 3677 1262 3758 χάριν
1278 3675 1332 3757 ἐχω
1344 3687 1399 3746 τοῖς
1419 3680 1640 3758 ἐγκαλοῦσιν.οί

96 3765 180 3824 vexit.
192 3764 292 3825 Videu’
303 3763 813 3851 quomodoFideliorasuntnulnera
869 3770 917 3848 μὲν
938 3770 1008 3851 γὰρ,
1030 3769 1080 3830 κᾶν
1101 3769 1222 3842 δικαίως,
1241 3768 1290 3828 κδιν
1306 3769 1403 3838 ἀδίκως
1419 3773 1640 3849 {pertinencia

97 3858 197 3929 amici,
212 3873 303 3934 quam
311 3867 474 3932 spontanea
492 3857 593 3914 oscula
606 3857 813 3920 inimicilldeo
867 3862 992 3923 ὀνειδίσαι
1011 3861 1183 3940 βουλόμενοι,
1198 3861 1266 3920 ἀλλὰ
1284 3863 1442 3940 διορθῶσαι,
1458 3868 1538 3924 τοῦτο
1550 3870 1640 3923 ποιοῦ-
1673 3886 1675 3891 ’

96 3939 239 4022 antequam
252 3942 282 4002 id
300 3942 521 4018 demonstrarem,
533 3945 648 4022 gratiam
668 3950 749 4008 retuli
770 3950 813 4027 iis,
868 3976 926 4012 σιν·
951 3956 976 4013 οἱ
998 3953 1026 4014 δέ
1049 3953 1154 4034 ἐχθροί,
1185 3952 1233 4012 κᾶν
1261 3953 1369 4021 δικαίως
1394 3955 1554 4032 ἐγκαλῶσιν,
1580 3955 1641 4036 οὐχί

98 4034 145 4114 qui
159 4055 202 4098 rne
213 4046 340 4113 arguunt.
355 4033 400 4093 Illi
408 4055 523 4111 namque
537 4036 665 4116 sivejure
678 4041 737 4100 sive
746 4041 816 4121 inju·
868 4043 1027 4122 διορθῶσαι,
1053 4046 1112 4103 ἀλλ’
1139 4047 1322 4122 ἐκπομπεῦσαι
1347 4046 1538 4114 σπουδάζοντες
1567 4048 1639 4127 ἐλέγ-

98 4126 138 4185 ria
158 4139 283 4206 arguant,
306 4145 361 4204 non
373 4124 567 4204 exprobrandi,
591 4126 638 4186 sed
661 4130 815 4210 corrigendi
868 4154 970 4215 χουσίν.
986 4125 1070 4195 Οὗτοι
1083 4135 1169 4195 τοίνυν
1180 4140 1361 4208 ἐπαινοῦντες,
1374 4139 1578 4219 σπουδαιότερον
1593 4142 1640 4211 (n-
1661 4156 1670 4177 ·

101 4217 192 4276 animo
203 4216 232 4274 itl
244 4229 341 4296 agunt3
367 4213 471 4273 inimici
485 4235 560 4286 vero,
574 4216 679 4277 etiamsi
694 4220 755 4300 jure
768 4243 816 4280 ar·
869 4230 942 4285 τοῦσι
956 4229 1081 4300 ποιῆσαι,
1101 4231 1196 4287 ἐκεῖνοι
1219 4226 1263 4302 δέ,
1286 4228 1335 4287 κᾶν
1351 4231 1505 4305 ἐπαινῶσιν,
1527 4237 1641 4293 ὑποσκε-

98 4321 198 4389 ’γμιοπη
223 4328 276 4366 non
297 4304 460 4385 corrigendi,
481 4304 527 4365 sed
554 4306 702 4369 infamandi
726 4314 817 4374 animo
868 4313 942 4376 λίσαι
967 4316 1118 4377 σπεύδουσι.
1135 4318 1303 4392 Πλὴνύπως
1316 4321 1347 4380 ἂν
1368 4320 1505 4403 δέλεγχος
1520 4327 1641 4398 κινῆται,

102 4413 229 4482 arguunt.
253 4397 386 4477 Hiigitur
399 4397 465 4456 dum
478 4397 601 4473 laudant,
618 4398 647 4458 id
668 4402 777 4464 student
787 4419 818 4465 ut
871 4408 939 4487 μέγα
953 4411 1050 4488 ἀγαθὸν
1064 4411 1095 4470 τὸ
1109 4410 1232 4472 δύνασθαι
1249 4413 1336 4495 φέρειν
1350 4392 1478 4495 ἐλέγχους
1483 4416 1530 4475 καὶ
1546 4418 1641 4495 ἐγκλή·

103 4491 242 4551 meliorem
268 4488 397 4565 efficiant;
409 4487 458 4578 illi
474 4509 549 4567 vero,
570 4489 674 4550 etiamsi
697 4494 818 4571 laudent,
870 4523 958 4578 ματα,
968 4501 1013 4559 καλ
1028 4502 1065 4578 μὴ
1079 4507 1273 4584 ἐκθηριοῦσθαι.
1287 4505 1321 4565 Ὁ
1334 4505 1386 4586 γδρ
1401 4511 1486 4585 μισῶν
1502 4509 1642 4589 ἐλέγχους,

102 4576 459 4657 nihilomiunssnpplantare
467 4589 605 4636 conantur.
615 4578 745 4640 Caeterum
754 4605 817 4661 quo·
870 4593 960 4673 ἄφρων
975 4594 1050 4663 ἐπὶ,
1070 4595 1158 4674 φησίν,
1181 4597 1240 4656 οὐχ
1254 4587 1327 4671 εἶπε,
1341 4598 1458 4657 τοιούσδε
1480 4598 1498 4671 ἢ
1521 4600 1642 4661 mmm,

102 4667 250 4749 quomodo
272 4667 443 4748 reprehensio
460 4666 575 4746 accidat,
600 4690 728 4751 magnum
749 4689 818 4735 certe
870 4685 1005 4764 ἐλέγχοις,
1016 4687 1075 4743 ἀλλ’
1097 4688 1202 4756 ἁπλῶς,
1213 4685 1345 4768 ἐλέγχους.
1359 4691 1394 4748 Εἰ
1408 4687 1455 4767 μὲν
1469 4689 1522 4771 γὰρ
1531 4690 1643 4758 δικαίως

12 4794 16 4801 ·
101 4768 204 4827 bornun
215 4781 255 4828 est
267 4766 291 4827 si
304 4765 365 4845 quis
376 4766 592 4846 reprehensiones
605 4767 818 4833 criminationes-
870 4776 1021 4836 ἐνεκάλεσεν
1042 4777 1158 4858 ὁφίλος,
1179 4778 1320 4856 διίρθοισαι
1339 4780 1370 4839 τὸ
1393 4779 1557 4861 ἁμάρτημα·
1575 4786 1599 4842 εἰ
1615 4783 1642 4842 δέ

8 4880 154 4938 ,Mune
167 4858 205 4917 ita
219 4860 287 4917 serre
304 4857 398 4938 possit,
423 4871 453 4917 ut
471 4878 523 4916 nou
548 4875 732 4941 exasperetur.
758 4866 816 4943 Qui
832 4887 851 4934 ε
870 4866 971 4946 ἀλόγως
982 4868 1129 4948 ἐμέμψατο,
1143 4870 1207 4936 τέως
1217 4871 1353 4930 ἐπαίνεσον
1367 4873 1444 4931 αὐτὸν
1455 4878 1503 4945 τῆς
1516 4873 1642 4952 γνώμης,

49 5013 53 5021 ,
71 5022 76 5030 .
101 4948 815 5036 euimoditincrepationes,aitScriptura,insipiens
869 4957 992 5028 ἀπόδεξαι
1005 4958 1049 5018 τδν
1063 4961 1171 5033 σκοπὸν,
1185 4962 1263 5041 χάριν
1287 4962 1449 5043 ὁμολόγησον
1469 4968 1518 5037 τῆς
1533 4966 1637 5046 φιλίας·

133 5143 144 5166 a
162 5129 222 5179 ltoec
233 5129 269 5178 sie
281 5128 345 5179 torte
357 5125 444 5181 melina
457 5130 585 5200 legantur:
599 5143 621 5187 τι·
633 5139 716 5201 tipum
730 5141 856 5213 τραύματα
881 5139 948 5209 αριιιί
959 5140 1168 5210 Clrryaoatomnm
1188 5145 1302 5214 frequens
1313 5159 1360 5200 eat.

99 5211 233 5280 φιλημάτων
243 5212 363 5274 βιλτίονας
374 5216 417 5270 ναί,
431 5219 504 5278 φησίν.
523 5216 548 5264 ού
565 5221 624 5283 γάρ,
634 5228 694 5266 natu
712 5212 754 5268 hic
767 5227 856 5284 tropus
