3764 5992
220 422 278 473 'm
304 421 538 474 ascrnsrounn
559 425 599 473 ο.
628 425 663 471 u.
691 425 720 473 ι.
747 426 781 473 c.
808 426 852 473 nr
876 425 911 475 ιο
940 427 1087 479 erinna.
1114 400 1193 481 scr.
1221 433 1258 482 ιι.
1444 404 1512 517 9i7

144 549 314 628 ζάμινος,ιταλ
331 547 399 630 θτίρ
415 553 461 608 τοῦ
474 548 622 630 γάνουςτοῦ
640 554 743 623 κοινοῦ,
796 562 860 626 tate,
874 551 1515 644 etprofeommunigenerffinostmacceptanon
1567 607 1569 612 -

144 640 172 700 τδι
183 640 271 711 πάθη,
294 641 354 700 ἀλλ’
365 639 540 714 ἰκκαλύπτει,
552 639 595 700 ἵνα
610 641 679 721 δείξῃ
693 640 742 713 τὴν
796 641 873 721 ugit,
891 642 940 702 sed
954 644 1066 717 resciat,
1080 644 1118 706 'ut
1131 669 1208 709 suam
1223 651 1388 714 demonstret
1400 655 1513 716 sortitu-
1658 646 1661 653 ¹

144 732 203 791 εἰαν.
218 730 322 799 'Edonis
334 732 383 799 sd<
393 740 485 812 χεῖρας
498 737 525 793 ἐν
537 724 577 800 αἶς
588 724 621 805 ἦν
634 738 648 792 ὁ
661 732 743 801 τύπος
795 730 895 794 dinem.
914 735 1040 796 Ostendit
1059 760 1154 799 manus
1175 741 1203 799 in
1226 743 1403 826 quibusjerat
1422 747 1512 808 fixura

144 821 220 891 ἔδειξε
241 822 287 882 καλ
308 821 357 895 τὴν
371 824 487 906 πλευράν
504 824 530 893 ἐξ
549 815 581 895 ἧς
600 824 742 885 ἀνέάλυσεν
795 822 959 903 clavorum
980 827 1096 888 ostendit
1118 845 1144 890 ct
1163 832 1244 908 Ιειιιε,
1264 834 1335 895 unde
1352 837 1429 897 nobis
1451 839 1512 899 sons

144 914 264 993 ισιηρίοιν
278 913 326 987 την
344 916 443 994 πηγάν.
461 915 564 984 Ἐδειξε
576 916 625 984 τδς
636 927 742 998 χεῖρας,
794 916 984 996 mysteriorum
998 921 1147 983 scaturivit.
1163 924 1288 986 Ostendit
1301 949 1408 1007 manus,
1422 944 1453 990 ut
1465 953 1510 991 re·

147 1007 213 1088 ρήαη
234 1007 282 1078 τὴν
304 1007 460 1082 ἀνάστασιν,
483 1007 527 1067 ἰνα
549 1009 738 1089 πληροφορήση
795 1007 953 1067 surrectioni
965 1010 1048 1072 fidem
1057 1013 1166 1091 faceret,
1177 1028 1208 1074 ut
1219 1017 1343 1078 certiores
1352 1020 1510 1100 faceremus,

144 1101 252 1165 λοῦντας
266 1097 306 1157 ὅτι
328 1099 409 1166 ὄντοις
429 1105 443 1160 ὁ
457 1098 549 1160 παθὼν
563 1100 677 1174 ἀνέστη,
698 1099 739 1159 ὅτι
794 1098 843 1175 qui
855 1100 1025 1177 dubitarent,
1040 1127 1102 1163 eum
1118 1107 1166 1185 qui
1180 1129 1274 1187 passus
1288 1111 1374 1170 suerat
1387 1133 1510 1173 resurre-

144 1191 234 1250 οθανδν
250 1192 296 1250 κοιλ
308 1190 389 1272 sapiu
406 1196 485 1270 σῶμα
495 1192 646 1272 ἐγήγερται.
795 1190 875 1267 xissc,
890 1213 1040 1273 corpusque
1053 1216 1117 1257 vere
1130 1211 1265 1259 mortuum
1280 1214 1306 1260 et
1319 1202 1455 1282 sepultum
1469 1226 1511 1264 re-

795 1302 905 1343 vixisse.
1194 1342 1197 1346 Α
1465 1309 1467 1314 ·

144 1400 164 1434 ιν
184 1368 227 1435 otiu
249 1379 273 1437 οἰ
301 1377 419 1455 μαθηταὶ
448 1377 545 1446 ἰδόντες
568 1379 613 1439 τδν
632 1378 776 1459 Ktimene.
833 1374 863 1433 θ.
880 1377 984 1436 Gavisi
993 1392 1062 1438 suut
1076 1382 1212 1462 discipuli
1226 1389 1293 1443 uiso
1304 1388 1442 1447 Domino.
1452 1389 1510 1447 Pax
1519 1370 1589 1475 13⁶⁸·
1606 1378 1645 1416 ²⁰·

144 1492 186 1540 νη,
202 1468 281 1541 ἰλύθη
299 1473 313 1529 ὁ
329 1469 420 1549 odius,
434 1470 547 1542 ἤνθησεν
560 1475 577 1541 ἡ
590 1469 676 1550 χάρις.
692 1460 741 1529 Ei-
795 1463 857 1523 data
873 1480 929 1540 est,
943 1481 1031 1527 metus
1043 1470 1148 1549 solutus
1164 1488 1212 1549 est,
1228 1476 1432 1553 gratia,ss0r11it.
1451 1480 1509 1538 Di·
1520 1463 1559 1539 1ο.Ι
1570 1508 1592 1538 τ.
1606 1505 1645 1538 τι.

143 1569 186 1627 τοῖς
209 1561 301 1634 πάλιν,
327 1562 418 1640 εἰρήνη
442 1566 516 1640 ύμῖν.
543 1563 622 1620 Διατί
643 1563 739 1634 πάλος
793 1561 838 1615 xit
850 1579 916 1637 ergo
930 1560 992 1618 illis
1005 1564 1121 1639 iterum,
1132 1566 1199 1624 Pax
1211 1571 1307 1629 vobis.
1318 1569 1373 1627 Cur
1382 1573 1501 1630 iterum?

144 1677 196 1712 εται
214 1653 297 1725 πῆξαι
309 1653 344 1711 τὰ
361 1657 433 1734 δῶρα
443 1659 490 1726 τῆς
507 1654 630 1734 χάριτος,
646 1655 740 1736 διπλα-
794 1649 849 1708 Ubi
855 1650 914 1709 vult
922 1649 991 1710 dona
999 1654 1218 1732 gratiaefundare‚
1226 1661 1305 1718 etiam
1313 1661 1511 1723 benedictiones

144 1744 188 1812 τδς
202 1745 339 1825 εὐλογίας·
352 1744 445 1825 ὥσπερ
465 1745 510 1805 ἐπὶ
528 1753 575 1805 τοῦ
598 1745 739 1825 ’stepanu-
794 1739 871 1800 iterat
885 1765 891 1797 :
904 1743 1132 1820 quemadmodum
1143 1748 1207 1807 fecit
1221 1765 1247 1809 et
1260 1753 1414 1818 Abrahamo
1429 1778 1435 1810 :
1453 1757 1510 1813 Be·
1522 1743 1579 1849 ξω·
1589 1756 1629 1791 ²²¹

144 1836 249 1915 λογήσοι
266 1822 310 1911 σε,
323 1837 369 1896 καλ
393 1835 531 1908 πληθύνων
544 1838 669 1909 πληθυνῶ
690 1858 738 1895 σε·
795 1833 941 1915 mediceris}
956 1838 1125 1896 benedicam
1155 1843 1224 1912 tibi,
1254 1855 1283 1901 et
1309 1846 1510 1924 multiplicans
1536 1819 1559 1863 ⁷⁶

143 1953 156 1985 ν
170 1928 277 2009 εἰρήνην
290 1929 335 1989 ἐπὶ
353 1930 459 2009 εἰρήνην
472 1938 526 1996 τοῖς
539 1927 614 2008 ἰγγθς
628 1927 673 1986 καλ
686 1937 740 1995 τοῖς
795 1926 997 2004 multiplicabo
1012 1941 1040 1989 te
1057 1929 1117 1989 :sic
1133 1945 1191 1991 tum
1207 1934 1355 2013 proximis,
1371 1950 1429 1995 tum
1443 1959 1509 2018 pro-

144 2019 188 2088 ἰὼς
201 2021 350 2082 άπάσταλκέ
361 2046 395 2100 με
404 2027 419 2081 δ
429 2021 541 2101 Πατὴρ,
557 2019 632 2100 κάγὼ
641 2021 740 2098 πέμπω
795 2016 841 2076 cul
852 2018 948 2097 positis
961 2020 1020 2099 paci
1036 2042 1129 2101 pacem
1148 2023 1249 2104 adjicit.
1266 2028 1346 2088 Sicm
1364 2030 1443 2089 misit
1465 2012 1587 2120 πισζῗΜ
1599 2023 1637 2057 ²⁰·

144 2137 199 2193 τχε,
218 2115 379 2193 παρακαλῶ·
394 2112 443 2193 ὅρα
459 2116 514 2180 πῶς
532 2116 569 2180 εἰς
589 2112 619 2172 τὸ
640 2108 741 2191 ἀνθρώ·
794 2111 898 2187 Pater,
913 2124 1003 2192 etego
1013 2117 1097 2173 mitto
1107 2137 1172 2177 vos.
1185 2118 1309 2197 Attende,
1321 2142 1412 2198 quaeso
1423 2144 1433 2199 3
1446 2123 1510 2183 ride

144 2228 161 2263 ο
185 2205 296 2284 ἁρπάζει
319 2205 371 2278 ris
389 2204 549 2284 οἰκουρίαν.
570 2205 629 2263 Οὐκ
653 2194 739 2274 εἶπεν,
794 2201 929 2279 quomodo
954 2203 991 2263 ad
1018 2204 1165 2266 humanam
1192 2210 1306 2270 formam
1334 2213 1511 2274 oeconomiam

144 2297 186 2370 ησί
200 2302 260 2375 μεθ
274 2298 389 2378 Πατήρ·
404 2298 468 2358 ὅπου
482 2295 533 2378 γδρ
548 2295 696 2369 ἀποστολὴ,
708 2298 783 2373 edm
794 2294 892 2373 rapiat.
920 2297 981 2355 Nun
1001 2295 1088 2379 diuis,
1115 2300 1193 2360 Sicut
1219 2303 1312 2381 genuit
1338 2325 1382 2364 mc
1406 2307 1508 2366 Pater:

153 2394 246 2470 σχῆμα
272 2390 444 2450 ἰνδείκνυται.
464 2392 588 2470 Συνεχῶς
611 2388 639 2447 δὲ
661 2393 739 2449 τοῦτο
756 2391 773 2437 Α
793 2385 886 2447 missio
895 2388 967 2448 enim
977 2391 1124 2451 humanam
1139 2394 1253 2456 sormam
1263 2397 1389 2459 ostendit.
1400 2399 1433 2458 td
1444 2421 1509 2461 uero

144 2487 210 2556 οθα,
234 2484 325 2556 ἐπειδὴ
339 2485 388 2555 την
409 2482 559 2561 οἰκονομίαν
573 2481 737 2562 ἰρμηνεύει
792 2479 944 2558 frequenter
958 2480 1123 2563 indicamus,
1138 2486 1203 2564 quia
1221 2486 1251 2545 id
1268 2489 1443 2550 oeoonomiam
1462 2492 1510 2553 dc·

144 2579 175 2651 ἰν,
190 2573 276 2655 γυμνὴ
290 2575 412 2657 ἡφύσις,
429 2574 540 2655 Πατέρα
556 2574 602 2634 καὶ
615 2576 679 2635 Υἰδν
691 2599 738 2649 κη·
793 2570 886 2631 eiurat.
905 2571 974 2651 Ubi,
993 2572 1101 2653 inquit,
1118 2576 1223 2637 nudam
1241 2594 1365 2641 naturam
1390 2583 1508 2663 profert,

144 2666 339 2734 ὼςάπίσταλχέ
349 2691 392 2747 με,
405 2669 469 2735 Πῶς
485 2667 513 2727 δί
529 2667 680 2729 detinenda}
693 2693 737 2742 περ
793 2663 900 2751 Patren}
921 2679 1003 2744 alque
1025 2668 1128 2727 Filium
1152 2669 1292 2750 praedicai.
1322 2675 1404 2735 Sicut
1431 2681 1511 2738 miili

144 2761 276 2841 τρακσιλῶ.
290 2760 453 2833 Ἀπεστιθης
469 2760 607 2832 Δεσπότης
623 2760 648 2829 ἐξ
662 2764 738 2842 οὐρα·
793 2776 848 2815 me.
867 2756 1011 2828 Quomodo
1023 2760 1098 2820 misit
1110 2762 1161 2821 te?
1179 2763 1304 2839 Attende,
1324 2768 1510 2844 quaeso.'Mis·

152 2850 238 2918 καθὼς
262 2852 401 2913 ἀπέστειλά
414 2876 444 2911 σε
457 2857 472 2912 δ
487 2851 598 2935 Πατὴρ,
612 2853 741 2913 άποστελ-
792 2867 838 2906 sus
853 2850 1026 2910 esDomiuus
1043 2850 1078 2910 de
1091 2854 1156 2912 caelo
1171 2876 1247 2934 3quo
1261 2871 1340 2936 pacto
1356 2857 1395 2918 ita
1406 2859 1512 2919 mittere
1613 2901 1617 2908 ·

144 2967 161 3002 u
181 2943 288 3024 τρόπον,
310 2946 390 3025 φησί,
411 2945 481 3025 λέγω
504 2948 552 3016 τῆς
574 2947 739 3019 ἀποστολῆς,
792 2954 868 3020 ροισι
888 2954 917 3000 ut
930 2943 1014 3002 'Pater
1029 2957 1056 3003 te
1072 2944 1168 3006 misit?
1190 2948 1249 3006 Non
1266 2948 1390 3025 modum,
1411 2952 1509 3031 inquit,

152 3035 292 3095 ἀπέστειλά
315 3041 393 3114 μεθθ
411 3036 523 3117 Πατὴρ,
543 3037 619 3117 κάγὼ
639 3037 739 3114 πέμποι
792 3031 928 3093 missionis
949 3034 1082 3114 significo,
1100 3037 1247 3115 cumdico,
1263 3041 1344 3101 Sicm
1363 3047 1443 3103 misit
1465 3066 1512 3104 me
1555 3109 1559 3114 ,
1599 3047 1607 3061 “

153 3126 201 3199 τὴν
213 3127 332 3205 δύναμιν.
347 3129 509 3202 Ἀπεστσθιην
523 3129 575 3209 ἐγὼ
589 3132 626 3195 εἰς
645 3129 739 3189 eduu-
790 3129 893 3200 Pater,
917 3144 947 3187 et
965 3151 1017 3210 ego
1038 3135 1122 3191 mitto
1140 3152 1207 3211 vos,
1225 3133 1274 3193 sod
1292 3133 1421 3194 virtutem
1439 3137 1508 3217 ejus.

144 3225 177 3280 οῦ
198 3220 313 3298 κόσμοι·
337 3221 492 3282 ἀποστέλλου
512 3225 594 3301 ὑμᾶς,
618 3221 662 3281 ἵνα
684 3232 738 3292 τοῖς
791 3221 891 3280 Missus
910 3242 971 3282 suin
989 3242 1039 3302 ego
1059 3237 1090 3282 ut
1111 3224 1200 3305 patiar
1219 3247 1269 3306 pro
1289 3228 1411 3303 mundo;
1431 3228 1510 3288 mitto

144 3314 218 3375 άθεσι
239 3314 288 3387 τὴν
317 3314 473 3395 οἰκουμένην
493 3315 663 3397 στεφανιθσοι.
684 3316 739 3377 Καὶ
791 3333 840 3373 vos
861 3327 890 3373 ut
909 3315 1079 3396 passionibus
1095 3317 1192 3376 restris
1208 3317 1301 3376 orbem
1318 3339 1450 3378 coronem.
1472 3319 1510 3379 Ει

144 3405 251 3487 inposui
274 3412 292 3479 ἡ
318 3405 400 3480 θνητὴ
427 3407 504 3489 φύσις
532 3408 644 3488 άρκέσαι
672 3408 738 3490 πρδς
791 3405 855 3482 quia
881 3426 935 3464 non
958 3406 1047 3486 potuit
1072 3407 1195 3466 mortalis
1223 3422 1318 3467 natura
1343 3409 1508 3470 dominicam

143 3523 172 3557 τα
189 3497 239 3571 τὴν
252 3498 421 3572 δεσποτικὴν,
440 3500 524 3579 λέγει·
541 3501 595 3560 Καὶ
608 3508 685 3561 τοῦτο
700 3505 739 3560 εἰ·
754 3501 773 3548 Β
791 3495 998 3570 similitudinem
1018 3497 1142 3575 assequi,
1165 3497 1241 3558 addit
1264 3523 1271 3556 ι
1295 3503 1336 3560 Εἰ
1358 3523 1425 3561 cum
1446 3505 1508 3565 'toec
1517 3476 1635 3581 ffmo’

144 3614 181 3661 Ι,σε
194 3589 223 3663 ⁴¹,
237 3590 284 3650 καί
298 3590 371 3670 λέγει
390 3592 614 3672 αθτοῑς,,λά6ετι
628 3594 738 3670 Πνεῦμα
790 3588 922 3660 inaures,
952 3590 1135 3674 iruufflavit,
1155 3594 1255 3671 aitque
1273 3593 1345 3666 illis,
1372 3595 1509 3675 Accipite

144 3707 196 3763 εγε.
213 3682 292 3742 diuzi
305 3681 461 3764 ἐνεφύσησεν
471 3689 485 3745 θ
494 3684 591 3765 Σοιτλρ
602 3695 655 3752 τοῖς
670 3688 739 3744 διτο-
789 3681 928 3758 Spiritum
937 3693 1084 3740 sanctum.
1095 3681 1219 3741 Attende.
1229 3684 1284 3742 Cur
1291 3683 1440 3746 insufflavit
1446 3689 1508 3747 Ser·

153 3774 405 3857 αθτλντὴνὴμίραν
417 3780 465 3846 τῆς
479 3768 738 3854 ἀναστάσειυςςῖἰρα
792 3787 870 3834 ιοιοτ
887 3773 916 3832 in
934 3773 1067 3853 apostolos
1085 3774 1144 3855 ipso
1163 3775 1363 3836 resurrectionis
1378 3776 1450 3838 dic?
1467 3783 1507 3839 dn

144 3872 175 3925 uu
196 3867 386 3948 ἰμφυσάματος
408 3870 458 3949 οὐχ
485 3868 574 3936 ἱκανὸς
591 3862 625 3943 ην
649 3873 738 3931 δοῦναι
791 3865 896 3924 nonnisi
915 3864 1079 3926 insufflando
1101 3880 1204 3947 poterat
1223 3868 1358 3949 Spiritum
1385 3885 1507 3932 sanctum

144 3961 182 4032 b;
199 3958 270 4018 Ἀλλ’
284 3958 393 4033 ἐπειδὴ,
412 3960 456 4020 τὸν
474 3963 579 4040 πρῶτον
600 3963 737 4042 ἄνθρωπον
790 3957 880 4016 dare?
894 3959 998 4024 Verum
1012 3958 1151 4036 quiacum
1165 3960 1284 4041 primurn
1299 3962 1537 4069 hominemfotuc

144 4050 291 4132 seprienses
311 4056 348 4121 εἰς
367 4053 397 4113 τδ
417 4053 558 4135 πρόσωπον
572 4057 668 4128 αὐτοῦ,
691 4056 738 4116 κοιλ
790 4064 885 4128 maret,
901 4051 1072 4135 Insufflavit
1092 4055 1248 4141 infaciem
1272 4059 1345 4136 ejus,
1361 4070 1388 4115 et
1404 4059 1507 4137 suctus
1539 4037 1610 4070 ’Μ’
1630 4037 1654 4105 ἶ·

144 4167 216 4212 ονττος
229 4148 266 4212 εἰς
276 4145 364 4226 ψυχὴν
379 4149 466 4215 ζῶσαν
473 4146 620 4227 ,ζάπώλεσε
642 4147 669 4208 δὲ
691 4156 738 4209 τοῦ
789 4157 830 4204 est
843 4146 933 4204 'bomo
948 4149 980 4202 ἱιι
993 4150 1125 4205 animum
1139 4150 1307 4221 viventem,
1322 4147 1370 4206 sed
1384 4148 1506 4208 insuffla-

144 4237 214 4308 ςτὴν
224 4236 303 4318 χάριν
317 4238 361 4297 διδ
370 4237 418 4310 τλν
430 4239 594 4318 παράθεσιν,
609 4241 655 4300 καί
668 4245 737 4301 ἀπο-
789 4235 869 4323 tionis
879 4236 955 4297 illius
966 4238 1079 4316 gratiam
1093 4261 1141 4319 per
1155 4239 1403 4319 praevaricationem
1416 4240 1506 4320 perdi·

144 4330 239 4389 ιοποιδν
252 4329 374 4408 δύναμιν,
387 4333 423 4397 εἰς
440 4336 504 4410 γοῦν
519 4331 638 4406 διελύθη,
648 4331 693 4391 καλ
708 4335 736 4391 ἐν
788 4326 846 4404 dit;
857 4342 884 4386 et
891 4342 1033 4409 postquam
1041 4329 1181 4390 vivificam
1191 4329 1265 4387 iliam
1275 4328 1333 4389 vim
1342 4329 1505 4410 perdiderat,

145 4442 204 4478 υσεν
228 4418 276 4492 τὴν
304 4423 383 4480 αὐτοῦ
409 4420 595 4502 δημιουργίαν·
619 4426 735 4482 άνανεῶν
788 4419 816 4479 in
834 4420 974 4500 pulverem
991 4419 1122 4479 resolutus
1141 4433 1189 4494 cst,
1209 4433 1235 4478 et
1253 4417 1282 4478 in
1300 4420 1426 4500 sepulcro
1447 4421 1505 4501 ejus

144 4510 226 4589 ἰσμα,
240 4511 286 4569 καί
307 4509 446 4578 ἀποδιδούς
459 4512 490 4571 τὸ
504 4514 613 4594 ἀρχαῖον
637 4515 734 4596 δῶρον,
751 4528 769 4576 c
787 4511 928 4593 opificium
945 4512 1070 4572 dissolvit
1080 4534 1088 4585 ;
1105 4525 1135 4570 ut
1155 4511 1314 4592 figmentum
1331 4533 1411 4571 suum
1428 4535 1503 4573 reuo-

144 4605 170 4669 ἰς
182 4603 215 4661 τὸ
232 4603 372 4685 πρόσωπον
386 4608 438 4662 τῶν
453 4604 616 4674 ἀποστόλων,
627 4605 675 4678 τὴν
686 4611 734 4688 άρ-
786 4618 877 4678 varct,
905 4618 931 4664 ct
961 4604 1079 4685 priscum
1104 4603 1173 4662 iliud
1201 4603 1304 4681 dunum
1334 4607 1502 4680 restitueret,

144 4718 163 4767 γν
184 4695 230 4753 καλ
258 4697 370 4769 ζωτικὴν
397 4697 506 4775 δύναμιν
533 4698 670 4766 ἀποδιδοὺς
695 4704 733 4780 τῷ
785 4695 934 4756 insufflavit
955 4696 1096 4755 infaciem
1119 4696 1310 4776 apostolurum,
1333 4711 1504 4777 veteremque

145 4792 195 4864 μοῦ
208 4785 236 4847 δὲ
250 4791 394 4868 ἐπληροῦτο
412 4789 457 4849 καλ
472 4789 506 4848 τά
520 4795 573 4849 τῶν
589 4796 732 4872 προφητῶν
783 4788 859 4849 illam
870 4804 895 4849 et
906 4789 1045 4850 vivificam
1056 4787 1113 4846 vim
1124 4789 1252 4868 figmento
1262 4810 1310 4850 suo
1323 4789 1457 4867 restituit3
1469 4812 1501 4852 ac

144 4876 198 4937 ,Ὁ
212 4877 263 4960 γάρ
279 4879 408 4960 μακάριος
432 4879 527 4959 Ναούμ
548 4885 563 4941 δ
579 4883 731 4962 προφήτης,
784 4879 1501 4961 simulimplebanturprophetarumpraedicta.Beatus

144 5077 284 5144 conjecerat
301 5077 392 5130 Montf.
412 5083 542 5152 ἰρμηνεθτι,
561 5096 608 5146 pro
626 5082 718 5132 vitioso
774 5096 785 5122 ο
802 5082 916 5148 [Locum
926 5078 1027 5148 pienum
1038 5079 1129 5131 damus
1139 5097 1170 5132 ex
1180 5077 1238 5133 eod.
1251 5080 1328 5147 Con]

144 5157 229 5222 :pimus
240 5155 327 5209 eCod.
343 5158 415 5223 4186,
426 5169 452 5209 et
463 5166 477 5219 ἡ
488 5170 546 5225 post
558 5162 651 5228 γυμνη]
743 5175 749 5185 ·
775 5159 789 5198 d
807 5158 902 5226 [Addit
919 5158 985 5212 cod.
1003 5157 1038 5209 id.
1059 5164 1071 5212 θ
1089 5165 1164 5214 dium
1181 5172 1211 5228 τῇ
1227 5166 1303 5232 puicu,
1324 5170 1451 5234 sepontium
1470 5178 1498 5235 τῇ

144 5233 166 5290 d.
179 5233 242 5288 cod.
256 5243 276 5291 οἰ
288 5244 408 5294 ἀπόστολοι
417 5245 456 5292 οἰκ
470 5244 494 5300 ἰξ
504 5241 619 5311 ολραιοῡ]
743 5247 834 5310 χάριτι,
847 5246 884 5294 καί
897 5246 964 5295 τοῦτο
974 5246 1041 5298 alniis
1057 5241 1142 5308 turpia,
1154 5239 1216 5304 cub]
