3810 6000
251 399 323 491 oto
402 501 406 507 ,

249 544 299 602 has
313 541 422 600 choreas
435 539 521 619 agatis
537 537 670 598 cohortor.
689 537 743 611 Qui
757 533 828 597 enim
846 553 896 594 nee
911 546 966 593 ter-

251 642 315 681 reno
329 620 438 700 quidem
449 620 550 678 honore
558 616 634 697 digni
647 636 764 693 eramus,
775 612 811 672 ad
820 634 967 694 supernum

251 721 364 781 regnum
377 697 555 773 ascendimus,
572 697 648 754 caelos
662 694 840 775 pervasimus,
852 706 878 752 et
891 713 966 772 rega·

251 780 305 838 lem
322 779 451 838 thronum
465 800 480 835 a
500 773 710 856 prehendimus,
726 773 837 855 ipsaque
858 786 966 846 natura,

956 409 1087 461 SPUth.

1018 537 1063 595 τδν
1081 535 1239 614 παράδεισον
1255 534 1289 595 τά
1310 531 1467 614 Χερουόθμ,
1482 536 1625 612 ἐποχεῖται
1640 552 1785 611 προσκυνο-

1020 616 1096 692 μίνη.
1110 614 1387 692 Ἐκπλάγηθιτοίνυν,
1401 612 1543 692 σἰγαπητὲ,
1555 616 1604 671 τοῦ
1613 611 1786 672 baratrum

1020 695 1050 753 τὸ
1064 692 1130 771 εύμή
1152 717 1227 767 ανον,
1243 693 1288 754 καὶ
1310 692 1416 762 δόξασαν
1431 692 1479 750 τὸν
1493 691 1616 751 τοσαῦτά
1634 716 1675 750 σοι
1689 693 1786 771 χαρισά-

1021 796 1108 851 μενον.
1124 718 1257 851 (ίπερέῦη
1283 773 1368 875 γάρὴ
1391 769 1537 852 φιλοτιμία
1562 776 1612 843 τἠς
1640 772 1732 909 δωρεᾶς
1750 775 1787 842 τῆς

251 871 467 940 perquamcusto
490 850 967 935 iebantparadisumClrerubim,jam
1020 851 1116 929 ζημίας
1137 852 1168 911 τδ
1185 852 1303 931 μέγεθος.
1330 850 1476 931 Οραγθρ,
1491 849 1660 931 παραδείσω
1687 874 1737 927 ,μεν
1753 853 1787 908 ἐκ·

251 951 342 998 evecta
357 949 395 994 est
408 950 435 994 et
445 936 582 994 adoratur.
595 935 682 992 Obstu
704 953 763 991 esee
775 931 859 1011 igitur
872 945 897 989 et
912 930 965 989 ad·
983 946 1003 994 n
1020 932 1158 1004 πεσόντες,
1172 933 1217 991 καὶ
1229 935 1264 999 εἰς
1277 931 1353 990 αὐτὸν
1365 931 1409 990 τὸν
1420 930 1534 1010 οὐρανὸν
1549 928 1716 1009 ἀνήχθημεν·
1725 930 1788 988 θανά-

252 1017 358 1090 mirare,
364 1015 510 1087 carissime,
518 1034 642 1093 magnam
652 955 787 1071 sollertiam
798 1010 904 1069 Domini
916 1010 966 1084 tui,

252 1117 283 1154 ac
302 1094 424 1174 glorifica
444 1115 521 1171 eum,
542 1093 589 1170 qui
614 1105 687 1150 tanta
710 1090 759 1149 tibi
781 1090 895 1168 largitus
917 1102 965 1149 est.

254 1173 432 1232 Transcendit
440 1173 512 1232 enim
523 1171 587 1230 doni
599 1169 797 1250 magnificentia
808 1168 901 1228 damru
911 1190 966 1226 ma·
997 1200 1000 1205 >

253 1252 433 1332 gnitudinemr
448 1253 519 1311 Nam
534 1271 594 1310 ecce
654 1251 663 1308 i
683 1247 809 1340 paradiso
829 1247 967 1306 excidera-

253 1353 325 1407 mus,
337 1329 372 1390 ad
380 1333 475 1390 caelum
490 1332 579 1412 ipsum
593 1350 605 1388 s
645 1329 692 1386 latr
706 1349 812 1403 sumus3
823 1326 869 1405 qui
883 1339 967 1385 morte

254 1409 374 1469 damnmi
387 1411 503 1486 fuimus,
516 1407 726 1468 immortalitatis
745 1407 848 1466 donum
860 1406 966 1486 accepi·

253 1511 315 1549 mus
338 1514 344 1546 ι
364 1489 459 1548 infensi
479 1509 585 1548 eramus
604 1501 630 1546 et
648 1486 762 1562 ab'ecti5
782 1498 808 1544 ct
828 1485 899 1544 srlios
919 1504 967 1544 nos

253 1589 350 1627 vocare
369 1568 560 1648 dignatusest,
577 1588 663 1644 neque
678 1509 749 1624 lilios
767 1564 865 1641 solum,
881 1563 969 1625 sedet

252 1647 383 1725 heredes,
398 1669 484 1725 neque
493 1646 573 1706 etiam
583 1644 694 1705 heredes
706 1657 821 1720 tanturn,
831 1642 880 1703 sed
891 1657 916 1702 et
925 1664 969 1702 co-

253 1725 364 1786 heredes
377 1727 490 1786 Christi.
506 1726 577 1785 Eoce
593 1723 728 1802 quomodo
742 1724 843 1804 majora
857 1723 934 1781 nobis
953 1744 968 1782 a

253 1806 370 1864 Domino
384 1807 438 1864 sint
451 1804 559 1882 donata,
571 1825 651 1883 quam
662 1816 737 1860 antea
748 1803 852 1860 fuerant
865 1800 965 1861 ablata.

252 1885 358 1944 Verum
368 1884 435 1943 dum
448 1883 526 1942 audis
544 1904 606 1942 cum
618 1880 768 1941 ascendisse
781 1895 806 1940 et
817 1894 967 1941 assumtum

251 1983 319 2037 esse,
330 1984 396 2024 care
407 1962 518 2022 localem
536 1963 563 2021 in
579 1964 637 2021 Deo
651 1960 808 2022 descensum
826 1959 944 2042 opineris
958 1987 964 2019 :

252 2040 383 2103 diuinitas
397 2042 474 2102 enim
499 2042 589 2102 omnia
604 2040 712 2178 implet,
734 2039 835 2118 ubique
852 2060 968 2121 praesens

1019 1034 1058 1091 τῳ
1071 1010 1312 1088 κατεδικάσθημεν,
1326 1009 1397 1081 καὶὴ
1408 1008 1547 1069 ἀθανασία
1561 1012 1629 1107 ἡμῖν
1644 1008 1786 1088 δεδώρηται·

1020 1090 1257 1170 προσκεκρουκότες
1272 1082 1339 1168 ἦμεν
1362 1090 1408 1148 καὶ
1427 1091 1645 1170 ἀπερριμμενοι,
1666 1088 1710 1147 καὶ
1730 1088 1789 1155 etet<

1020 1171 1092 1247 ἡμᾶς
1102 1169 1214 1230 καλέσαι
1226 1169 1405 1242 κατηξίωσεν,
1419 1168 1468 1228 καὶ
1480 1171 1530 1247 οὐχ
1546 1165 1619 1233 υἱοὺς
1637 1167 1721 1244 μόνον,
1732 1167 1789 1226 ἀλλά

1020 1248 1065 1306 καί
1085 1247 1277 1330 κληρονόμους,
1294 1249 1339 1308 καί
1361 1251 1390 1307 ού
1410 1234 1603 1346 κληρονόμοις
1632 1245 1788 1324 padomum

1020 1326 1306 1407 καίσυγκληρονόμους
1320 1329 1451 1406 Χριστοῦ.
1481 1329 1526 1385 tte
1543 1329 1604 1392 πῶς
1626 1325 1729 1404 μείζονα
1746 1330 1788 1383 τῶν

1021 1522 1170 1625 κατάόαίσιν
1182 1508 1295 1638 rodidedi
1302 1509 1450 1625 ’ἐπίθεοῦη
1466 1561 1639 1630 θπολάδοις·
1656 1489 1737 1643 mg
1746 1524 1790 1620 tid

1021 1666 1068 1716 της
1082 1643 1187 1703 ἅπαντα
1194 1647 1308 1725 πληροῖ,
1328 1645 1375 1703 καί
1387 1650 1534 1723 πανταχοῦ
1549 1643 1697 1724 πάρεστιν,
1708 1641 1749 1700 καί
1759 1645 1790 1699 ού

1022 1723 1106 1801 δαμοῦ
1130 1724 1357 1802 άπολιμπάνεται,
1377 1725 1413 1791 ὡς
1429 1723 1547 1782 πάντων
1561 1721 1672 1802 ἔφορος,
1683 1722 1726 1780 καί
1737 1720 1789 1778 πάι-

1021 1824 1074 1860 των
1090 1803 1256 1885 δημιουργός.
1270 1805 1310 1863 Τό
1331 1803 1359 1862 δὲ
1380 1800 1507 1882 ὁμογενὲς
1522 1807 1594 1877 ἡμῖν
1612 1804 1653 1861 oiri
1675 1825 1708 1873 α,
1718 1799 1731 1858 δ
1741 1802 1790 1858 θνα·

1021 1880 1111 1941 λαθὼν
1124 1885 1235 1962 ὀφθῆναι
1252 1882 1414 1955 κατηξίωσεν
1431 1881 1478 1940 ἐπὶ
1496 1885 1551 1951 τῆς
1566 1883 1634 1960 γῆς,
1646 1826 1789 1958 όίιοιοιίμὶι

1021 1958 1091 2021 >eard
1104 1959 1190 2019 πάντα
1198 2007 1206 2035 ,
1215 1961 1279 2021 αὐτό
1289 1964 1347 2021 ἐστι
1355 1961 1385 2020 τδ
1393 1960 1530 2039 ἡμέτερον
1542 1959 1789 2037 ἀναλαμόανόμεναι.

1021 2039 1076 2098 Kal
1088 2039 1132 2100 διδ
1146 2046 1222 2100 τοῦτο
1235 2046 1309 2121 κοινῇ
1322 2040 1419 2108 πάντες
1434 2039 1559 2117 σήμερον
1577 2037 1790 2114 άναθοήαωμειτδ
1806 2095 1808 2101 ,

253 2135 303 2197 est,
319 2136 346 2180 et
362 2142 495 2201 nusquam
510 2121 595 2199 abest,
617 2142 651 2181 ve
663 2133 694 2179 ut
705 2119 796 2178 omnia
811 2119 966 2200 inspiciens,
984 2130 1003 2179 c
1021 2119 1182 2200 προφητικὸν
1193 2113 1383 2201 ἐκεῖνολόγιον·
1393 2118 1490 2191 Ἀνίόη
1500 2123 1517 2178 θ
1527 2118 1602 2185 Θεὸς
1611 2121 1639 2176 ἐν
1651 2118 1791 2215 ἀλαλαγμῷ,

253 2213 279 2259 et
295 2200 593 2281 universornmopil'ex.
607 2197 737 2280 Ejusdffl
750 2212 911 2258 cumnostro
922 2220 968 2280 ge-

140 2333 154 2343 ,,
232 2280 324 2356 ,neris
337 2302 446 2362 corpus,
457 2302 511 2359 quo
524 2293 653 2356 assumto,
668 2299 799 2359 apparere
816 2299 895 2359 super
910 2292 967 2338 ter-

255 2380 313 2417 ram
327 2359 454 2440 dignatus
467 2374 517 2432 cst,
530 2380 592 2418 curn
604 2379 715 2439 prorsus
730 2357 818 2416 simile
832 2356 911 2417 nobis
920 2358 965 2436 sit,

253 2437 325 2499 illud
337 2439 427 2520 ipsum
440 2453 563 2499 nostrum
576 2452 626 2515 est,
642 2436 716 2528 quod
726 2457 833 2496 sursum
846 2450 969 2496 evectum

254 2530 304 2580 est.
320 2517 357 2576 Et
390 2532 510 2598 roptcrea
525 2517 714 2577 communibus
727 2515 807 2575 hodie
819 2515 908 2574 cuncti
921 2538 969 2576 vo·

254 2595 331 2656 cibus
354 2540 500 2657 eldmemus
520 2595 710 2691 propheticum
734 2593 804 2653 illud
829 2593 934 2654 dictum
957 2621 964 2655 :

102 2671 244 2738 Pul-4⁶5·
254 2675 398 2736 Ascendit
416 2679 497 2736 Deus
517 2698 549 2734 an
564 2677 672 2756 pubilo,
689 2677 834 2734 Dominus
851 2677 883 2732 in
895 2694 969 2734 voce

255 2758 331 2815 tulaoe
344 2779 354 2814 .·
369 2769 395 2815 et
406 2757 562 2837 preclaram
576 2755 644 2813 hanc
655 2768 736 2834 atque
749 2752 882 2814 illustrem
895 2753 968 2813 ccle-

252 2833 361 2894 bremus
373 2835 555 2910 festivitatem,
567 2855 629 2894 cum
644 2853 734 2894 omnes
745 2833 828 2892 simul
842 2834 900 2914 ejus
914 2833 967 2893 do-

252 2913 295 2973 nis
313 2914 493 2995 perfruamur.
512 2914 588 2975 Sicut
606 2913 678 2972 enim
695 2912 829 2993 benignus
841 2913 903 2992 quis
917 2912 968 2973 do-

253 2993 353 3070 minus,
369 3015 461 3054 amans
480 2993 612 3052 [amulum
626 3014 717 3070 suum,
732 2993 767 3052 ob
781 3013 899 3052 amorem
914 3012 969 3084 qno

253 3071 281 3129 in
292 3092 355 3130 enm
366 3073 461 3147 fertur,
476 3091 529 3130 non
540 3085 642 3130 recusat
656 3072 731 3130 illins
744 3070 824 3130 etiam
838 3085 910 3132 veste
922 3091 967 3129 rn-

253 3148 301 3207 dui
320 3149 380 3209 :ita
401 3164 427 3208 et
446 3150 581 3208 Dominus
601 3163 689 3208 noster
700 3150 836 3226 Christus,
850 3164 968 3210 nostram

1021 2197 1118 2280 Κύριος
1131 2203 1158 2259 lv
1190 2204 1244 2277 ωνῇ
1257 2198 1410 2279 σάλπιγγος,
1426 2198 1474 2257 καὶ
1489 2198 1544 2269 τὴν
1561 2202 1696 2280 περιφανῆ
1709 2218 1790 2292 remp

1020 2276 1066 2379 καί
1076 2222 1203 2382 λαμπρόν
1216 2279 1382 2417 ξορράςωμχν
1390 2278 1561 2415 τὲανχίγυριν,
1572 2275 1667 2348 ἐπειδὴ
1677 2275 1720 2415 χαί
1730 2297 1789 2376 ιιριη

1020 2360 1789 2516 arsenassnrrsenaauauuaa

1022 2513 1109 2574 διὰτὸ
1126 2515 1188 2596 περί
1202 2515 1281 2574 αὐτὸν
1294 2516 1401 2595 φίλτρον
1416 2516 1447 2574 οὔ
1462 2523 1645 2597 παραιτεῖται
1662 2513 1692 2573 τό
1704 2512 1789 2589 ἱμάτιον

1021 2594 1101 2652 αὐτοῦ
1127 2592 1351 2697 περιόάλλεσθαι·
1376 2592 1447 2695 οὕτω
1461 2590 1511 2652 καί
1533 2598 1550 2653 ὁ
1569 2592 1709 2664 Δεσπότης
1729 2595 1789 2670 ἡμῖν

1021 2672 1136 2831 Ξιιθῑ
1145 2671 1677 2832 aurelianensium
1690 2671 1776 2730 ³

1021 2831 1116 2893 ίλπίδα
1135 2831 1266 2912 σωτηρίας
1285 2831 1415 2914 ἔχωσαν,
1429 2831 1475 2890 καί
1495 2833 1606 2904 πολλῆς
1625 2829 1789 2908 &optinuerit

1021 2910 1258 2990 συγκαταάάσεως,
1280 2909 1429 2984 κατηξίωσε
1452 2910 1485 2969 τὸ
1510 2914 1597 2990 σῶμα
1620 2906 1655 2970 ’τὸ
1680 2909 1789 2988 ἡμέτερον

1018 2991 1171 3051 άναλαόεῖν.
1184 2991 1238 3052 Καὶ
1252 2991 1296 3050 διδ
1309 2998 1385 3050 τοῦτο
1398 2989 1493 3071 φανείς
1518 2995 1562 3071 τῷ
1585 2988 1790 3126 solempnitate

1021 3071 1068 3127 ἀνθ
1086 3069 1173 3138 duone
1186 3071 1239 3130 ἀπὸ
1250 3075 1296 3144 τῆς
1310 3069 1412 3142 πλάνης
1426 3069 1620 3150 ἠλευθέρωσε,
1631 3093 1667 3128 κα
1688 3091 1709 3125 π
1723 3068 1730 3089 “
1752 3065 1788 3136 ala

1022 3095 1146 3221 ᾶλιίθειαν
1161 3149 1326 3229 ἐπανήγαγε·
1348 3148 1393 3208 καί
1411 3151 1463 3229 βοᾷ
1477 3151 1508 3207 ἐν
1519 3149 1691 3229 εὐαγγελίῳ,
1709 3091 1790 3226 θίξιν,

253 3248 345 3287 amans
363 3243 496 3299 naturam,
515 3228 735 3309 conspiciensque
756 3228 783 3287 in
804 3228 967 3309 profundum
983 3244 1003 3292 1)
1022 3221 1168 3307 Ούκῆλθον
1183 3229 1294 3289 καλέσαι
1316 3228 1450 3301 δικαίους,
1465 3228 1542 3287 ἀλλὰ
1562 3226 1748 3309 anteportale,
1763 3228 1790 3288 tit

253 3308 362 3366 malitiae
376 3328 435 3367 eam
448 3307 602 3390 delapsam,
614 3307 770 3386 nullamque
786 3308 880 3368 salutis
893 3329 968 3389 spem

252 3385 306 3467 ipsi
324 3408 380 3446 esse
394 3387 540 3466 reliquam,
556 3387 694 3465 multaque
705 3385 872 3525 indulgentia
892 3387 966 3449 indi-

254 3479 368 3545 gentem,
382 3482 504 3526 nostrum
519 3487 617 3547 corpus
630 3487 763 3525 assumere
797 3468 903 3546 ignatus
916 3483 963 3528 est.

257 3546 290 3603 Et
301 3544 402 3605 idcireo
414 3568 476 3606 cum
489 3568 517 3605 se
527 3546 555 3604 in
571 3546 648 3605 terris
661 3544 827 3622 ostendisset,
843 3547 968 3607 mortales

255 3644 346 3684 omnes
360 3626 395 3685 ab
415 3647 504 3686 errore
518 3625 654 3698 liberavit,
672 3625 747 3684 etad
760 3625 899 3686 veritatem
914 3641 967 3686 tra-

104 3710 190 3755 Matre.
202 3721 227 3770 9·
255 3702 334 3762 drrxit
355 3707 527 3784 :clamatque
542 3705 571 3763 in
591 3704 746 3785 evangelio,
766 3705 858 3764 dicens
878 3709 969 3766 :Non

256 3788 328 3842 oeni
338 3804 447 3844 vocare
456 3789 562 3865 justos,
573 3786 626 3843 sed
634 3797 811 3863 peccatores,
824 3785 866 3843 cd
877 3789 968 3864 poenr'·

256 3866 388 3921 tentiam.
401 3863 482 3937 Quod
495 3863 579 3941 igitur
589 3863 686 3939 voluit,
700 3863 969 3939 effecit,humanam-

254 3962 306 4018 que
321 3954 446 4001 naturam
463 3942 539 4000 humi
551 3943 685 4021 jacentem
705 3941 799 4016 erexit,
813 3955 969 4021 tantamque

252 4019 448 4080 humanitatem
460 4020 595 4099 exhibuit,
609 4034 639 4079 ut
650 4043 741 4080 rerum
752 4035 886 4100 gestarum
901 4023 969 4084 ratio

252 4099 370 4159 humana
381 4100 543 4181 cogitatione
551 4114 666 4179 nequeat
676 4100 878 4192 comprehendi.
894 4102 969 4174 Quo-

254 4178 335 4237 modo
356 4179 441 4250 enim‚
460 4180 506 4239 dic
527 4179 604 4255 mihi,
625 4201 672 4239 nos
694 4202 741 4258 qur
762 4179 969 4257 offenderamus,

254 4258 354 4336 quique
368 4259 426 4339 ipsa
435 4259 514 4318 etiam
529 4272 598 4317 terra
612 4258 772 4319 videbamur
785 4258 900 4339 indigni,
913 4274 938 4319 et
952 4281 968 4320 a

253 4337 406 4417 principatu
431 4338 558 4398 deorsum
585 4338 790 4410 excideramus,
812 4340 847 4398 ad
867 4352 968 4399 tantam

1023 3308 1171 3384 μετάνοιαν.
1183 3307 1222 3368 Ὃ
1236 3308 1321 3368 τοίνυν
1335 3306 1474 3380 ίόούλετο,
1495 3308 1682 3395 κατώρθωσε,
1695 3306 1739 3366 καὶ
1753 3306 1789 3375 την

1023 3387 1189 3468 ἀνθρωπίνην
1203 3387 1277 3468 φύσιν
1293 3388 1367 3447 κάτω
1383 3411 1435 3446 που
1453 3388 1588 3464 κειμένην
1604 3387 1745 3456 άνέστησε,
1756 3383 1790 3442 καὶ

1022 3466 1153 3537 τοσαύτην
1175 3467 1372 3548 φιλανθρωπίαν
1388 3465 1569 3539 ἐπεδείξατο,
1595 3471 1634 3532 ὡς
1657 3465 1695 3544 μὴ
1713 3472 1789 3545 χωρεῖν

1023 3546 1185 3626 ἀνθρώπινον
1200 3546 1325 3625 λογισμόν
1340 3544 1476 3620 τὸνλόγον
1494 3549 1552 3604 τῶν
1568 3546 1726 3624 γενομένων.
1742 3545 1790 3606 Πέκ

1022 3623 1091 3705 γάρ,
1104 3625 1162 3686 εἰπέ
1176 3649 1235 3703 μοι,
1250 3633 1326 3703 ἡμεῖς
1340 3629 1364 3685 ol
1382 3623 1654 3726 προσκεκρουκότες,
1666 3629 1690 3682 ol
1703 3628 1745 3693 τῆι
1754 3626 1791 3699 γῆς

1024 3703 1123 3805 ἀνάξιοι
1133 3703 1269 3784 φανέντες,
1283 3704 1329 3764 καί
1338 3709 1386 3804 cing
1401 3709 1489 3805 αρχῦγς
1500 3705 1628 3763 κάτωθεν
1645 3703 1792 3769 ἐκπεσόντες,

1022 3783 1302 3940 'tt‘tttttlfltt
1315 3788 1413 3941 {llll
1428 3781 1791 3942 idldliiaii‘riffei

1024 3940 1084 4001 στδν
1106 3942 1152 4000 καὶ
1174 3944 1274 4008 πολλ’ἦς
1294 3941 1444 4013 ἐκπλήξεως
1464 3941 1554 4018 γέμον
1568 3941 1651 4001 τοῦτό
1669 3939 1791 4011 icamia

1024 4021 1074 4100 οὐχ
1096 4020 1173 4099 ἡμῶν
1191 4021 1428 4103 προσδραμόντων,
1446 4020 1511 4079 ἀλλ’
1536 4023 1622 4079 αὐτοῦ
1639 4027 1686 4078 τοῦ
1703 4016 1792 4079 δικαίως

1023 4100 1088 4182 πρὸς
1111 4107 1184 4177 ἡμᾶς
1213 4105 1439 4179 ἀγανακτοῦντος,
1470 4100 1718 4177 παρακαλέσαντος
1739 4096 1791 4171 ὑπὲρ

1023 4182 1116 4255 ἡμῶν,
1129 4179 1175 4238 καὶ
1190 4178 1270 4246 otro<
1284 4183 1301 4251 ἡ
1315 4178 1405 4259 εἰρήνη
1420 4176 1452 4256 γε’
1469 4202 1542 4238 ονεν.
1559 4180 1616 4237 Καὶ
1636 4183 1686 4259 βοᾷ
1705 4179 1791 4237 Παῦλος

1023 4257 1122 4337 λέγων,
1141 4256 1226 4339 Ὑπὲρ
1248 4260 1364 4339 Χριστοῦ
1382 4203 1590 4338 πρεσίεύομεν,
1614 4263 1652 4324 ὡς
1674 4264 1718 4316 τοῦ
1736 4257 1791 4315 Θεοῦ

1023 4339 1239 4418 παρακαλοῦντος
1263 4340 1295 4396 δι’
1319 4340 1405 4415 ἡμῶν.
1428 4329 1510 4402 Εἶδες
1534 4339 1605 4416 εύμή
1629 4361 1690 4395 ανον
1704 4335 1791 4414 attint

254 4416 439 4476 celsitudinem
461 4431 569 4497 repente
586 4440 679 4478 sumus
697 4418 804 4478 evecti?
854 4437 871 4478 o
888 4432 968 4498 pacto
986 4439 1005 4487 Ε
1024 4406 1090 4483 εἶδες
1104 4417 1201 4496 άφατον
1217 4416 1416 4497 φιλανθρωπίαν
1431 4416 1593 4490 Δεσπότους
1611 4419 1680 4485 εδες
1698 4416 1791 4488 splene

253 4492 356 4553 bellum
376 4497 519 4555 solutum?
541 4518 594 4575 qno
616 4512 693 4576 pacto
718 4497 756 4556 ira
778 4498 883 4557 snbata
903 4498 968 4558 est?

256 4572 423 4633 Admirabile
434 4575 504 4634 enirn
525 4577 576 4634 hoc
590 4590 640 4654 est,
657 4591 683 4635 et
697 4577 769 4635 omni
786 4590 895 4658 stupore
931 4577 969 4636 le·

252 4651 409 4730 nissimum3
432 4655 558 4733 quoniam
579 4676 630 4715 non
651 4657 852 4716 accurrentibus
872 4599 967 4732 noliis,

252 4730 299 4820 sed
314 4733 372 4813 ipso
386 4734 433 4812 qui
440 4735 513 4815 juste
524 4735 551 4794 in
563 4755 611 4794 nos
622 4735 815 4815 indignabatur
828 4758 877 4816 pro
891 4735 969 4795 nobis

251 4811 446 4886 rntercedente,
474 4836 528 4894 pax
552 4815 621 4874 lacta
648 4829 697 4875 est.
721 4815 800 4875 Unde
820 4829 847 4874 et
867 4816 968 4876 Paulus

101 4911 125 4944 a.
140 4897 227 4948 σακο.
253 4888 362 4966 clamat,
384 4893 476 4952 dicens
493 4897 577 4953 :Pro
597 4896 713 4954 Christo
734 4896 877 4976 legatione
892 4896 968 4975 sun-

251 4971 357 5105 gp'mur.
385 4985 536 5053 tamquam
557 4975 621 5032 Deo
643 4976 817 5034 exhortante
834 4996 887 5054 per
905 4996 966 5034 nos.

282 5047 339 5107 ides
348 5052 547 5126 sagacissimam
558 5052 608 5111 Dei
616 5054 796 5133 sapientiam?
806 5054 892 5113 cernis
900 5054 964 5113 incl⁴

250 5124 359 5186 labilem
374 5130 485 5190 Domini
497 5131 713 5209 benignitatem?
727 5133 814 5193 cernis
829 5134 966 5195 excellen-

250 5216 303 5265 tem
317 5207 402 5290 ipsius
415 5210 632 5292 providentiam?
642 5213 721 5274 Nune
734 5212 862 5275 stimulas
871 5214 965 5274 mortis

1023 4494 1080 4555 νίαν
1102 4496 1333 4578 ὑπερύάλλουσαν;
1360 4499 1415 4555 Νῦν
1438 4496 1468 4554 τό
1496 4496 1612 4575 κε’ντρον
1636 4503 1683 4556 τοῦ
1700 4493 1789 4553 terea

1022 4576 1140 4647 διελύθη·
1170 4581 1214 4634 νῦν
1233 4580 1279 4636 τοῦ
1301 4577 1363 4656 ᾅδου
1387 4576 1418 4635 τὸ
1440 4584 1517 4641 νῖκος
1540 4576 1685 4659 διερράγη·
1701 4575 1788 4632 νῦντο]

1023 4654 1134 4714 θανάτου
1149 4659 1166 4726 ἡ
1181 4656 1319 4714 δυναστεία
1329 4654 1520 4735 κατήργηται·
1536 4660 1582 4713 νῦν
1599 4661 1617 4726 ἡ
1633 4658 1714 4735 ἔχθρα
1725 4673 1788 4711 κεπτ

1021 4734 1129 4795 λε’λυται
1143 4757 1149 4771 ·
1164 4739 1209 4793 νῦν
1223 4740 1237 4794 δ
1254 4734 1358 4814 χρόνιος
1371 4732 1501 4794 ἔσόεσται
1528 4733 1664 4813 πόλεμος·
1678 4734 1787 4811 ἄνθρωποι

1021 4813 1082 4875 τότε
1099 4813 1218 4894 ἀγγέλοις
1245 4812 1433 4891 ὡμοιώθησαν,
1459 4813 1604 4892 ἄνθρωποι
1619 4823 1673 4880 τοῖς
1689 4811 1787 4891 ἄγγελοί

1022 4894 1197 4973 ἀνεμίγησαν,
1209 4893 1254 4952 καὶ
1268 4891 1347 4960 πολύς
1363 4896 1427 4972 παρ’
1444 4892 1578 4971 ἑκατέρας
1589 4899 1641 4966 τῆς
1658 4887 1784 4970 ὁμωνυμίας

1021 4979 1035 5033 δ
1050 4973 1192 5051 σύνδεσμος
1207 4972 1401 5031 πεπολίτευται.
1422 4972 1536 5043 Ἀνῆλθε
1549 4972 1605 5055 γὰρ
1620 4979 1635 5033 θ
1654 4971 1732 5035 κοινὸς
1747 4972 1783 5025 3²·

1021 5054 1121 5127 σπότης
1141 5050 1308 5119 καταλλάξας
1321 5052 1366 5110 τὸν
1382 5055 1477 5111 ἑαυτοῦ
1501 5052 1617 5130 Πατέρα
1639 5056 1677 5134 τῷ
1693 5047 1780 5108 terh

1021 5133 1134 5215 θρώποιν
1147 5132 1225 5211 γένει.
1249 5131 1302 5191 Καὶ
1322 5131 1364 5191 δτι
1386 5130 1433 5190 tel
1456 5136 1538 5192 τοῦτο
1556 5128 1778 5204 imminerent

1021 5215 1100 5272 αὐτοῦ
1119 5212 1255 5291 λέγοντος·
1275 5211 1410 5291 Συμφίρει
1435 5215 1520 5290 ύμῖν,
1542 5212 1588 5272 ἵνα
1609 5211 1662 5292 ἐγὼ
1683 5207 1776 5267 iectu·
