3764 5992
63 508 70 520 ⁹
117 527 158 574 12
454 522 483 570 S.
512 519 652 570 loannis
676 517 858 567 CHRYSOST
888 517 1044 565 nuctttttt‘.
1073 514 1342 565 CONSTANTINOP-

112 651 212 708 domui
231 650 324 709 Jacob
338 662 365 707 et
378 662 501 728 peccata
522 668 578 706 sua
599 648 698 704 domni
713 644 826 703 Israel:
881 667 949 703 σωσι
970 644 1077 722 μόνοιν,
1070 644 1136 702 ’ἀλλ’
1164 642 1207 702 ἵνα
1228 641 1431 724 διορθώσωνται
1447 640 1657 721 Ἀρξαμένουθθ

7 754 50 798 nt.
66 751 101 801 ιθ.
112 761 165 800 non
175 740 426 813 utaudrantsolum
432 738 516 797 scdut
525 750 703 816 corrigantur
712 738 827 794 Exorso
848 737 959 817 9αὐτοῦ
983 734 1123 814 συναίρειν,
1145 735 1312 849 προσηνέχθη
1341 724 1486 814 adripias
1518 732 1658 813 ὀρειλίτςς

111 845 209 891 antem
222 853 256 890 eo
274 833 408 914 conferre
428 834 567 900 rationes,
580 829 725 887 arirluctus
741 839 784 886 est
800 831 828 885 σι’
845 780 864 879 A
882 825 982 904 μυρίων
1018 826 1164 886 ταλάντων.
1200 816 1269 906 Αρα
1295 827 1366 887 πόσα
1399 823 1588 897 ἐνεπιστωίθη,
1616 825 1656 883 dtr

111 924 311 982 deditorunus
325 924 419 982 decies
435 922 517 979 mille
530 921 717 979 talentorum.
734 916 825 992 Quid·
880 924 996 977 τοσαῦτα
1010 916 1157 998 κατίραγε,
1175 916 1269 996 Μέγας
1283 921 1347 977 θ’
1311 941 1364 977 των
1384 916 1656 997 θρλημάτωνόγαος·

109 1012 175 1092 qurd
186 1034 258 1073 enrm
271 1013 313 1071 illi
325 1011 457 1073 creditum
474 1025 540 1085 erat,
552 1010 582 1069 rd
593 1031 672 1070 omne
686 1011 826 1069 absumse·
880 1010 925 1068 καὶ
954 1007 1013 1089 οθχλ
1040 1009 1118 1088 μόνον
1141 1016 1218 1069 τοῦτο
1246 1000 1279 1080 Ar
1310 1008 1341 1068 τθ
1368 1007 1497 1090 χαλεπὸν,
1525 1009 1587 1067 ἀλλ’
1615 1009 1655 1067 ὅτι

109 1103 338 1184 ratzmagnaaeris
346 1103 624 1162 alienimoleszetnon
639 1100 827 1160 soluminhac
880 1100 925 1159 καλ
944 1105 1048 1182 πρῶτος
1073 1099 1240 1181 προσηνέχθη
1261 1104 1301 1182 τῷ
1324 1100 1448 1181 δεσπότῃ.
1471 1101 1507 1160 Et
1529 1097 1581 1177 ptr
1604 1097 1654 1178 γὰρ

109 1196 297 1276 repericulum
308 1209 373 1270 erat,
382 1194 429 1254 sed
439 1195 466 1254 in
477 1216 508 1254 eo
519 1215 627 1273 quoque
637 1192 712 1272 quod
723 1193 827 1274 primus
881 1190 949 1269 μετὰ
961 1191 1074 1260 πολλοὺς
1089 1193 1191 1271 ἑτέρους
1207 1193 1457 1272 εὐγνωμονήσαντας
1480 1182 1557 1258 οὗτος
1570 1214 1654 1272 προσ-

108 1286 214 1346 oblatus
227 1301 265 1346 est
275 1287 394 1347 domino.
409 1287 437 1348 Si
452 1286 524 1344 enim
538 1300 598 1366 post
612 1286 711 1344 multos
728 1284 757 1343 in
773 1284 825 1344 sol·
879 1283 995 1364 ηνέχθη,
1019 1283 1158 1364 οθχοθτω
1183 1284 1333 1363 θαυμαστὸν
1353 1276 1386 1357 Ar
1409 1284 1441 1344 τὸ
1463 1283 1501 1362 μὴ
1512 1282 1653 1364 ,παροξυν

108 1379 195 1439 rendo
207 1379 340 1439 studiosos
353 1379 403 1438 iste
417 1378 524 1437 oblatus
538 1377 642 1451 luisset,
659 1397 712 1436 non
726 1376 764 1435 ita
777 1376 827 1435 mi·
879 1378 956 1447 θῆναι
974 1376 1018 1436 τὸν
1034 1377 1206 1450 δεσπότηνὴ
1229 1375 1280 1458 γὰρ
1302 1380 1354 1435 τῶν
1377 1374 1532 1457 ρθασάντων
1555 1375 1650 1453 ιθγνω·

109 1492 172 1530 rum
194 1473 298 1551 luisset,
322 1471 346 1530 si
366 1469 492 1529 dominus
516 1469 585 1528 nihil
610 1467 740 1527 adversus
763 1489 825 1527 eum
880 1466 981 1545 μοσιίνη
997 1476 1050 1534 τοῖς
1065 1467 1132 1546 μετὰ
1152 1475 1236 1528 ταῦτα
1249 1467 1467 1548 ἠγνωμονηκάσιν
1482 1465 1652 1547 ἡμερώτερον

106 1564 286 1624 exacerbatus
303 1563 411 1623 luisset:
423 1563 544 1644 priorum
557 1561 628 1621 enim
641 1560 762 1642 probitas
775 1560 825 1618 irn-
880 1558 956 1618 αὐτὸν
971 1558 1065 1637 ἔμελλε
1079 1568 1173 1620 ποιεῖν.
1188 1561 1229 1619 Τὸ
1242 1561 1269 1619 δὲ
1281 1565 1386 1673 πρῶτον
1397 1557 1559 1669 εἰσαχθίντα
1572 1558 1652 1638 άγνώ

108 1657 203 1737 probis
213 1655 339 1736 deinceps
351 1654 478 1713 omnrbus
489 1653 662 1734 placatiorem
681 1672 743 1710 cum
760 1652 826 1710 elfe-
880 1675 947 1726 μονα
964 1657 1094 1765 ρανῆναι,
1113 1651 1159 1711 καί
1182 1650 1300 1718 οὕτως’
1286 1651 1426 1764 αγνώμρνα
1439 1650 1591 1764 γινόμενον,
1610 1674 1652 1731 ρι-

108 1747 195 1807 sisset.
215 1748 354 1807 Ceterum
375 1746 496 1827 primum
523 1767 584 1805 eum
607 1745 654 1824 qui
677 1743 826 1826 productus
878 1744 942 1802 λανθ
929 1741 1033 1823 θρώπου
1047 1745 1171 1823 τυχεῐνδ
1157 1742 1298 1814 δ,εσπθεου
1312 1742 1389 1802 τοῦτό
1412 1746 1468 1803 ἐστι
1490 1765 1522 1802 το
1507 1742 1652 1821 μάλιστα

105 1838 203 1911 suerat,
219 1853 274 1898 tam
294 1837 465 1919 malignum
456 1859 485 1896 tn
500 1835 627 1898 solvendo
646 1856 785 1918 apparere,
799 1849 825 1895 et
879 1834 1048 1912 θαυμαστὸν
1044 1835 1089 1894 καὶ
1108 1834 1264 1916 παράδοξον.
1276 1833 1425 1916 Ἄνθρωποι
1440 1832 1488 1912 μὲν
1510 1825 1567 1908 οὖν,
1580 1836 1652 1894 ἕπει·

106 1945 248 2010 postquam
260 1945 315 1989 tam
329 1930 463 2010 malignus
482 1928 660 2032 apparuisset,
682 1928 824 1988 domiuum
842 1943 860 1990 Β
878 1925 925 1985 tta
942 1925 1088 2008 εὕρωσι
1050 1951 1109 1995 τους
1122 1927 1289 2007 ὀρείλοντας,
1304 1925 1395 2006 ώαπιρ
1409 1925 1493 2008 θηραν
1506 1950 1554 1985 και
1543 1925 1650 2007 άγραν

105 2037 275 2083 mansuetum
286 2022 415 2096 invenire,
426 2020 457 2080 id
468 2021 604 2102 praecipue
612 2020 824 2101 inexspectatum
878 2017 1011 2097 εὑρόντες,
1029 2019 1098 2078 οὕτω
1113 2017 1259 2097 γεγηθασι,
1270 2043 1316 2078 και
1335 2018 1423 2078 πάντα
1436 2026 1567 2088 ποιοῦσιν,
1580 2019 1652 2087 tuo<

105 2126 132 2172 et
145 2113 316 2173 admirabile.
326 2113 456 2172 Homines
465 2111 538 2171 enim
552 2111 599 2170 ubi
613 2111 748 2172 debitores
762 2111 823 2171 ade-
877 2110 908 2169 τὸ
920 2120 973 2169 πᾶν
988 2110 1171 2183 ἀπαιτίσωσι
1181 2110 1231 2169 κᾶν
1243 2109 1281 2189 μὴ
1294 2112 1425 2184 δυνηθῶσι
1438 2108 1483 2169 διὰ
1495 2109 1545 2182 τὴν
1559 2110 1650 2170 πενίαν

103 2204 144 2284 pti
157 2219 229 2283 sunt,
239 2227 292 2266 non
306 2206 384 2265 aliter
399 2205 516 2284 quamsi
530 2205 663 2281 venando,
675 2219 723 2263 aut
736 2203 820 2283 σινου-
876 2206 928 2261 τῶν
943 2203 1108 2283 θρειλόντων,
1122 2201 1170 2275 τὴν
1184 2201 1250 2282 ὑπὲρ
1269 2208 1323 2262 τῶν
1342 2201 1489 2286 χρημάτων
1508 2202 1591 2282 ὀργὴν
1614 2204 1649 2270 τίς

102 2296 193 2378 pando
216 2298 358 2379 quidpiam
391 2297 540 2378 cepissent,
566 2297 604 2356 ita
628 2297 775 2374 exsultant,
796 2311 822 2357 ct
875 2295 906 2355 τὸ
916 2296 1085 2377 ταλαίπωρον
1106 2301 1185 2374 σῶμα
1198 2301 1252 2356 τῶν
1264 2296 1359 2356 ἀθλίοιν
1376 2295 1522 2377 ἐκχέωσιν,
1536 2295 1649 2364 αἰκίζον-

103 2389 192 2450 0mnia
210 2391 323 2468 faciunt,
344 2403 374 2449 ut
397 2390 555 2449 universum
570 2388 778 2469 exigantrquod
798 2390 820 2449 si
875 2410 917 2454 τις
931 2387 976 2445 καὶ
998 2387 1139 2456 τύπτοντες
1151 2388 1198 2447 καί
1212 2387 1295 2468 μυρία
1308 2390 1379 2468 αὐτῷ
1393 2387 1553 2456 διατιθέντες
1568 2388 1648 2447 ma.

102 2479 132 2539 id
152 2502 204 2541 non
225 2482 328 2563 possint
349 2481 386 2540 ob
407 2495 550 2561 egestatem
571 2480 737 2558 debitorum,
753 2480 822 2540 iram
875 2476 910 2539 ‘0
926 2477 954 2539 ll
966 2478 1035 2547 Θεὸς
1046 2479 1197 2540 τούναντίον
1212 2479 1318 2539 ἅπαντα
1340 2479 1421 2562 ἐκίνει
1442 2479 1489 2539 καί
1509 2480 1648 2561 θπραγμα·

100 2571 305 2633 defraudatione
331 2573 508 2654 pecuniarum
540 2573 681 2633 collectam
704 2573 731 2632 in
752 2594 821 2632 aeru-
874 2571 980 2646 τειίετο,
996 2573 1068 2640 ὅπως
1087 2571 1165 2631 αὐτὸν
1181 2572 1321 2653 ἀπαλλάξῃ
1335 2576 1387 2631 τῶν
1399 2570 1649 2653 ὀφλημάτωνἘπλ

101 2685 225 2724 mnosum
237 2665 397 2724 miscrorum
411 2663 671 2745 corpuseffundunt,
687 2664 820 2742 vexando,
874 2663 925 2744 γάρ
950 2668 1026 2742 ἡμῶν
1051 2663 1081 2722 τὸ
1111 2668 1274 2738 ἀπαιτῆσαι,
1300 2665 1428 2730 πλοῦτος·
1454 2663 1500 2721 ἐπὶ
1527 2661 1648 2724 δθΘεαῖ

100 2755 278 2832 verberando,
289 2770 369 2834 atque
378 2755 431 2814 alia
442 2768 566 2814 sexcenta
578 2756 649 2815 mala
659 2755 818 2834 infligendo.
874 2755 906 2815 τὸ
927 2760 1117 2834 συγχωρῆσαι,
1138 2757 1263 2823 πλοῦτος·
1291 2760 1369 2833 ἡμεῖς
1392 2754 1500 2814 ἐπειδὰν
1523 2753 1649 2834 λάθωμεν

102 2847 177 2905 Deus
196 2860 288 2906 contra
310 2846 401 2906 omnia
420 2845 696 2921 moregiuomnihus
709 2848 818 2926 satagit,
873 2845 908 2906 τά
940 2846 1115 2926 ὀφειλόμενα,
1146 2846 1206 2906 τότε
1245 2847 1420 2928 εὐπορώτεροι
1449 2846 1597 2926 γινόμεθα·
1633 2850 1648 2905 θ

101 2952 133 2997 ut
146 2959 208 2996 enm
222 2937 317 2997 liberet
327 2959 379 2996 aere
389 2936 484 2996 alieno
499 2937 531 2996 In
543 2936 621 2997 nobrs
631 2958 703 2996 enim
714 2936 819 2997 deluto
874 2937 902 2997 δὲ
929 2938 998 3005 Θεὸς
1028 2938 1135 2998 ἐπειδάν
1164 2937 1324 3020 συγχωρήσῃ
1349 2937 1383 2996 τὰ
1410 2938 1648 3016 πλημμελήματα,

101 3051 163 3088 rnnr
174 3044 277 3089 exactio
287 3028 398 3090 drvrtras
411 3028 488 3089 facit.
501 3031 575 3088 Deus
587 3043 679 3089 autem
688 3051 716 3088 ιο
726 3045 819 3090 remit
836 3028 933 3098 οτότε
955 3030 1073 3120 μαλιστα
1092 3032 1215 3090 πλουτεῖ·
1232 3033 1344 3097 πλοῦτος
1367 3029 1419 3109 γὰρ
1432 3032 1504 3090 Θεοῦ
1525 3034 1580 3089 τῶν
1601 3032 1648 3088 ἀν-

102 3121 190 3183 tendis
204 3123 320 3203 peccatis
338 3121 456 3181 maxime
469 3120 593 3181 ditescit:
601 3143 663 3181 nant
678 3122 818 3183 hominum
873 3104 1016 3204 θρώπωνη
1039 3122 1171 3203 σωτηρία,
1185 3123 1306 3202 καθάπερ
1330 3120 1470 3189 ouant<
1492 3145 1593 3201 φησιν·
1613 3120 1647 3182 ‘0

102 3215 174 3275 salus
193 3213 703 3296 opulentiaDeiest,quemad1nodum
718 3215 819 3275 Paulus
872 3216 992 3274 πλωτῶν
1015 3215 1102 3282 εἰς’
1063 3238 1183 3286 παντας,
1199 3216 1245 3275 καί
1258 3214 1356 3276 ἔσθ’
1316 3237 1417 3281 παντας
1429 3211 1490 3280 τους
1502 3216 1647 3274 ἕποιαλαι-

1 3344 20 3372 ι,
66 3363 73 3376 ,
102 3304 186 3366 dicit:
179 3310 312 3366 Drves
301 3329 333 3365 m
346 3309 481 3367 omnebus
490 3320 518 3366 et
527 3328 580 3386 per
591 3327 690 3366 omnes
703 3328 754 3388 qur
769 3312 818 3366 in·
874 3307 1009 3386 μένους
980 3306 1067 3368 αυτον
1082 3307 1154 3367 Ἀλλ
1179 3307 1242 3376 ἴσως
1263 3306 1332 3367 εἴποι
1354 3330 1394 3374 τις
1421 3306 1472 3365 dr·
1464 3307 1539 3366 ·ειαλ
1557 3309 1647 3374 πώςθ

105 3413 211 3460 vocant
228 3420 304 3460 eum.
322 3398 376 3460 Sed
397 3398 497 3458 dixerit
519 3399 629 3478 aliquis,
645 3420 692 3458 cur
704 3420 780 3479 ergo,
797 3399 819 3459 si
875 3400 1031 3478 βουλόμενος
1047 3404 1152 3482 ἀρεῖναι
1166 3400 1211 3458 καὶ
1232 3401 1406 3479 συγχωρῆσαι
1425 3395 1462 3458 et
1474 3398 1648 3478 ἐγκλήματα,

88 3490 249 3562 ‚destinarat
263 3505 398 3550 remittere
408 3505 433 3549 et
446 3489 645 3550 condonare
607 3511 731 3568 crrmrna,
746 3490 820 3552 hunc
873 3492 1008 3553 ἐκέλευσεν
1029 3493 1108 3553 αὐτὸν
1121 3497 1270 3573 πραθῆναι,
1284 3491 1400 3552 Αθτο
1370 3515 1418 3570 μιν
1437 3481 1575 3551 ουντῶτο
1598 3491 1647 3568 μά·

102 3581 262 3642 venumdari
284 3583 386 3664 jussit?
400 3580 473 3643 lllud
497 3595 568 3641 certe
591 3581 726 3662 imprimis
746 3582 820 3642 illius
873 3587 998 3644 λιστα’
971 3609 1047 3647 αυτου
1031 3584 1110 3659 τὴν
1131 3584 1328 3666 φιλανθρωπίαν
1342 3583 1482 3644 δείνωσιν.
1506 3583 1589 3644 Ἀλλὰ
1608 3582 1646 3661 μὴ

102 3673 298 3734 humanitatem
311 3674 431 3734 declarat
438 3674 505 3750 ,sed
516 3695 550 3735 ne
563 3672 727 3748 festinemus,
738 3687 821 3755 atper
874 3676 1056 3757 ἐπειγώμεθα,
1072 3676 1141 3737 ἀλλὰ
1161 3676 1235 3746 τάξει
1256 3675 1441 3758 προὸαίνωμιν
1463 3675 1507 3734 ἐπὶ
1529 3673 1634 3747 τὴν
1601 3699 1647 3748 της

103 3767 227 3828 ordinem
237 3765 455 3847 procedamusad
466 3767 599 3848 parabolae
617 3766 819 3827 enarrationem.
873 3769 1024 3848 παροθαλῆς
1038 3770 1169 3849 διήγησιν.
1180 3769 1226 3843 MA
1237 3772 1342 3850 ἔχοντος
1353 3767 1381 3829 δὲ
1394 3771 1474 3829 αὐτῶ
1488 3768 1647 3841 mamae,

106 3862 176 3920 Non
191 3862 428 3919 habenteautem
442 3880 476 3918 eo
494 3861 573 3940 quod
587 3861 729 3919 redderet.
745 3859 822 3933 Quid
874 3862 947 3942 φησί.
964 3860 1028 3921 Τίέ
1015 3864 1088 3935 ἐ,στι
1102 3861 1150 3935 MA
1133 3861 1272 3942 ὴέχοντος
1290 3864 1368 3920 αὐτοῦ
1383 3860 1542 3931 άπαδοῢναιε
1558 3858 1647 3919 Πάλιν

105 3968 195 4015 autem
215 3969 254 4014 est
278 3953 347 4013 illud
368 3954 440 4033 quod
461 3952 538 4026 dicit,
556 3958 624 4013 Non
646 3958 821 4015 habenteeo
875 3953 1028 4020 ἔπίτασις’
1013 3954 1217 4032 αγνωμοσιίνης
1237 3952 1341 4011 ὅταν
1313 3976 1366 4033 γαρ
1377 3977 1456 4032 ειπη
1472 3951 1521 4024 Μὴ
1541 3950 1647 4032 ίχοντος

104 4049 185 4129 quod
199 4049 354 4107 redderet?
368 4048 503 4106 Rursus
487 4045 564 4106 sides
579 4046 761 4128 improbitatis
773 4069 819 4108 ac
875 4048 953 4104 αὐτου
936 4047 1124 4119 ”οἰποοουναι,
1136 4043 1194 4105 οὐδὲ
1196 4069 1210 4103 ν
1223 4045 1289 4104 ἄλλο
1301 4044 1389 4125 λέγει
1401 4046 1460 4104 ἀλλ’
1471 4042 1647 4124 θὸτιααταρ

104 4140 267 4199 cessionem:
282 4160 344 4198 cum
366 4139 436 4197 enim
456 4137 534 4213 dicit,
557 4142 626 4197 Non
644 4140 769 4198 labente
787 4162 821 4199 eo
875 4137 1005 4215 θωμάτων
1018 4137 1116 4218 ἔρημος
1136 4128 1179 4210 Ar,
1198 4136 1244 4195 καί
1264 4127 1377 4197 οθδὲνεῖ
1352 4159 1423 4217 εχεν
1441 4136 1517 4217 ίργον
1538 4137 1646 4217 ἀγαθὸν,

105 4234 186 4314 quod
208 4232 342 4303 solveret,
371 4229 441 4289 nihil
464 4183 540 4288 aliud
563 4229 630 4289 dicit
654 4252 736 4308 quam
759 4253 820 4292 eum
838 4242 858 4289 Ι)
874 4228 943 4289 ὥστε
965 4230 1171 4309 λογισθηναι’
1141 4232 1213 4309 αυτῷ
1236 4231 1274 4294 εἰς
1295 4226 1404 4300 τὴν”
1368 4252 1420 4287 των
1442 4228 1647 4310 ἁμαρτημάτων

104 4345 226 4384 omnium
238 4336 369 4384 virtutum
384 4342 489 4402 inopem
501 4323 595 4398 fursse,
608 4343 656 4381 nec
671 4322 758 4382 ullum
768 4323 819 4383 bo·
875 4321 1050 4400 άπαλλαγην·
1064 4319 1260 4400 λογίζεται
1209 4343 1275 4400 γα
1295 4321 1429 4400 λογίζεται
1453 4319 1561 4387 πάντως
1580 4326 1646 4400 ἡμῖν

105 4436 170 4476 uum
185 4438 254 4519 opus
267 4414 427 4496 possedisse,
441 4413 538 4491 quod
530 4416 659 4516 imputari
681 4431 770 4496 posset
785 4417 820 4476 ad
875 4413 920 4474 ἐπὶ
933 4412 1133 4496 ἁμαρτημάτων
1147 4415 1290 4492 ἀπαλλαγῇ
1300 4411 1512 4495 κατορθώματα,
1526 4411 1648 4494 καθαπερ

8 4548 97 4598 ‚me
87 4507 288 4574 remissionem
319 4519 522 4586 peccatorum·
551 4505 719 4610 imputantur
748 4511 820 4569 enim
875 4497 987 4565 οθνὶ
940 4530 977 4564 κα
976 4505 1132 4571 πίστις
1109 4529 1146 4572 εις
1159 4504 1334 4576 δικαιοσύνην.
1349 4508 1397 4586 Τω
1409 4504 1462 4584 γάρ
1481 4504 1520 4582 μὴ
1536 4507 1647 4584 ἐργαζο-

9 4604 84 4721 ¹PwA
72 4620 214 4659 omnmo
223 4600 300 4660 nobis
312 4598 345 4657 ad
355 4611 526 4680 peccatorum
538 4619 646 4658 remam
658 4612 729 4658 recte
741 4600 821 4676 lacta
876 4599 966 4679 μίνῳ,
980 4597 1129 4657 πιστεύοντι
1149 4598 1177 4658 δὲ
1193 4596 1237 4658 ἐπὶ
1252 4598 1298 4657 τὸν
1313 4564 1464 4657 δυιαιθῧντα
1481 4597 1528 4656 τθν
1541 4597 1647 4669 daedi,

19 4680 333 4831 ι,ἔξωιγιιειιισιίιοοιίιιῐιι
347 4705 373 4751 et
385 4689 453 4749 fides
467 4690 525 4748 ad
513 4690 658 4770 justitiam.
682 4694 723 4751 Et
743 4697 822 4751 enim
874 4691 1005 4770 λογίζεται
1026 4694 1044 4762 ἡ
1069 4689 1157 4758 πίστις
1181 4694 1259 4749 αὐτου
1286 4693 1323 4757 εἰς
1346 4687 1523 4763 δικαιοσύνην.
1543 4689 1649 4748 Καλτί

40 4788 159 4864 rho-qm
171 4806 229 4843 non
243 4798 389 4865 operatur,
409 4783 501 4841 credit
521 4796 619 4841 autem
638 4787 669 4840 in
690 4804 755 4842 eum
769 4789 822 4865 qui
874 4783 943 4862 λε’γω
960 4781 1049 4842 πίστιν
1068 4783 1113 4842 καλ
1134 4781 1343 4862 κατορθώματα,
1353 4780 1459 4861 θποωγε
1478 4779 1524 4840 καλ
1546 4779 1649 4861 θλίψιις

1 4909 80 4970 χχχ
12 4804 248 4956 njustificat
270 4880 403 4955 impium,
425 4875 676 4955 imputaturfides
695 4879 758 4956 ejus
780 4879 822 4935 ad
874 4875 1020 4956 λογίζονται
1041 4880 1105 4952 ἡμῖν
1130 4878 1166 4944 εἰς
1196 4873 1397 4956 ἁμαρτημάτων
1425 4873 1568 4947 ἀνάλυσιν,
1593 4874 1648 4933 Και

97 4971 257 5049 justitiam.
273 4969 405 5026 Caeterum
423 4964 490 5044 quid
510 4966 597 5070 allego
613 4965 695 5026 fidem
710 4982 736 5026 et
749 4984 820 5029 recte
872 4991 950 5028 τουτο
964 4968 1039 5041 δηλοι
1048 4966 1097 5045 μὲν
1110 4968 1160 5027 tx
1165 4966 1252 5048 ριστὸς
1271 4965 1361 5026 ort
1328 4989 1376 5038 της
1393 4987 1440 5024 του
1423 4918 1580 5046 Ἵλαζάράσ
1596 4987 1648 5024 πα-

103 5061 184 5132 lacta,
196 5079 257 5117 cum
271 5058 456 5117 trrbulatrones
468 5078 577 5136 quoqne
589 5072 757 5139 imputentur
770 5082 818 5120 no·
874 5062 1003 5141 ραὸολῆς,
1030 5058 1210 5139 ιίσάγωνν
1162 4991 1210 5118 ’ila
1234 5057 1357 5139 Aepulo
1378 5055 1490 5134 λέγοντα
1510 5056 1578 5137 πρὸς
1601 5056 1646 5116 τθν

102 5151 146 5211 his
160 5149 196 5209 ad
208 5164 378 5231 peecatorum
398 5149 641 5210 condonationem?
660 5150 696 5209 Et
708 5150 760 5211 lroc
772 5151 818 5211 de·
871 5153 1011 5225 πλοιίσιον,
1026 5152 1067 5212 ὅτι
1080 5151 1199 5232 Λάζαρος
1214 5149 1347 5211 άπίλαθεν
1361 5151 1389 5209 ἐν
1400 5171 1435 5228 τῃ
1417 5150 1501 5226 ’ζωῇ
1516 5149 1598 5206 αὐτοῦ
1611 5146 1646 5207 τὰ

101 5245 185 5304 clarat
199 5243 322 5302 Christus
340 5264 388 5324 per
401 5243 557 5323 parabolam
571 5243 677 5320 Lazari,
693 5243 817 5305 introdu·
870 5245 957 5320 nand,
971 5244 1016 5305 καὶ
1028 5244 1070 5303 διὰ
1084 5247 1161 5302 τοῦτο
1173 5233 1225 5301 ὦδε
1236 5242 1439 5323 παρακαλεῖται
1454 5239 1539 5312 Δηλοῖ
1555 5237 1585 5297 dl
1599 5238 1645 5297 καί

1 5355 91 5406 attat.
102 5358 163 5399 cens
187 5336 321 5398 Abraham
337 5334 472 5395 dicentem
489 5335 525 5396 ad
539 5335 669 5414 divitem,
682 5337 814 5398 Lazarum
868 5342 883 5398 ὁ
901 5339 1007 5406 Παῦλος
1020 5335 1166 5418 Κορινθίοις
1180 5335 1341 5397 ἐπιστέλλων
1354 5332 1416 5413 περὶ
1434 5337 1481 5394 τοῦ
1496 5354 1644 5414 πεπορνευ-
