3810 6000
534 508 688 559 uouiruu
713 509 748 556 m
770 507 960 556 enrsromn
985 507 1029 554 uo
1055 507 1243 559 cesimum.
1590 486 1657 580 891

119 656 216 695 unam
221 635 325 716 perfici
338 647 492 709 naturam,
503 631 577 705 hac,
589 633 715 711 inquam,
728 632 862 713 ipsissima
876 632 932 691 fere
941 631 1024 692 verba
1033 644 1094 692 sunt
1107 632 1286 713 Apollinarii,
1298 632 1389 711 qualia
1399 632 1550 691 reimuntur
1558 632 1593 690 ab
1605 631 1661 691 Eu-

118 718 195 807 logio
202 771 212 803 ,
223 726 296 807 apud
307 725 436 785 Photinm
448 746 509 805 cap.
524 723 671 800 CCXXX,
683 746 710 805 p.
725 725 796 799 849,
805 736 932 804 excerpta
942 742 976 781 ex
984 721 1055 781 libro
1070 724 1234 804 Apollinarii
1249 726 1286 783 de
1299 727 1530 784 Incaraatione:
1546 722 1568 782 a
1583 724 1661 796 καινὴ

117 818 216 889 κτίσις,
222 817 267 878 καὶ
278 817 347 896 μίξις
356 815 482 877 θεσπεσία
492 815 574 884 θεὸς
585 817 630 875 καὶ
636 816 700 897 σὰρξ
711 815 774 895 μίαν
783 815 943 877 ἀπετέλεσαν
949 812 1025 894 φύσιν
1037 841 1043 873 ι
1053 817 1162 874 Onooa
1169 828 1306 875 creatura
1314 814 1575 875 etcliriaamixtio!
1582 818 1663 875 Deus

116 923 147 969 et
162 931 232 970 caro
245 931 336 968 unam
351 908 507 990 perficiunt
525 919 674 967 naturam.
693 907 775 979 Quod
790 908 880 987 ipsum
896 906 976 964 refert
991 904 1161 985 Eplrr·aemi11s
1176 908 1359 967 Antiochcnus
1379 907 1407 967 in
1419 907 1550 967 lliblioth.
1570 907 1662 967 l’hotii

116 1022 178 1083 cap.
190 999 346 1077 CGXXlX,
359 1022 387 1081 p.
400 998 468 1059 787.
479 1001 541 1060 lam
549 998 611 1077 quis
625 1012 702 1077 neget
712 999 740 1057 in
749 997 862 1079 epistola
872 997 981 1057 Caesarii
991 997 1025 1057 de
1039 999 1089 1057 hoc
1103 999 1266 1079 Apollinarii
1278 1000 1349 1059 libro
1363 1001 1429 1080 agi?
1440 1001 1540 1059 Cetera
1555 1020 1662 1078 quoque

116 1093 208 1173 capita
220 1113 402 1151 recenseamus
414 1115 421 1147 ι
433 1090 583 1150 secundum
596 1090 795 1171 Apollinarium
811 1103 838 1149 et
856 1089 1078 1171 Apollinaristas,
1091 1092 1161 1150 utin
1174 1091 1225 1150 bac
1240 1091 1353 1172 epistola
1363 1091 1463 1151 dicitur
1478 1114 1485 1148 :
1507 1105 1572 1172 post
1595 1096 1664 1151 uai-

117 1188 229 1245 tioaem
242 1206 302 1244 noa
315 1186 465 1264 oportebat
479 1184 573 1241 dicere
587 1195 711 1242 naturas
723 1183 807 1242 duas.
823 1181 954 1241 Dicebant
965 1180 1046 1241 etiam
1061 1183 1274 1264 Apollinaristas,
1286 1210 1301 1241 ιι
1314 1184 1487 1244 Dominicum
1501 1205 1598 1263 corpus
1611 1204 1664 1242 non

116 1297 177 1335 asse
189 1296 286 1336 verum
301 1296 416 1356 eorpus,
432 1275 496 1354 quia
511 1295 669 1333 conversum
687 1288 745 1333 erat
758 1273 786 1332 in
800 1272 944 1334 deitatem:
958 1274 1113 1334 Passionem
1126 1275 1264 1336 divinitati
1284 1277 1481 1355 excogitabant.
1502 1300 1516 1332 ιι
1532 1277 1665 1336 Dicebant

114 1389 244 1449 quoque,
259 1392 275 1424 a
289 1367 438 1427 Dominum
450 1368 541 1427 lesum
552 1388 630 1426 carue
643 1381 733 1426 nostra
745 1366 891 1443 amictum,
905 1364 952 1425 sed
964 1364 1119 1425 inanimata.
1131 1391 1145 1421 ιι
1157 1368 1191 1426 lli
1207 1382 1282 1427 erant
1292 1368 1453 1449 Apollinarii
1464 1381 1491 1426 et
1504 1368 1667 1448 Apollinari·

115 1473 240 1534 starum,
253 1460 301 1538 qui
314 1459 479 1541 Synusiastae
493 1459 674 1536 vocabantur,
690 1478 809 1532 erroroe3
823 1457 841 1515 ii
856 1478 921 1519 vero
932 1478 968 1516 ex
983 1479 1064 1538 supra
1075 1459 1158 1518 allato
1171 1460 1331 1540 Apollinarii
1345 1460 1404 1520 loco
1417 1454 1665 1538 consequebantur²

117 1572 184 1611 uam
192 1551 258 1631 quia
266 1551 416 1611 secundum
425 1550 623 1631 Apollinarium
633 1572 682 1631 per
691 1549 912 1609 commixtionem
925 1548 1048 1608 divinam
1060 1552 1132 1609 Dens
1142 1564 1237 1612 cicaro
1249 1575 1330 1612 unam
1342 1552 1516 1634 perficiebant
1529 1567 1665 1629 naturam,

117 1641 185 1703 lrinc
195 1644 357 1722 seqeubatur
381 1657 442 1725 post
460 1642 608 1701 unitionem
623 1663 676 1701 non
690 1655 812 1722 oportere
828 1641 897 1701 duas
909 1641 999 1701 dicere
1019 1656 1128 1703 naturas
1137 1667 1147 1722 5
1165 1644 1292 1704 divinum
1305 1667 1403 1726 corpus
1417 1667 1471 1705 non
1490 1667 1547 1705 esse
1571 1666 1666 1705 vertam

115 1754 236 1817 corpus,
250 1736 314 1815 quia
325 1757 484 1796 conversum
495 1749 551 1794 erat
569 1735 598 1793 in
608 1734 734 1794 deitatem
741 1758 751 1811 3
764 1732 887 1795 divinam
896 1733 982 1814 ipsam
992 1748 1117 1794 naturam
1137 1757 1183 1796 seu
1197 1735 1367 1796 divinitatem
1380 1735 1497 1816 passioni
1512 1757 1568 1795 esse
1583 1736 1665 1795 ohno-

116 1827 194 1887 xiatn
201 1851 210 1904 ς
221 1849 329 1887 carnem
341 1828 443 1887 Christi
457 1827 548 1886 anima
564 1849 621 1887 essc
632 1826 749 1885 hnmana
763 1847 890 1901 uacuam,
900 1825 965 1906 quia
978 1829 1050 1886 Deus
1060 1839 1087 1886 ct
1097 1849 1160 1888 caro
1171 1850 1253 1888 unam
1262 1830 1439 1910 perficiebant
1449 1842 1583 1887 naturam.

158 1919 306 1979 llosetiam
319 1919 589 2000 Apollinaristorum,
598 1942 643 1978 seu
654 1923 845 1980 συνουσιαστῶν
856 1939 958 1983 errores
970 1934 1180 1980 commemorant
1193 1920 1374 1993 Athanasius,
1391 1921 1542 2000 Gregorius
1555 1920 1668 1979 Nazian-

119 2034 221 2086 zenus,
237 2026 264 2071 ct
276 2011 465 2092 Epiphanius,
479 2012 527 2091 qui
539 2026 688 2093 postremus
703 2031 805 2071 necnon
818 2024 844 2068 et
859 2013 1163 2071 loannesDamascenus
1173 2011 1208 2071 dc
1221 2013 1394 2088 llaercsibus,
1408 2036 1434 2094 p.
1450 2015 1498 2085 94,
1511 2012 1667 2094 διμοιρίτας,

124 2109 308 2182 Dimoeritas,
322 2103 384 2162 illos
397 2118 503 2163 vocant.
516 2104 605 2185 llujus
620 2125 686 2163 sero
701 2101 888 2184 appellationis
897 2124 1006 2162 eausam
1016 2103 1103 2184 aperit
1117 2104 1266 2183 Gregorius
1287 2105 1467 2164 Nazianzenus
1481 2105 1557 2164 Orat.
1568 2106 1619 2180 to,
1636 2127 1665 2185 p.
1679 2106 1682 2113 ’

121 2199 198 2270 ⁷22,
214 2218 278 2257 curn
291 2197 330 2255 ait
340 2217 436 2278 corpus
450 2210 475 2255 et
488 2196 604 2256 animam
619 2196 714 2255 esseio
727 2196 834 2255 Christo
849 2194 880 2254 τὸ
892 2195 1073 2278 τριτημόριον,
1088 2201 1203 2256 tertiam
1215 2210 1337 2276 partem.
1353 2196 1552 2276 Apollinaristas
1565 2197 1666 2278 quippe

117 2289 251 2366 aiebant,
263 2290 291 2349 in
308 2289 417 2349 Christo
430 2303 534 2370 partein
555 2311 636 2349 urnam
650 2288 768 2348 hominis
781 2333 790 2365 ,
810 2294 868 2348 νσῦν
883 2286 984 2347 scilicet
998 2330 1007 2360 ,
1021 2308 1066 2346 seu
1082 2301 1206 2346 mentem
1222 2333 1228 2355 ,
1243 2308 1258 2345 a
1271 2286 1362 2347 Verbo
1372 2287 1492 2368 suppleri
1506 2288 1666 2367 ,solumque

119 2380 245 2443 Verbum
257 2382 381 2462 junctum
394 2381 498 2460 corpori
512 2395 538 2440 et
547 2381 645 2440 anima
657 2384 765 2461 (nempe
777 2377 912 2439 sensitiva
920 2423 930 2456 ,
944 2392 973 2437 ut
984 2376 1146 2438 dictitabant
1162 2378 1221 2455 illi)
1234 2392 1321 2438 totum
1337 2379 1499 2438 constituere
1513 2379 1663 2439 Christum.

68 2530 70 2535 .
117 2472 306 2547 Quamobrem
322 2494 427 2532 eumer
437 2473 640 2532 Catholicornm
654 2472 782 2532 sententia
797 2471 885 2530 tribus
896 2482 1027 2529 constaret
1037 2470 1181 2548 Christus,
1194 2470 1288 2531 Verbo
1298 2469 1398 2530 scilicet
1408 2515 1416 2544 ,
1427 2483 1515 2530 mente
1527 2470 1645 2531 humanu
1652 2518 1663 2545 ,

114 2580 142 2625 et
157 2587 271 2647 corpore
286 2565 419 2639 animato,
434 2565 482 2643 qui
495 2587 575 2624 tinam
586 2587 621 2624 ex
636 2564 690 2624 illis
704 2564 839 2623 demetunt
850 2574 971 2643 quartem,
987 2575 1103 2621 mentem
1116 2561 1235 2637 scilicet,
1248 2562 1379 2623 aduabus
1394 2563 1474 2639 aliis,
1487 2586 1547 2642 qua
1558 2587 1666 2646 superc-

68 2688 71 2723 :
115 2672 194 2735 rant,
206 2660 352 2740 διμσιρῖται
365 2657 511 2717 audiebant
528 2681 535 2714 r
553 2680 615 2717 nam
630 2657 747 2739 δίμοιρον
760 2656 864 2718 Graecis
878 2665 917 2715 est
931 2653 998 2715 dua
1010 2657 1101 2713 tertia
1111 2667 1222 2731 partes,
1238 2655 1315 2736 cujus
1328 2654 1532 2735 significationis
1544 2658 1667 2738 erernpla

112 2750 217 2832 sepius
227 2750 368 2810 advertere
379 2764 418 2810 cst
428 2751 455 2810 in
471 2750 604 2809 Analectis
616 2750 714 2809 nestris
727 2772 755 2831 p.
770 2750 830 2809 519
840 2761 867 2808 et
880 2766 955 2825 seqq.

157 2843 231 2902 Gom
248 2841 300 2901 hac
313 2842 398 2921 igitur
409 2840 521 2922 epistola
540 2854 686 2900 consonant
698 2862 728 2900 ca
735 2885 744 2917 ,
759 2862 820 2919 quae
840 2836 1005 2899 Athanasius
1020 2836 1046 2896 in
1061 2836 1171 2918 epistola
1187 2837 1222 2898 ad
1236 2839 1390 2920 Epictetum
1400 2839 1436 2901 de
1445 2840 1664 2922 Apollinarium,

116 2933 202 2995 tacito
213 2933 431 3005 tamennomioc,
444 2932 523 3003 dicit,
533 2954 616 3012 quam
627 2933 766 3014 epistolam
775 2930 946 3013 Epiphanius
957 2930 1056 2989 llaeresi
1066 2932 1117 3009 ll,
1127 2931 1174 2991 ubi
1185 2947 1278 2992 contra
1288 2933 1446 2994 Dimoeritas
1452 2954 1499 2994 seu
1510 2937 1667 3017 Appollina·

114 3024 199 3087 ristas
211 3024 280 3105 agit,
295 3038 379 3085 totam
388 3024 491 3085 retulit.
511 3027 582 3103 Quis
596 3028 732 3107 infernus
743 3028 896 3097 eructarit,
910 3024 999 3103 inquit
1009 3023 1184 3104 Athanasius,
1198 3046 1299 3106 corpus
1310 3049 1346 3084 ea
1356 3030 1457 3087 Maria
1467 3033 1667 3109 genitnmessa

114 3120 209 3179 Verbi
221 3118 372 3177 divinitati
382 3118 643 3188 consubstantiale,
656 3116 810 3195 openheim?
822 3116 892 3176 llinc
902 3130 993 3176 autem
1004 3116 1201 3197 Apollinaristas
1212 3118 1606 3200 emmeramei,Symtsiastoe,
1616 3144 1665 3182 au-

108 3208 324 3289 diebant,quod
333 3209 510 3269 substantiam
521 3209 605 3269 Verbi
614 3231 676 3268 cum
691 3231 770 3269 carne
780 3208 922 3269 miscerent
931 3223 959 3269 et
969 3223 1113 3288 utrumque
1121 3231 1206 3269 unum
1216 3211 1343 3270 lacerent.
1355 3212 1418 3271 Aut
1430 3215 1564 3287 Verbum,
1578 3215 1665 3295 pergit

109 3299 301 3375 Athanasius,
309 3304 341 3359 ia
352 3321 472 3360 caraem
479 3346 489 3374 ,
504 3322 571 3360 ossa
580 3314 609 3359 et
621 3302 763 3380 capillos,
779 3314 807 3360 et
818 3305 850 3359 ia
861 3313 954 3363 totum
969 3323 1073 3382 corpus
1085 3306 1332 3385 mutatumfuisse
1338 3348 1348 3375 ,
1372 3317 1399 3363 et
1414 3327 1433 3364 a
1451 3319 1560 3367 natura
1574 3310 1665 3367 desei·
1672 3321 1708 3361 ⁷³⁹

114 3394 198 3455 risse
207 3398 284 3453 sata?
293 3392 346 3452 llic
356 3392 440 3452 habes
449 3392 525 3452 illam
537 3393 677 3453 θεσπισίαν
690 3394 759 3472 μίξιν
773 3415 820 3452 seu
829 3397 998 3453 mixtionem
1010 3396 1143 3453 divinam
1152 3395 1325 3474 Apollinarii,
1334 3417 1382 3475 per
1393 3418 1474 3474 quam
1485 3400 1558 3457 Deus
1568 3413 1593 3458 et
1602 3421 1664 3459 caro

111 3504 201 3545 anam
210 3484 362 3544 alliciebant
376 3498 505 3544 naturam.
519 3486 590 3563 Quis
603 3497 711 3557 autem,
724 3484 761 3543 ait
773 3484 947 3563 Athanasius,
956 3489 988 3543 in
999 3482 1136 3543 Ecclesia
1147 3496 1200 3541 aut
1211 3505 1230 3542 a
1240 3484 1419 3544 Christianis
1429 3506 1568 3565 umquam
1579 3490 1664 3547 audi·

113 3580 171 3650 rit,
182 3580 342 3635 Dominum
351 3581 504 3657 positione,
521 3597 580 3634 non
591 3591 709 3647 natura,
727 3576 796 3636 θέσει
809 3578 855 3636 καὶ
868 3577 899 3636 ob
909 3574 999 3657 piat,
1011 3588 1141 3654 gestasse
1147 3581 1270 3654 corpus?
1281 3575 1345 3635 ttae
1354 3575 1526 3656 explicantur
1534 3600 1582 3659 per
1593 3579 1664 3639 illud

111 3668 192 3751 quod
203 3669 232 3728 in
243 3668 364 3749 Epistola
373 3667 409 3727 ad
416 3668 563 3729 Caesarium
574 3669 673 3748 legitur
681 3693 688 3724 ε
696 3671 843 3728 Dicebant
853 3671 931 3727 enim
941 3667 1178 3744 Apollinarium,
1193 3665 1280 3744 inquit
1290 3666 1336 3725 hic
1347 3667 1472 3748 scriptor,
1485 3671 1663 3731 dominicam

111 3781 224 3842 corpas
236 3783 297 3821 non
308 3782 369 3821 esse
379 3783 483 3821 verum
497 3783 611 3841 corpus,
628 3765 700 3843 quia
712 3783 881 3822 concursum
896 3773 958 3819 erat
972 3762 1003 3816 ia
1016 3760 1166 3818 deitatem.
1185 3759 1276 3838 Pergit
1289 3759 1467 3820 Athanasius:
1478 3763 1544 3821 Aut
1554 3770 1621 3844 quis
1632 3789 1663 3826 eo

109 3858 257 3935 processit
270 3857 437 3933 impietatis,
450 3868 482 3913 ut
496 3856 604 3912 diceret
617 3859 793 3935 sentiretque
801 3858 895 3934 ipsam
906 3855 1043 3912 deitatem
1052 3855 1139 3911 Patri
1149 3855 1439 3931 consubstantialem,
1451 3860 1661 3934 circumcisam,

112 3960 144 4007 et
155 3944 372 4026 imperfectum,
383 3967 421 4005 er
438 3948 568 4025 perfecta
575 3947 695 4026 jactam
704 3949 820 4027 fuisse:
836 3959 865 4005 et
887 3947 969 4026 quod
985 3951 1063 4006 cruci
1078 3945 1205 4025 affictum
1219 3959 1283 4004 erat
1304 3949 1580 4027 nonfuisseeorpus
1591 3996 1599 4025 ,
1612 3953 1665 4013 sed

111 4040 212 4117 ipsam
223 4036 380 4117 Sapientiae
390 4041 585 4097 substantiam
596 4059 694 4097 rerum
704 4038 859 4119 opificem?
869 4039 934 4097 llaec
941 4038 1040 4097 iterum
1052 4036 1220 4095 consentiunt
1229 4058 1293 4097 curn
1302 4037 1336 4097 iis
1345 4060 1406 4118 quae
1416 4041 1498 4120 paulo
1511 4057 1572 4104 ante
1584 4045 1661 4104 diee-
1753 4058 1756 4063 '

112 4126 226 4201 Ιιιιιιιισ,
235 4124 402 4186 dominicum
413 4148 510 4209 corpus
519 4128 667 4189 secundum
679 4130 884 4210 Apollinaristas
894 4150 947 4189 non
955 4130 1038 4189 luisse
1050 4149 1144 4188 verum
1153 4150 1258 4210 corpus.
1267 4129 1312 4189 Ex
1321 4130 1364 4189 bis
1372 4131 1435 4192 item
1444 4135 1524 4195 dictis
1531 4139 1662 4217 probatur

113 4216 148 4279 id
163 4215 241 4298 quod
257 4218 284 4277 in
297 4217 411 4300 epistola
426 4241 478 4279 non
492 4221 572 4279 semel
583 4220 692 4296 dicitur,
702 4242 798 4302 nempe
807 4219 954 4282 secundum
963 4220 1169 4303 Apollinaristas
1181 4221 1269 4301 ipsam
1279 4220 1405 4282 deitatem
1418 4245 1473 4283 csse
1485 4228 1660 4306 passibilem,

111 4308 194 4391 quod
205 4309 329 4391 pluribus
337 4311 457 4391 exprlicat
467 4313 616 4392 Gregorius
625 4313 805 4373 Nazianzenus
815 4313 933 4373 llomilia
942 4314 990 4385 46,
1003 4312 1051 4371 uhi
1063 4312 1102 4371 ait
1114 4312 1263 4372 secundum
1274 4313 1480 4393 Apollinarium,
1491 4319 1659 4399 unigenitum

112 4404 209 4463 Deum
221 4401 248 4461 in
261 4403 369 4484 propria
382 4426 432 4463 sua
442 4404 584 4465 divinitate
598 4427 706 4486 passum
719 4427 784 4480 esse,
797 4420 877 4484 atque
890 4404 918 4465 in
932 4405 1057 4465 triduana
1078 4405 1125 4463 illa
1138 4405 1257 4485 corporis
1272 4419 1357 4464 morte
1372 4406 1541 4469 divinitatem
1554 4432 1662 4495 qnoque

112 4493 201 4555 amul
222 4514 284 4551 cum
301 4515 413 4576 corpore
428 4510 565 4557 mortuam
577 4498 674 4573 luisse,
689 4497 781 4576 sieque
796 4520 890 4557 rursus
908 4498 996 4557 Patris
1010 4519 1090 4579 opera
1109 4518 1126 4556 a
1144 4496 1280 4556 morte-ad
1303 4497 1389 4559 vitam
1406 4505 1657 4566 revocatamluissc.

113 4584 328 4647 Passibilitatcm
342 4606 450 4667 quicque
459 4588 535 4647 illam
547 4588 655 4648 deitatis
670 4590 818 4648 monadum
833 4588 1039 4670 Apollinaristas
1050 4634 1059 4666 ,
1071 4600 1262 4649 commemorat
1277 4601 1304 4647 et
1319 4591 1438 4649 confutat
1454 4593 1618 4657 Athanasius
1632 4597 1661 4658 in

112 4676 197 4739 libris
210 4690 302 4736 contra
316 4678 534 4759 Apollinarium,
552 4680 619 4741 vide
634 4702 662 4761 p.
678 4682 747 4756 924,
764 4695 791 4740 ct
802 4680 885 4762 paulo
902 4696 985 4757 ante,
1001 4702 1096 4761 nempe
1110 4703 1136 4761 p.
1147 4682 1225 4754 995,
1240 4679 1278 4738 ait
1294 4682 1441 4742 secundnm
1457 4687 1661 4766 Apollinaristas

113 4768 244 4831 Verbum
257 4770 414 4832 assumsisse
427 4792 524 4854 corpus
533 4773 633 4851 absqnc
646 4787 734 4833 mente
751 4797 758 4831 ι
775 4774 823 4852 qni
833 4788 872 4834 est
886 4785 1036 4855 postremus
1046 4792 1121 4829 error
1132 4769 1159 4827 in
1171 4768 1282 4848 epistola
1293 4768 1329 4828 ad
1342 4772 1487 4832 Caesarium
1500 4797 1661 4838 comaremo·

113 4874 206 4936 ratus,
214 4873 241 4920 ct
253 4859 313 4921 baec
323 4875 382 4921 erat
394 4863 472 4943 quati
484 4878 582 4924 tessera
596 4863 862 4946 Apollinaristarum.
877 4866 988 4935 Certum
1002 4863 1092 4940 itaque
1106 4875 1172 4937 qruto
1192 4861 1219 4920 in
1231 4861 1344 4942 epistola
1359 4863 1395 4922 ad
1411 4866 1557 4928 casiam
1570 4887 1662 4935 eontra

112 4952 223 5015 tibrum
234 4950 395 5032 Apollinarii
404 4954 462 5035 agi,
474 4955 608 5034 illumque
615 4956 704 5038 ipsum
718 4956 819 5015 lihrum
830 5001 839 5033 ,
853 4970 884 5015 ut
896 4957 1019 5028 ridetur,
1030 4975 1110 5033 quem
1122 4952 1157 5011 de
1168 4954 1354 5014 lncarnatione
1365 4956 1516 5037 scripserat,
1531 4962 1566 5020 ah
1582 4965 1663 5027 Eulo-

116 5044 167 5129 gio
179 5064 264 5125 supra
272 5061 521 5109 commemoratum.
533 5049 665 5109 Ceterum
677 5048 874 5130 Apollinaristas
887 5068 941 5123 non
951 5048 1022 5107 iuter
1034 5066 1064 5106 se
1074 5046 1290 5124 conmutiehant,
1303 5047 1351 5107 sed
1365 5048 1412 5106 alii
1427 5050 1492 5109 alios
1506 5075 1616 5135 errores,
1630 5083 1664 5120 ex

117 5158 178 5199 nno
190 5136 266 5197 fonte
283 5153 437 5218 manantes,
449 5142 667 5223 propugnabant,
684 5155 714 5201 nt
728 5141 819 5204 videre
833 5157 872 5201 est
886 5141 914 5203 in
931 5139 1046 5222 epistola
1059 5139 1198 5199 Athanasii
1215 5139 1251 5198 ad
1271 5139 1426 5220 Epictetum
1439 5189 1446 5218 ,
1465 5158 1492 5203 et
1503 5146 1530 5206 in
1545 5150 1667 5231 ejusdem

117 5226 264 5291 Athanasii
276 5228 356 5291 libris
365 5246 457 5293 comm
466 5233 666 5315 Apollinarium
672 5256 683 5312 ς
700 5234 818 5315 itemque
829 5234 904 5317 apud
919 5233 1107 5316 Epiphanium
1118 5233 1218 5292 Harcsi
1230 5235 1279 5294 ll.

160 5321 256 5401 tieque
269 5334 357 5383 tamea
370 5324 464 5407 negari
482 5341 569 5409 potest
581 5326 722 5410 probabile
734 5328 845 5391 omnino
854 5328 991 5390 csselrunc
1000 5326 1157 5406 scriptorem
1166 5325 1212 5405 qui
1225 5325 1323 5387 seculo
1332 5327 1504 5409 Eutychiana
1510 5334 1624 5458 ggirisse
1642 5350 1668 5397 et
