3764 5992
576 518 620 566 DE
647 517 774 566 setnt'ru
802 515 944 572 SANCTO.

144 641 288 720 Ῑνεύματος
304 641 479 719 διδασκαλία,
489 642 535 701 καί
550 643 660 721 λαμπός
678 645 751 702 ἐστιν

144 721 179 780 aul
188 721 313 802 κήρυγμα
324 720 493 800 θεογνωσίας,
505 722 550 782 καλ
560 721 695 802 ρωτισμθς
704 726 753 794 τῆς

145 801 265 866 οκαλίας.
280 803 433 878 Ἀναγκαῖον
450 801 478 860 δέ
490 804 561 861 ἐστιν
573 803 706 879 ἐπιμεῖναι
717 805 751 872 τῆ

807 640 981 721 predicatur.
994 640 1071 703 Unus
1079 641 1129 703 Dei
1139 662 1227 702 sermo
1244 654 1293 720 est,
1303 661 1357 704 una
1371 645 1455 704 sancti
1465 646 1533 736 Spi-

808 720 876 780 ritus
890 720 1020 796 doctrina,
1037 734 1064 780 et
1080 721 1188 812 pietatis
1199 722 1303 803 lampas
1323 736 1370 797 est,
1382 739 1414 783 et
1431 724 1532 784 divrnae

808 798 1123 891 agnitionispraedicatro,
1134 823 1165 861 ac
1175 801 1302 862 doctrina
1314 803 1365 861 Dei
1377 803 1531 865 illustratio.

147 879 174 938 αλ
187 887 368 959 προσκυνητοῦ
382 878 536 959 Πνεόματος
550 878 689 960 ἐξηγήσει,
706 865 752 938 καλ
808 882 904 969 Qperae
916 885 1033 960 pretium
1046 895 1135 940 autem
1150 894 1199 957 est,
1211 894 1243 961 ut
1257 903 1457 961 perseveremus
1468 881 1532 941 diu·

154 984 181 1017 τι
198 959 261 1040 περλ
281 963 328 1030 τῆς
343 961 418 1038 ἁγίας
438 960 483 1019 καὶ
498 958 598 1028 ἐνδόξου
618 958 753 1036 δυνάμεως
771 963 789 1008 Β
810 972 863 1017 trus
882 980 909 1017 ιιι
925 960 1010 1018 saneti
1025 959 1210 1039 adorandique
1223 962 1341 1041 Spiritus
1356 961 1531 1038 enarratione,

145 1042 196 1112 λιν,
222 1038 266 1097 ἵνα
289 1047 343 1106 τοῖς
365 1043 451 1106 αὐτοῖς
474 1039 634 1140 γρήσωμαι,
657 1043 704 1096 οὐκ
726 1037 753 1106 ἐξ

144 1123 186 1176 εθα
196 1163 204 1189 ,
216 1119 274 1178 ἀλλ’
288 1116 315 1186 ἐξ
328 1109 365 1176 iu
383 1120 574 1197 διδασκομεθα,
596 1119 627 1178 ab
641 1120 753 1195 Πνεῦμα

143 1195 155 1263 ξ
176 1189 212 1256 iu
233 1203 257 1258 ol
279 1203 342 1258 θεῖοι
361 1197 536 1259 ”Sedelaucum
547 1197 636 1275 λόγοι,
653 1198 753 1273 μᾶλλον

144 1277 202 1336 αὐτὸ
226 1277 287 1357 περὶ
307 1281 400 1337 ἑαυτοῦ
423 1276 563 1357 κηρύττει,
578 1276 623 1336 καλ
643 1274 685 1351 bel:
701 1280 753 1335 τῶν

144 1355 299 1434 φθέγγεται,
320 1357 366 1417 καλ
387 1356 430 1416 bal:
453 1361 504 1415 τῶν
527 1355 681 1417 όποστολων
704 1354 752 1427 τὴν

144 1445 179 1493 ἱνα
193 1434 282 1516 ρέρει,
295 1435 343 1508 τήν
358 1437 412 1514 μὲν
421 1434 497 1516 φύσιν
511 1437 581 1494 ἐστίν
596 1432 752 1517 ἀδιαίρετον,

144 1517 179 1584 ἧς
192 1514 340 1596 ἀδιαιρέτου
353 1517 398 1575 καὶ
412 1518 464 1593 σἰμε
483 1515 554 1574 ίστου
588 1514 670 1581 ύοεως
683 1539 752 1596 προ-

144 1616 164 1650 .α
185 1594 211 1653 δὲ
227 1597 319 1669 αὐτοῦ,
331 1597 442 1672 Πνεῦμα
457 1538 541 1672 όγιον,
553 1539 664 1671 Πνεῦμα
684 1597 752 1664 ἀλη-

144 1680 193 1750 λμα
209 1679 254 1732 τοῦ
268 1676 352 1746 Θεοῦ,
375 1676 488 1749 Πνεῦμα
509 1673 626 1751 Κυρίου,
641 1676 752 1751 Πνεῦμα

143 1777 166 1826 ς,
183 1754 294 1829 Πνεῦμα
318 1760 363 1812 τοῦ
384 1755 462 1821 luo,
484 1755 595 1830 Πνεῦμα
620 1755 751 1830 Χριστοῦ·

144 1833 219 1890 καλεῖ
249 1833 312 1891 abab
333 1836 351 1903 ἡ
380 1830 488 1912 Γραρὴ,
512 1833 613 1909 μᾶλλον
641 1830 668 1890 δὲ
690 1831 753 1891 αὐτὸ

157 1913 265 1988 Πνεῦμα
291 1914 377 1984 Θεοῦ,
398 1911 443 1968 καί
466 1913 577 1989 Πνεῦμα
604 1911 634 1969 τὸ
657 1912 687 1969 ἐκ
707 1917 754 1970 τοῦ

167 1988 210 2046 ἵνα
236 1991 338 2067 μήποτε
363 1989 519 2056 ἀκούσαντες
542 1994 619 2066 ἡμεῖς
642 1992 753 2067 Πνεῦμα
770 1996 789 2044 C
807 1987 946 2067 seipsum,
972 2001 998 2046 et
1020 1990 1039 2048 S

147 2067 242 2146 ίσωμεν
264 2069 298 2128 δι’
322 2069 471 2140 οἰκειότητα
495 2069 618 2147 λέγεσθαι
642 2070 754 2147 Πνεῦμα

143 2171 185 2226 γει
203 2152 220 2219 ἡ
241 2147 335 2231 Γραρὴ
356 2149 386 2208 τό
410 2151 521 2227 Πνεῦμα
542 2149 573 2208 τό
601 2148 684 2228 ἅγιον,
709 2149 754 2208 καλ

162 2230 220 2307 οτῷ
247 2230 317 2287 Θεοῦ
344 2228 374 2287 τὸ
405 2231 435 2287 ἐκ
456 2231 535 2288 Θεοῦ.
564 2226 643 2286 Ἄλλο
670 2226 701 2287 δὲ
725 2229 755 2288 τὸ

144 2306 203 2364 ίλλο
212 2306 280 2365 τὸέκ
289 2309 368 2367 Θεοῦ.
380 2309 451 2367 Θεοῦ
466 2307 513 2384 μὲν
528 2307 580 2387 γὰρ
593 2307 700 2386 οῦρανθς
709 2307 755 2365 καλ

144 2388 173 2463 ιρ’
194 2388 270 2444 αὐτοῦ
290 2385 472 2465 πεποιημένα,
492 2390 522 2447 ἐκ
539 2388 611 2446 Θεοῦ
628 2387 655 2445 δὲ
680 2386 755 2447 οὐδὲν

156 2464 193 2541 μὴ
215 2463 271 2524 tt:
284 2471 332 2538 τῆς
348 2466 436 2534 οὐσίας
454 2466 519 2525 ἐστί.
535 2466 649 2544 Λέγεται
668 2466 754 2525 τοίνυν

144 2569 190 2603 ιον.
206 2544 280 2615 Αῦτη
297 2545 349 2627 γοίρ
370 2547 441 2604 ἐστιν
459 2551 476 2617 θ,
493 2544 570 2625 κυρία
592 2544 637 2604 καὶ
659 2544 753 2626 πρώτη

153 2666 160 2693 ,
174 2629 191 2695 ἡ
204 2623 437 2705 ἓμραντικωτέραν
452 2623 550 2704 ἔχουσα
564 2623 611 2696 τήν
627 2626 753 2699 διάνοιαν,

144 2712 191 2761 ἶσα
203 2709 248 2761 τοῦ
258 2702 333 2780 ἁγίου
348 2703 503 2780 Πνεύματος
513 2702 563 2776 τήν
574 2703 659 2783 φύσιν.
671 2706 754 2764 Πνεῦ-

144 2783 239 2858 Ινεῦμα
252 2790 298 2841 τοῦ
312 2785 392 2843 Θεοῦ.
410 2783 459 2848 Τίς
473 2781 537 2841 abab
549 2784 626 2842 καλεῖ
641 2785 753 2861 Πνεῦμα

144 2883 170 2917 υε
184 2865 229 2919 τοῦ
244 2862 385 2960 Σωτῆρος·
401 2863 435 2920 El
455 2860 482 2921 δὲ
504 2861 556 2942 ἐγὼ
571 2864 598 2919 ε’ν
613 2861 752 2940 Πνεύματι

810 1050 834 1095 et
846 1036 1014 1097 manifestius
1027 1038 1132 1117 aliquid
1146 1040 1179 1099 de
1192 1053 1283 1098 sancta
1299 1040 1468 1120 gloriosaque
1479 1062 1530 1121 po·
1579 1049 1582 1052 ’

807 1129 901 1174 testate
918 1116 1049 1176 dicamus.
1064 1120 1175 1192 lterum,
1194 1132 1223 1176 ut
1238 1118 1334 1178 iisdem
1348 1133 1530 1179 utamurvcr·

807 1194 860 1268 bis,
876 1217 928 1254 non
942 1218 988 1277 per
998 1218 1029 1256 ea
1041 1219 1101 1276 qua:
1116 1198 1275 1277 cogitamus,
1291 1197 1337 1256 sed
1348 1220 1395 1288 per
1408 1221 1467 1276 quae
1477 1198 1530 1258 do-

808 1295 908 1350 eemur,
921 1276 1040 1355 Spiritus
1052 1291 1203 1337 sanctusex
1216 1277 1249 1335 iis
1260 1299 1318 1356 quae
1331 1277 1419 1338 divini
1432 1277 1531 1337 docent

808 1374 951 1429 sermones,
975 1357 1029 1413 imo
1050 1378 1109 1434 quac
1140 1356 1197 1437 ipsc
1220 1356 1254 1415 de
1277 1356 1364 1436 seipso
1387 1356 1528 1437 praedicat,

807 1433 873 1491 dum
888 1455 935 1514 per
949 1434 1092 1515 prophetas
1115 1435 1254 1514 loquitur,
1271 1457 1373 1516 perque
1394 1436 1529 1517 apostolos

807 1511 857 1570 lert
871 1512 977 1571 radium
990 1535 1081 1590 sunm,
1099 1529 1192 1574 natura
1212 1515 1405 1595 inseparabilis
1415 1529 1464 1591 est,
1479 1530 1528 1574 ut-

806 1605 869 1672 pote
890 1592 936 1670 qui
961 1614 995 1651 ex
1021 1595 1193 1675 inseparabili
1206 1609 1232 1654 et
1254 1594 1417 1655 indivisibili
1434 1609 1529 1654 natura

807 1692 964 1751 progressus
984 1686 1023 1730 est
1029 1696 1039 1752 ρ
1052 1695 1148 1732 nomen
1160 1688 1249 1732 antem
1263 1675 1320 1754 ejus
1334 1674 1453 1755 Spiritus
1466 1695 1528 1734 san-
1585 1727 1600 1770 s
1617 1728 1622 1757 γ
1639 1727 1682 1769 „m

807 1763 876 1820 ctus,
898 1751 1017 1830 Spiritus
1044 1753 1175 1828 veritatis,
1200 1752 1320 1833 Spiritus
1332 1755 1393 1827 Dei,
1407 1754 1527 1835 Spiritus
1539 1743 1616 1834 „ml
1626 1743 1682 1831 ”W

807 1829 927 1903 Domini,
943 1830 1060 1909 Spiritus
1075 1832 1174 1907 Patris,
1189 1832 1308 1912 Spiritus
1324 1833 1397 1906 Filii,
1409 1834 1526 1912 Spiritus
1539 1855 1608 1898 mins.

807 1907 925 1967 Christi:
948 1922 974 1967 et
999 1909 1038 1968 sic
1062 1925 1139 1968 vocat
1156 1932 1217 1969 eum
1232 1911 1382 1992 Scriptura,
1398 1912 1452 1970 imo
1470 1912 1528 1992 ipse

1050 1989 1154 2048 :iritum
1178 1990 1243 2066 Dei,
1269 2004 1294 2048 et
1319 1990 1453 2071 Spiritum
1477 1991 1525 2070 qui

807 2088 842 2125 ex
870 2069 928 2127 Deo
954 2081 1004 2127 est.
1041 2011 1078 2126 bt
1101 2082 1131 2126 ut
1159 2090 1325 2148 numquam,
1357 2091 1418 2128 cnm
1448 2070 1527 2130 audi-

808 2167 869 2204 mus
897 2145 1032 2227 Spiritum
1050 2146 1119 2218 Dei,
1139 2162 1265 2228 putemus
1289 2170 1351 2207 etim
1377 2172 1425 2230 per
1446 2149 1526 2208 fami·

808 2225 952 2285 liaritatem
965 2224 1020 2284 dici
1042 2226 1177 2306 Spiritum
1198 2228 1264 2302 Dei,
1279 2227 1425 2292 introducit
1453 2228 1528 2288 Scri·

808 2318 887 2385 ptura
909 2303 1043 2386 Spiritum
1056 2320 1190 2383 sanctum,
1210 2320 1236 2364 et
1264 2307 1385 2386 apponit,
1410 2306 1473 2380 Dei,
1501 2320 1528 2366 et

806 2384 853 2461 qui
868 2406 903 2442 ex
918 2386 976 2443 Deo
990 2397 1037 2443 est.
1054 2384 1136 2443 Aliud
1156 2385 1227 2443 enirn
1246 2399 1284 2444 est
1310 2385 1400 2445 dicere
1416 2385 1476 2460 Dei,
1501 2400 1529 2446 et

808 2462 854 2540 qni
867 2485 901 2521 er
913 2465 971 2523 Deo
981 2476 1028 2522 est.
1040 2463 1091 2521 Dei
1103 2463 1174 2522 eninr
1198 2479 1260 2525 sunt
1284 2465 1379 2523 caelum
1396 2479 1422 2524 et
1447 2479 1527 2542 terra,

808 2556 900 2623 utpute
908 2543 944 2600 ab
957 2565 988 2602 eo
1002 2542 1089 2600 lacta:
1106 2564 1140 2601 ex
1151 2544 1209 2602 Deo
1228 2558 1317 2602 autem
1331 2543 1399 2603 nihil
1413 2543 1525 2622 dieitur,

807 2622 858 2681 nisi
875 2621 947 2701 quod
960 2644 994 2680 εκ
1004 2622 1151 2681 substantia
1166 2624 1230 2703 ejus.
1243 2625 1337 2700 ltaque
1349 2623 1450 2682 dicitur
1460 2624 1527 2704 Spi-

805 2701 875 2761 ritus
894 2716 1010 2761 sanctus.
1034 2703 1088 2760 lsta
1109 2702 1181 2761 enim
1209 2716 1248 2761 est
1265 2703 1374 2783 propria
1390 2716 1416 2762 ct
1438 2703 1527 2784 prima

807 2779 969 2861 appellatio:
987 2794 1012 2839 et
1029 2794 1060 2838 ut
1087 2780 1282 2842 evidentiorem
1304 2782 1406 2841 habens
1420 2781 1533 2842 intelli-⁷

807 2859 942 2938 gentiam,
959 2860 1077 2941 Spiritus
1100 2861 1185 2920 sancti
1210 2875 1335 2919 naturam
1350 2862 1525 2924 demonstrat.

144 2942 188 2998 λω
204 2937 238 2997 τὰ
252 2941 385 3017 δαιμονια.
396 2941 508 3016 Πνεῦμα
523 2943 603 3000 Θεοῦ.
616 2938 676 3000 Ἵνα
693 2941 745 3000 τοί·
760 2976 797 3016 79,
807 2940 925 3019 Spiritus
940 2953 1058 3015 sanctus,
1075 2939 1194 3020 Spiritus
1209 2942 1270 2999 Dei.
1286 2940 1355 3012 Quis
1368 2962 1430 2999 eum
1446 2955 1526 3001 vocat

144 3043 178 3089 ιην
195 3017 286 3093 εἰπὼν,
301 3019 339 3097 μή
360 3043 400 3085 τις
415 3017 531 3088 ἀκούσας
543 3021 656 3098 Πνεῦμα
665 3023 750 3096 Θεοῦ,
768 3035 790 3080 Δ
807 3019 939 3099 Spiritum
963 3018 1132 3078 usitandi
1165 3019 1332 3080 Salvatocem
1368 3020 1522 3080 dicentem:

143 3097 244 3169 ειότητα
259 3098 450 3176 σημαίνεσθαι,
464 3098 509 3157 καλ
523 3097 560 3176 μὴ
578 3098 679 3180 φύσεως
696 3125 751 3160 κοι-

144 3177 225 3242 Ῑαῦλος
235 3175 322 3255 λέγει·
333 3176 412 3255 Ὑμῖν
420 3177 447 3238 δὲ
459 3182 506 3238 οὐκ
517 3179 592 3249 ἐδόθη
605 3178 635 3237 ab
647 3186 751 3259 πνεῦμα

144 3301 152 3328 ,
167 3254 236 3314 ἀλλὰ
244 3256 273 3314 τὸ
285 3258 397 3334 Πνεῦμα
410 3256 440 3316 τὸ
449 3261 479 3317 ἐκ
489 3261 569 3317 Θεοῦ.
581 3258 667 3319 Πόλιν
679 3259 751 3340 λε’γε-

144 3360 148 3392 ι
163 3335 282 3415 Πατρός,
293 3340 330 3401 ὡς
343 3340 357 3394 ό
371 3338 467 3418 Σωτήρ
478 3346 532 3403 τοῖς
541 3338 625 3418 ἁγίοις
637 3339 750 3399 ἀποστό

160 3412 205 3486 Μὴ
221 3414 401 3496 μεριμνήσητε
412 3421 469 3483 πῶς
481 3415 499 3486 ἢ
513 3416 540 3475 τί
557 3417 706 3490 λαλήσητε·
719 3423 748 3478 οῦ

144 3516 185 3551 ττε
195 3495 219 3552 οἱ
230 3495 382 3567 λαλοῦντες,
394 3495 462 3554 ἀλλὰ
471 3496 501 3554 τὸ
513 3498 624 3572 Πνεῦμα
634 3502 679 3555 τοῦ
692 3500 750 3556 Πα-

143 3572 172 3630 τθ
181 3573 277 3631 λαλοῦν
288 3576 314 3631 ἐν
326 3576 397 3650 ὑμῖν.
406 3572 510 3652 Ὥσπερ
522 3573 549 3635 δὲ
562 3567 628 3646 εἶπε,
639 3576 751 3653 Πνεῦμα

144 3650 266 3789 ἷπγήγργγεν
278 3656 295 3722 ἡ
302 3649 422 3788 ΙΙίραρόήι,
434 3652 615 3803 affieri,
624 3651 751 3788 οῗτωριό-

157 3755 287 3869 οἶκείίόόῦν
309 3751 484 3889 λέγτεροθαι,ῦ
506 3757 605 3892 §.realis
630 3755 752 3890 litigiis-ii

144 3894 184 3967 ιθη
205 3889 424 3970 θΠαροίκλητος,
438 3887 468 3947 τὸ
485 3890 597 3968 Πνεῦμα
619 3896 665 3962 τῆς
680 3895 750 3965 ἀλη-

144 3966 169 4025 ιθ
179 3974 224 4026 τοῦ
236 3968 341 4048 Πατρός
355 3967 533 4047 ἐκπορεύεται.
544 3969 618 4030 Ἐκεῖ
629 3972 659 4029 ἔκ
666 3974 750 4046 Θεοῦ,

144 4051 173 4104 οῦ
187 4047 300 4123 Πατρός.
314 4045 404 4128 Ὅπερ
418 4048 550 4126 ἐπήγαγεν
561 4053 661 4129 ἑαυτῷ,
677 4050 750 4131 Ἔγιθ

143 4125 236 4205 Ιατρὸς
248 4125 368 4199 ἐξῆλθον,
380 4132 456 4186 τοῦτο
471 4127 498 4185 δὲ
519 4132 558 4208 τῷ
580 4132 596 4188 ἁ
617 4130 647 4209 ίῳ
664 4129 748 4189 Πνεύ·

144 4204 199 4283 erpi:
210 4212 256 4264 τοῦ
270 4206 375 4288 Πατρός
388 4206 567 4285 ἐκπορεύεται.
580 4215 592 4241 ⁸
613 4211 692 4268 Εστιν
704 4203 748 4269 οὖν

143 4309 180 4362 μα
199 4285 243 4343 καὶ
257 4287 327 4344 Θεοῦ
349 4287 455 4366 Πατρός
476 4288 601 4365 Πνεῦμα,
615 4288 660 4347 καὶ
674 4291 749 4372 παρὰ
768 4293 784 4338 θ
803 4300 859 4359 tus,
876 4289 1000 4367 Spiritus
1015 4290 1158 4360 ueritatis,
1170 4290 1222 4366 qui
1238 4307 1257 4344 a
1271 4289 1363 4346 Patre
1374 4289 1515 4366 procedit.
1531 4317 1570 4364 2⁶,

156 4364 677 4445 ἐκπορεύεται.’1’ίέστιν,Ἐκπορεύεται;
690 4372 765 4442 Οὐκ,

145 4467 196 4501 ται.
210 4442 241 4501 Ἃ
255 4442 306 4523 γὰρ
316 4444 345 4501 οὖ
358 4445 525 4523 γέγραπται,
539 4450 568 4505 οῦ
581 4449 619 4506 δεῖ
630 4459 745 4527 φρονεῖν.

143 4521 202 4601 :pbr
220 4523 365 4600 γεννηθεὶς,
378 4526 488 4601 Πνεῦμα
506 4529 536 4584 ἐκ
549 4527 654 4606 Πατρός
668 4530 746 4589 ἐκπο-

144 4603 234 4671 Ζητεῖς
253 4605 316 4685 παρ’
340 4605 404 4680 ἐμοῦ
417 4603 465 4674 τήν
480 4605 606 4686 διαρορθν
625 4597 747 4681 ποίντως,

144 4687 169 4751 λη
180 4672 268 4753 οῦτος,
282 4686 339 4746 πῶς
352 4681 505 4763 ἐξεπορεύθη
521 4688 617 4758 ἐκεῖνο,
632 4687 669 4746 Τί
682 4687 747 4770 γάρ,

144 4760 182 4833 ξθη
197 4758 320 4838 ὴμαθὼν,
335 4759 428 4838 ἔμαθες
441 4762 487 4821 καί
501 4763 544 4821 τὸν
561 4789 577 4821 τ
594 4764 667 4824 όπον.
681 4765 747 4846 Ἄρα

144 4839 336 4920 κηρυττόμενον
345 4841 408 4899 Υίὸν
416 4842 533 4915 ἀκούεις,
545 4789 592 4902 καί
602 4844 748 4922 γεννήσεως

144 4917 492 4997 ιατέλαόες.’ονόματόέστι
502 4921 747 5003 πίστειτιμόιμενα,
762 4921 766 4929 ’

144 5105 250 5155 :bunensi
268 5113 345 5168 νόμοι,
354 5115 379 5154 ει
394 5105 419 5154 in
440 5122 520 5173 marg.
534 5113 604 5173 λόγοι.
618 5107 686 5160 Ibid.
699 5119 737 5166 καὶ

809 3100 894 3177 Quod
905 3103 932 3158 si
944 3120 996 3178 ego
1010 3103 1041 3156 in
1068 3101 1176 3180 Spiritu
1192 3102 1251 3158 Dei
1271 3103 1355 3180 ejicio
1368 3102 1524 3160 daemonici.
1600 3157 1614 3202 h

805 3177 923 3258 Spiritus
939 3178 999 3238 Dei.
1021 3180 1059 3238 Ut
1071 3180 1164 3258 igitur,
1183 3179 1252 3237 sicut
1266 3178 1401 3250 dicebam,
1418 3201 1450 3238 ne
1464 3180 1525 3259 quis
1536 3158 1599 3267 ἔξω
1618 3190 1623 3202 “
1640 3167 1677 3203 ¹²⁸

805 3257 935 3330 aridiens,
961 3257 1096 3339 Spiritum
1120 3258 1183 3333 Dei,
1213 3271 1289 3343 putet
1311 3259 1525 3320 ⁴familiaritatem
1570 3251 1577 3264 ⁹

805 3337 950 3416 quamdam
962 3336 1121 3416 significari,
1138 3351 1164 3395 et
1176 3359 1228 3396 non
1242 3338 1462 3407 communitatem
1475 3361 1526 3398 na·

804 3429 885 3493 tiaran,
911 3416 1013 3474 Paulus
1027 3415 1111 3475 dicit:
1130 3419 1218 3474 Vobis
1232 3431 1331 3474 autem
1356 3439 1415 3474 non
1437 3418 1525 3477 datus

805 3509 848 3554 est
870 3499 987 3573 spiritus
1007 3497 1119 3565 mundi,
1137 3496 1190 3552 sed
1203 3495 1326 3572 Spiritus
1348 3499 1399 3573 qui
1410 3517 1445 3553 ex
1460 3498 1525 3555 Deo

806 3586 857 3632 est.
879 3576 978 3631 lterum
1000 3573 1101 3631 dicitnr
1121 3572 1239 3652 Spiritus
1255 3572 1354 3644 Patris,
1370 3574 1439 3632 sicut
1463 3574 1524 3634 Sal·

805 3665 882 3710 vator
892 3651 1020 3732 apostolis
1029 3651 1094 3710 dicit
1109 3674 1115 3707 :
1129 3653 1175 3710 Ne
1182 3652 1303 3711 solliciti
1315 3656 1391 3724 sitis,
1405 3674 1523 3734 quomo-

806 3732 844 3788 do
861 3732 913 3790 vel
925 3733 999 3812 quid
1014 3731 1179 3812 loquamini
1194 3754 1203 3785 .·
1218 3736 1369 3790 nonenim
1383 3753 1438 3791 eros
1453 3737 1520 3793 estis
1535 3705 1627 3827 ζωή,
1638 3717 1675 3753 '⁰'

805 3814 858 3890 qui
889 3812 1067 3892 loquimini,
1085 3812 1137 3868 sed
1160 3809 1285 3889 Spiritus
1300 3813 1401 3870 Putris
1430 3817 1523 3872 vestri

804 3894 856 3969 qui
871 3891 1002 3970 loquitur
1014 3893 1045 3947 in
1056 3891 1152 3947 uobis.
1169 3889 1245 3949 Sicut
1259 3904 1349 3948 autem
1367 3889 1448 3964 dixit,
1459 3890 1522 3972 Spi-

803 3970 943 4044 ritusDci,
956 3968 1085 4047 additque
1094 3967 1246 4065 Scriptura,
1263 3971 1320 4048 Qui
1332 3993 1368 4029 ex
1380 3973 1444 4029 Deo
1455 3983 1498 4030 est
1511 3995 1520 4027 .·

803 4048 842 4107 sic
862 4049 960 4107 iterum
979 4047 1068 4107 dictus
1090 4061 1129 4106 est
1147 4047 1266 4128 Spiritus
1280 4049 1376 4108 Patris.
1392 4048 1427 4109 Et
1441 4064 1473 4109 ut
1489 4071 1522 4111 nc

803 4128 902 4208 putetis
916 4127 968 4187 hoc
982 4125 1129 4186 secundum
1146 4127 1355 4188 familiaritatem
1372 4128 1439 4205 dici,
1454 4130 1518 4189 Sal·

803 4221 881 4267 vator
895 4207 922 4266 id
939 4208 1097 4266 confirmat:
1113 4208 1238 4284 Quando
1250 4212 1363 4267 venerit
1376 4210 1518 4268 Paracle-

1539 3486 1559 3520 t.
1576 3475 1630 3522 Cor.
1642 3492 1666 3526 α.

1540 3550 1577 3584 ιε.

1530 4257 1600 4301 loun.
1619 4256 1656 4305 15.

802 4366 861 4424 lllic
876 4389 911 4424 ea
924 4369 995 4437 Deo,
1006 4366 1051 4425 bic
1068 4366 1174 4423 aPatre
1187 4364 1298 4426 dieitur.
1316 4365 1348 4424 ld
1364 4366 1435 4444 quod
1450 4366 1518 4426 sibi·

801 4447 853 4526 ipsi
869 4447 1009 4522 tribuerat,
1032 4446 1132 4514 dicens,
1147 4446 1176 4503 E
1195 4465 1246 4503 oa
1261 4449 1352 4505 Patre
1365 4449 1454 4520 exivi,
1469 4446 1520 4505 boc
1531 4490 1593 4534 lora
1618 4486 1645 4532 ,6

801 4539 827 4583 et
843 4525 957 4606 Spiritui
972 4539 1068 4587 sancto
1082 4466 1222 4596 adscrifiit,
1237 4525 1328 4584 diceus
1339 4549 1344 4581 :
1357 4527 1414 4604 Qui
1427 4547 1446 4584 a
1460 4526 1519 4585 Pa·
1532 4563 1571 4608 ²7·
1596 4523 1602 4535 ’
1649 4520 1654 4532 ’

800 4618 846 4664 tre
866 4605 1006 4685 procedit.
1021 4603 1096 4675 Quid
1110 4615 1158 4676 est,
1174 4605 1311 4663 Procedit
1323 4611 1336 4662 ?
1347 4606 1408 4663 Non
1435 4603 1517 4684 dixit,

802 4684 933 4764 gignitur.
950 4682 1029 4757 Quod
1046 4683 1116 4742 enim
1131 4704 1182 4741 nou
1197 4696 1236 4741 est
1249 4685 1391 4765 scriptum,
1405 4704 1455 4743 non
1480 4699 1520 4744 est

801 4763 979 4823 sentiendum.
1000 4763 1085 4821 Filius
1099 4783 1114 4822 a
1129 4764 1207 4821 Patre
1221 4763 1326 4841 genitus
1339 4776 1386 4836 est,
1401 4763 1520 4844 Spiritus

800 4847 910 4904 aPatre
940 4841 1074 4923 procedit.
1097 4841 1235 4916 eraerisa
1253 4863 1296 4903 me
1324 4841 1517 4920 differentiam,

801 4922 937 5004 quomodo
965 4922 1072 5001 genitus
1101 4921 1148 4980 ille
1161 4965 1171 4999 ,
1184 4936 1211 4981 et
1231 4923 1367 5000 quomodo
1391 4922 1520 5002 processit

795 5127 806 5151 ¹
823 5109 866 5163 Sic
878 5110 936 5161 Πεε.
949 5108 1018 5164 Edit.
1033 5126 1092 5161 vero
1103 5117 1162 5164 ἔστιν
1173 5112 1210 5163 οῦν
1220 5118 1319 5175 πνεῦμα.

144 5205 153 5234 ι
169 5178 241 5232 deest
252 5182 277 5232 in
288 5183 351 5249 fleg·
362 5194 387 5233 ει
406 5189 443 5237 καὶ
461 5196 520 5251 poa:
535 5192 655 5256 ρθῖγγιται
665 5185 737 5242 deest
795 5192 809 5231 ¹³
826 5190 888 5258 urg.
897 5197 986 5257 μαθὼν,
995 5197 1078 5257 ἔμαθες
1089 5195 1126 5243 καθ
1137 5197 1176 5244 τόν
1187 5199 1280 5260 τρόπον.
1287 5186 1422 5260 ἄρα.Οολθ.
1429 5195 1518 5254 μαθὼν,

144 5349 199 5396 ιεει,
215 5336 283 5389 Edit.
299 5354 357 5390 vero
371 5354 403 5407 eq
416 5348 465 5408 θεῷ,
478 5337 549 5391 male.

761 5276 844 5335 ἔμαθες
855 5275 892 5322 καὶ
903 5276 942 5323 τθν
951 5278 1035 5339 τρόπον
1045 5272 1180 5334 κατιλαῦιςξ
1191 5273 1238 5339 ἄρα
1249 5273 1297 5322 tart
1307 5275 1472 5339 ταραττόμενον
1482 5273 1524 5320 καί

760 5356 813 5400 υἱόν.
1518 5361 1520 5365 ⁴
