3810 6000
364 455 436 551 894
689 443 692 449 ’
925 467 987 513 itu.
1007 463 1128 512 ntoortt
1155 463 1339 512 ianuario.

362 623 426 663 rum
435 598 523 681 spatia
532 596 640 678 reliqui,
654 615 702 655 nec
715 614 812 677 passus
826 613 887 652 sum
900 613 932 650 ca
945 590 1063 672 punctis,
1076 601 1123 649 aut
1139 588 1254 663 lineolis,
1270 587 1340 648 sicut
1352 585 1529 647 librariorum
1545 608 1608 647 mos
1617 603 1670 667 est,
1685 589 1795 670 repleri,
1810 605 1836 650 ut
1848 613 1897 673 pos·

363 695 418 754 sint
434 692 503 752 inihi
517 689 571 751 viri
582 687 681 749 eruditi
692 686 776 747 verba
788 688 883 747 Graeca
893 683 1058 755 adscribere,
1070 683 1094 742 si
1107 678 1216 760 quando
1229 701 1259 738 ea
1276 679 1437 738 invenerint.
1455 681 1525 738 Cum
1541 680 1616 738 enim
1634 683 1821 762 experimento
1833 706 1897 744 οονς-

365 789 433 863 rim,
446 806 500 866 quo
517 775 596 857 casu,
607 802 695 861 quave
709 781 816 840 fortuna
832 779 860 838 in
876 800 907 837 ea
925 799 985 857 quae
999 775 1104 837 attexui
1118 772 1271 834 testimonia
1285 770 1437 848 inciderim,
1449 793 1503 832 non
1518 772 1636 853 despero
1651 774 1689 832 ab
1701 774 1766 833 aliis
1777 775 1825 833 alia
1838 798 1898 855 posse

350 876 490 940 'inveniri
514 873 637 950 Quisque
656 869 813 951 experiatur
833 866 876 926 cui
892 869 1000 927 fortuna
1018 865 1069 924 erit
1080 864 1235 942 latentior,
1251 879 1277 924 et
1292 863 1315 923 si
1329 863 1373 922 cui
1393 885 1423 923 ea
1443 864 1686 938 obsecundaverit,
1714 865 1738 925 is
1761 887 1793 924 ne
1808 868 1899 947 publico

365 968 495 1045 invideat,
508 986 594 1044 neque
608 962 682 1044 apud
701 983 728 1021 se
742 961 849 1021 inventa
865 959 995 1047 privatim
1014 956 1142 1016 detineat.
1161 954 1217 1029 Qui
1233 970 1337 1016 veteres
1348 954 1433 1015 libros
1443 970 1570 1032 tractant,
1581 971 1685 1015 norunt
1704 957 1808 1016 nullam
1822 960 1901 1019 icteris

365 1063 559 1141 cujuscumque
574 1055 638 1115 libri
664 1053 824 1128 editionem,
845 1074 905 1132 quae
922 1072 957 1111 ex
974 1050 1055 1109 unico
1077 1049 1227 1133 exemplari
1248 1049 1330 1108 luerit
1354 1062 1447 1124 eruta,
1471 1050 1618 1128 hucusque
1632 1049 1771 1131 prodiisse
1791 1054 1855 1110 omni
1872 1075 1898 1112 ei

363 1167 440 1235 parte
452 1153 608 1233 perlectam.
631 1150 715 1208 Manu
728 1147 831 1207 exarati
847 1145 960 1205 Codices
972 1157 1080 1203 mutuas
1090 1143 1206 1205 aliorum
1223 1153 1370 1221 exposcunt
1387 1161 1492 1222 operas,
1506 1155 1537 1200 ut
1550 1142 1630 1221 quod
1643 1143 1671 1201 in
1688 1164 1746 1201 uno
1762 1157 1897 1224 corruptum

364 1259 413 1321 est,
432 1244 468 1302 ab
488 1243 543 1302 alio
568 1255 679 1301 sanetur
689 1263 698 1316 ς
716 1237 790 1319 quod
804 1239 832 1299 in
855 1259 910 1297 uno
922 1249 1042 1297 vetustas
1055 1233 1253 1309 obliteraverit,
1267 1233 1302 1292 ah
1316 1231 1371 1291 alio
1395 1233 1484 1292 lucem
1510 1234 1641 1314 accipiat.
1662 1234 1725 1293 lloc
1747 1257 1836 1295 rerum
1853 1259 1896 1296 erse

362 1333 398 1394 de
413 1333 513 1395 Codice
528 1334 610 1414 hujus
628 1332 748 1413 epistolae
763 1330 841 1390 lateri
861 1349 953 1408 cogor,
966 1327 1014 1406 qui
1032 1319 1152 1386 licet'sit
1168 1346 1300 1384 annorum
1322 1326 1391 1402 500,
1414 1345 1512 1405 parum
1532 1339 1627 1384 tamen
1646 1325 1790 1386 emendate
1803 1329 1896 1408 scriptas

362 1441 411 1503 est,
431 1439 457 1486 et
479 1446 585 1508 opema
600 1426 696 1485 Graeoo
715 1422 852 1504 praecipue
867 1419 976 1494 Codice,
996 1431 1044 1479 aut
1065 1418 1102 1479 ab
1119 1418 1175 1477 alio
1196 1416 1292 1476 saltem
1313 1416 1419 1491 latino,
1438 1418 1616 1498 postulat.ln
1632 1440 1666 1478 eo
1685 1441 1769 1498 quem
1781 1421 1844 1494 ridi,
1855 1422 1893 1480 ali

362 1517 472 1598 quando
490 1537 569 1579 voces
591 1515 723 1576 continue
743 1527 816 1589 sunt,
835 1511 980 1592 aliquando
1001 1511 1117 1593 simplex
1131 1509 1236 1571 vocalis
1251 1508 1275 1570 E
1293 1530 1344 1590 pro
1363 1508 1534 1591 diphthongo
1547 1509 1587 1570 Ε
1605 1511 1714 1593 scripta
1735 1513 1786 1571 suit
1797 1515 1840 1590 3T
1856 1535 1893 1593 pro

362 1613 406 1686 D,
421 1625 449 1670 et
470 1609 659 1670 viceversaD
679 1607 786 1688 proT;
802 1605 893 1665 verbis
910 1603 1056 1682 aliquando
1073 1602 1110 1663 ita
1130 1600 1275 1682 corruptis,
1295 1614 1324 1660 ut
1346 1601 1382 1662 ad
1403 1601 1545 1662 sanitatem
1559 1603 1659 1663 reduci
1681 1604 1795 1664 minime
1811 1607 1891 1686 possint

360 1701 460 1780 absque
478 1699 599 1760 subsidio
618 1698 735 1758 aliorum
749 1696 890 1757 Codicum.
905 1696 973 1769 Quae
990 1694 1142 1754 scribarum
1161 1693 1265 1754 incuria
1282 1692 1423 1769 deterruit,
1442 1694 1557 1774 opinor,
1577 1695 1698 1754 Petrum
1713 1699 1851 1777 Martyron
1865 1698 1891 1756 rb

360 1813 391 1851 ea
409 1791 521 1852 edenda.
535 1791 624 1850 Taceo
641 1787 897 1869 interpretationem,
912 1808 973 1868 qun
989 1784 1081 1847 minus
1101 1799 1242 1863 accurata,
1268 1786 1324 1846 imo
1337 1786 1416 1867 plane
1427 1786 1544 1846 barbara
1555 1787 1684 1849 videtur.
1700 1787 1762 1868 Ego
1772 1788 1811 1848 his
1826 1791 1889 1848 enni

359 1881 411 1943 bus
433 1883 515 1943 naris
535 1881 645 1940 lectores
662 1879 984 1958 benevolosnequaquam
998 1879 1132 1940 oliensum
1151 1878 1185 1937 iri
1205 1877 1354 1938 arbitratus
1375 1900 1449 1956 surn3
1471 1878 1528 1938 imo
1556 1901 1621 1938 eam
1647 1880 1770 1940 libenter
1789 1896 1887 1962 exceptu·

358 1997 403 2035 ros
418 1989 485 2057 puto
498 1996 579 2053 quiam
596 1972 693 2032 damus
707 1972 865 2053 epistolam,
884 1971 980 2031 Latine
999 1992 1108 2050 quoquo
1127 1970 1210 2031 modo
1228 1992 1351 2043 versam,
1367 1972 1444 2051 cujus
1459 1973 1650 2051 fragmentum
1669 1996 1687 2033 a
1704 1977 1782 2034 Petro
1795 1978 1888 2056 lllrrtpe

358 2061 461 2125 editum
472 2111 482 2144 ,
493 2064 660 2126 erttditorum
671 2065 775 2125 animos
784 2061 889 2144 pridem
901 2062 1145 2135 sollicitavit.Quis
1154 2062 1225 2123 eninr
1236 2062 1306 2122 illud
1318 2084 1380 2122 cum
1390 2064 1498 2142 legerit,
1510 2065 1630 2125 loannis
1639 2066 1823 2148 Chrysostomi
1833 2089 1886 2125 men-

358 2170 413 2218 tem
424 2159 561 2240 percipere
575 2171 667 2238 queat,
680 2178 715 2217 ex
729 2177 813 2236 eoque
825 2154 1046 2229 animadvertere,
1062 2176 1116 2236 qua
1129 2155 1278 2232 occasione,
1295 2177 1347 2235 quo
1360 2155 1449 2215 animo
1460 2158 1520 2238 ejus
1533 2158 1624 2217 rerba
1635 2160 1743 2241 scripta
1753 2161 1857 2219 suntlln
1866 2181 1886 2218 ο

358 2342 486 2402 aerumnis
495 2363 637 2424 oppressus
647 2354 722 2417 esset,
733 2353 813 2419 atque
821 2340 955 2401 continuis
964 2339 1113 2401 terroribus
1126 2339 1162 2399 oh
1174 2340 1330 2398 Isaurorum
1343 2340 1518 2416 incursiones,
1528 2356 1563 2419 ut
1574 2343 1635 2422 ipse
1646 2344 1747 2403 scribit
1758 2344 1784 2403 in
1794 2344 1886 2425 epistolis

306 2465 342 2506 att
358 2433 393 2494 ad
409 2434 611 2517 Olympiadem,
629 2456 696 2515 pene
710 2433 920 2511 exanimaretur,
934 2432 1121 2493 ¹nihilominus
1136 2451 1199 2489 cum
1213 2429 1331 2491 audisset
1347 2432 1494 2491 Caesarium
1508 2435 1684 2494 monachum
1700 2437 1813 2495 amicum
1827 2457 1884 2495 suun

357 2526 385 2586 in
397 2527 560 2608 Apollinaris
573 2541 599 2586 et
611 2527 812 2587 Συνουσιαστῶν
824 2523 948 2585 haeresim
969 2521 1109 2599 incidisse,
1120 2543 1183 2582 eum
1201 2543 1252 2602 pm
1264 2523 1418 2584 incredibili
1431 2545 1479 2583 sua
1491 2525 1618 2585 bonitate
1629 2528 1669 2586 ab
1683 2527 1778 2588 haeresi
1791 2542 1885 2588 arenae

356 2633 436 2699 atque
445 2621 472 2678 in
485 2619 593 2679 sincerae
604 2619 710 2700 pietatis
718 2619 792 2678 riam
803 2639 927 2680 revocare
936 2616 988 2676 hac
999 2616 1110 2697 epistola
1121 2614 1233 2675 molitus
1246 2629 1294 2675 cst.
1315 2619 1454 2692 Quantum
1474 2638 1540 2676 vero
1552 2619 1729 2699 Apollinaris
1741 2621 1837 2679 hermis
1846 2635 1886 2677 tun

359 2725 534 2790 grassaretur,
548 2723 574 2771 et
595 2730 678 2790 quam
691 2709 791 2768 multos
807 2708 957 2784 invasisset,
970 2728 1003 2768 ex
1019 2728 1050 2767 eo
1063 2707 1190 2789 colligere
1203 2707 1273 2786 licet,
1287 2708 1361 2788 quod
1372 2723 1463 2768 contra
1478 2709 1698 2789 Apollinaristas
1712 2727 1738 2770 ct
1746 2713 1887 2794 Sponsirsus

358 2803 522 2884 scripserunt
545 2802 683 2863 Diodorus
698 2801 837 2864 Tarsensis
859 2800 1019 2883 episcopus,
1044 2820 1123 2879 quen
1151 2821 1234 2882 supra
1256 2800 1415 2879 memoravi,
1434 2801 1591 2880 Gregorius
1613 2805 1771 2884 Nyssenus,
1793 2804 1886 2885 Cyrillns

358 2893 569 2969 Alexandrinus,
587 2892 750 2954 Theodorus
764 2894 979 2974 Mopsuestenus,
999 2891 1170 2974 Theophilus
1185 2892 1383 2966 Antiochensis,
1403 2905 1434 2951 ut
1446 2892 1514 2951 alios
1526 2893 1625 2974 plures
1637 2896 1775 2957 omittam.
1787 2901 1885 2974 Atquent

358 2986 394 3045 ab
407 3007 438 3047 eo
453 3004 542 3046 errore
555 2986 702 3047 Caesarium
718 2998 854 3044 revocaret
867 2987 992 3060 ioannes,
1007 3005 1123 3064 eumque
1135 2983 1170 3044 ad
1186 2977 1345 3045 catholicam
1356 2983 1449 3060 fidem,
1466 3006 1526 3063 quae
1542 2985 1615 3045 duas
1632 2988 1665 3047 in
1683 2989 1791 3048 Christo
1804 3002 1885 3047 naturas

358 3078 511 3138 inconfusas
530 3077 583 3136 suh
597 3098 648 3135 una
665 3097 778 3157 persona
794 3076 946 3154 confitetur,
963 3075 1076 3156 epistola
1089 3076 1238 3152 reduceret,
1252 3077 1481 3157 comparationem
1495 3077 1531 3135 ab
1548 3079 1740 3140 Eucharistiae
1753 3093 1885 3141 monnau

357 3183 510 3246 mutuatur,
520 3170 547 3227 in
557 3190 610 3247 quo
617 3169 694 3248 panis
705 3182 766 3249 post
774 3168 1009 3243 consecrationem,
1019 3189 1072 3227 non
1081 3169 1139 3249 jani
1145 3170 1232 3250 panis,
1241 3169 1289 3229 sed
1299 3169 1506 3250 corpusChristi
1515 3170 1658 3250 appellari
1669 3172 1772 3252 dignus
1780 3174 1884 3242 efficitur3

357 3265 488 3322 Etiamsi
496 3275 605 3321 natura
614 3264 712 3341 panis,
720 3259 819 3338 inquit,
829 3265 861 3318 in
869 3264 931 3340 ipso
940 3265 1114 3341 permansit,
1127 3275 1155 3321 et
1166 3283 1225 3320 non
1235 3263 1293 3320 duo
1304 3282 1437 3341 corpora,
1447 3262 1500 3320 sed
1508 3283 1606 3320 unum
1614 3285 1725 3344 corpus
1732 3265 1885 3345 Filiipredi

357 3367 450 3414 catur.
462 3354 570 3426 Quibus
584 3352 676 3412 verbis
689 3365 797 3412 sanctus
807 3352 903 3412 doctor
914 3374 1007 3413 veram
1020 3374 1051 3411 ac
1066 3354 1177 3428 realem,
1193 3368 1223 3413 ut
1234 3369 1342 3432 rorant,
1356 3354 1474 3435 corporis
1488 3353 1596 3413 Christi
1612 3356 1642 3414 in
1660 3358 1824 3418 Eucharistia
1832 3378 1883 3438 prr

356 3447 470 3507 sentiam
485 3446 622 3528 supponit,
637 3459 663 3503 et
676 3445 798 3524 agnoscit
803 3467 812 3519 ς
826 3444 894 3504 alias
909 3460 980 3505 certe
995 3445 1070 3505 nulla
1083 3460 1150 3506 esset
1161 3467 1223 3505 cum
1236 3446 1354 3505 humana
1365 3467 1396 3504 ac
1409 3445 1504 3505 divina
1522 3446 1551 3504 in
1562 3447 1680 3508 Christo
1696 3465 1789 3510 natura
1802 3449 1885 3509 Euchi-

357 3540 440 3599 ristiae
449 3537 624 3619 comparatio.
636 3539 698 3619 lpse
712 3536 922 3618 Chrysostomus
935 3537 1017 3596 Hom.
1035 3536 1100 3597 aad
1111 3539 1205 3619 popul.
1220 3539 1449 3598 Antiochensem:
1465 3537 1499 3598 ‘0
1522 3537 1574 3615 μὲν
1599 3540 1656 3623 γὰρ
1673 3543 1769 3611 Ἠλίας
1787 3543 1883 3622 priscii

358 3636 444 3706 ἀφῆκε
456 3636 494 3713 τῷ
509 3634 631 3710 μαθητῇ,
642 3633 656 3688 ὁ
671 3627 698 3690 δὲ
715 3627 777 3697 Υἱλς
790 3634 836 3689 τοῦ
847 3632 918 3690 Θεοῦ
928 3629 1143 3704 duobusramis
1159 3629 1244 3710 σε’ρκσ
1253 3635 1318 3709 ἡμῖν
1329 3631 1455 3691 κατέλιπε
1468 3630 1516 3701 τὴν
1533 3633 1644 3691 ἑαυτοῦ·
1660 3637 1748 3695 dtl’t
1762 3635 1805 3714 pli
1815 3634 1884 3698 Ἠλίας

357 3724 564 3803 ἀποδυσάμενος,
580 3722 631 3782 ὅδὲ
643 3721 757 3802 Χριστὸς
771 3720 816 3780 κοιλ
830 3727 896 3800 ἡμῖν
908 3721 1045 3794 κατέλιπε,
1059 3723 1106 3782 καλ
1117 3724 1187 3802 ἔχων
1202 3722 1285 3795 αὐτὴν
1297 3726 1392 3795 ἀνῆλθε
1405 3747 1411 3780 :
1428 3721 1537 3780 Helias
1552 3727 1637 3782 enim
1650 3728 1780 3806 pallium
1792 3728 1884 3807 reliquit

357 3818 501 3896 discipulo
512 3837 575 3888 suo,
587 3817 646 3874 Dei
652 3815 853 3873 autemFilius
865 3816 1027 3875 ascendens
1040 3820 1072 3874 r'n
1085 3815 1188 3875 caium
1214 3818 1296 3873 nobis
1309 3835 1429 3875 carnem
1442 3833 1528 3872 suam
1544 3817 1677 3895 reliquit
1690 3821 1853 3880 :seductus
1861 3839 1883 3876 se

356 3913 457 3977 euertit,¹
472 3909 606 3966 Christus
621 3925 692 3964 vero
707 3919 734 3964 et
746 3926 865 3964 carnem
879 3927 964 3967 stiam
980 3911 1063 3967 nobis
1078 3909 1208 3988 reliquit,
1221 3912 1372 3988 ipsamque
1383 3909 1494 3967 liabens
1510 3911 1663 3969 ascendit.
1678 3911 1716 3972 Et
1731 3913 1807 3972 Hem.
1819 3910 1882 3972 tl'rit

355 3998 535 4057 blattlraeum:
552 3996 631 4056 Οὕτω
645 3997 690 4056 καλ
704 3997 807 4056 ἐπὶτῶν
819 3999 971 4077 μυστηρίων
983 4003 1111 4078 ποιῶμεν,
1120 4002 1149 4060 οὗ
1159 4009 1215 4067 τοῖς
1228 4000 1356 4078 κειμένοις
1370 3998 1448 4077 μόνον
1458 3999 1663 4077 ἐμὸλέποντες,
1678 4004 1750 4063 ἀλλὰ
1759 4005 1791 4064 τλ
1801 4005 1882 4084 pipin

356 4092 435 4148 αὐτοῦ
450 4087 619 4168 κατέχωμεν.
633 4087 667 4148 ‘0
682 4087 795 4168 μὲνγὰρ
813 4088 889 4170 λόγος
906 4092 985 4151 αὐτοῦ
999 4092 1221 4173 tremisceret,
1232 4097 1249 4163 ἠ
1261 4093 1289 4152 δὲ
1300 4092 1420 4166 αἴσθησις
1428 4096 1505 4170 ἡμῶν
1516 4093 1731 4169 eiciendo-neoc.
1745 4090 1883 4165 Οὗτσςώλία

355 4205 418 4242 ποτε
432 4180 552 4253 διέπεσε,
565 4180 633 4252 αὕτη
646 4181 673 4240 δὲ
685 4179 719 4240 rh
730 4180 838 4241 πλείονα
849 4185 1005 4263 σφάλλεται.
1016 4184 1096 4246 'Emi
1110 4177 1154 4245 edu
1169 4192 1183 4245 ὁ
1194 4184 1278 4264 Λόγος
1290 4186 1370 4266 φησὶ,
1387 4185 1474 4245 Τοῦτό
1485 4188 1544 4244 ἔστι
1558 4185 1591 4244 τὸ
1611 4190 1699 4266 σῶμά
1714 4216 1776 4268 μου,
1790 4191 1829 4251 καλ
1839 4213 1882 4248 τει-

355 4274 472 4350 Oducia,
491 4272 537 4331 καλ
555 4272 737 4350 πιστεύωμεν,
751 4273 797 4334 κοιλ
812 4284 915 4348 νοητοῖς
933 4276 996 4336 αὐτὸ
1012 4277 1152 4356 βλέπωμεν
1168 4280 1311 4358 ὀφθαλμοῖς
1325 4301 1332 4335 ι
1347 4277 1395 4337 Sic
1411 4281 1501 4336 etiam
1520 4281 1556 4336 in
1575 4286 1734 4354 mysteriis
1741 4285 1880 4365 jaciamus,

357 4386 415 4423 non
427 4365 483 4424 illa
499 4387 564 4446 quae
576 4379 646 4424 ante
658 4387 709 4426 nos
718 4368 822 4448 jacent
834 4368 1017 4427 solummodo
1035 4373 1220 4451 aspicientes,
1232 4371 1285 4430 sed
1302 4372 1394 4428 verba
1411 4389 1529 4451 quoque
1541 4373 1607 4451 ejus
1621 4385 1767 4436 tenentes.
1780 4378 1846 4435 oen
1860 4385 1881 4430 et

354 4460 453 4516 uerbis
469 4462 530 4538 ejus
552 4459 728 4537 defraudari
747 4480 806 4517 non
817 4480 981 4540 possumus,
1002 4483 1104 4522 sensus
1116 4483 1188 4522 vero
1210 4475 1310 4522 noster
1326 4464 1446 4542 rieceptu
1460 4463 1639 4542 facillimus
1662 4482 1729 4528 est:
1752 4470 1804 4529 ttta
1812 4466 1880 4550 sabe

354 4570 416 4608 esse
433 4570 492 4607 non
506 4563 639 4628 possunt,
656 4553 704 4610 liic
719 4555 823 4632 sapius
844 4565 934 4634 atque
947 4558 1053 4634 sapius
1064 4557 1201 4637 fallitur.
1226 4556 1373 4632 Quoniam
1394 4574 1462 4633 ergo
1481 4554 1536 4613 ille
1552 4557 1648 4630 dixit,
1675 4559 1736 4620 Hoc
1750 4574 1787 4620 est
1806 4576 1879 4638 corpu

354 4661 456 4715 meum,
472 4642 641 4700 obediamus
664 4654 693 4700 et
716 4644 887 4717 credamus,
910 4659 939 4705 et
961 4649 1054 4707 oculis
1077 4646 1244 4707 intellectus
1258 4649 1290 4705 id
1306 4649 1529 4725 perspiciamus.
1543 4648 1692 4728 lntcgrum
1705 4652 1802 4713 librum
1816 4648 1877 4708 orti

353 4754 451 4809 cerem,
467 4733 489 4791 si
500 4753 534 4791 ex
546 4733 739 4815 Chrysostomo
752 4734 825 4795 locos
838 4757 930 4797 omnes
945 4759 1125 4818 excerperem,
1141 4737 1171 4797 in
1184 4738 1283 4816 quibus
1293 4736 1328 4798 de
1341 4737 1526 4801 suauissima
1538 4738 1723 4805 Eucharistia
1733 4741 1875 4805 similiterle

352 4825 459 4904 quitur,
476 4824 522 4886 sed
538 4827 627 4886 laetius
640 4846 671 4885 ac
687 4826 825 4888 salubrius
833 4828 883 4888 tibi
896 4829 946 4889 erit
960 4852 1006 4892 eos
1018 4832 1047 4892 in
1059 4834 1134 4892 sonte
1145 4830 1252 4909 legisse.

954 5085 1296 5114 -Φ--ι-
