3810 6000
250 409 315 459 100
560 406 591 455 S·
617 404 759 456 JOANNIS
784 400 967 452 GHRYSOST·
994 403 1153 455 aucttttst‘.
1180 405 1449 456 OENSTANTlNOP·

246 534 369 612 mittunt,
384 545 409 592 et
421 529 602 592 adulteratum
615 526 980 613 agenuinodistinguunte-
1020 529 1093 591 νόθον
1120 530 1173 592 ἀπὸ
1194 537 1241 592 τοῦ
1260 531 1384 610 γνησίου·
1396 532 1466 593 οδτιυ
1486 531 1532 593 καλ
1557 530 1591 592 σὺ
1611 532 1733 607 ποίησον,
1747 532 1794 595 καί

247 626 286 686 ita
298 627 341 686 fac
354 639 384 686 tu
400 643 612 704 quaqueusque
624 642 772 683 sermonem
784 618 965 700 quemvisad·
1021 619 1059 699 μὴ
1073 623 1161 682 πάντα
1173 623 1327 704 παραδέχου
1341 623 1429 703 λόγον,
1445 624 1514 685 ἀλλδ
1531 624 1577 686 τδν
1592 624 1641 703 μὲν
1665 624 1791 696 κίόδηλαν

247 719 335 794 mitte,
350 715 397 776 sed
412 714 595 775 adulterinum
612 714 740 793 quidem,
754 724 964 794 oormptumque
1020 712 1066 771 καί
1081 714 1268 798 διεφθαρμένον
1282 715 1395 776 όκόαλλε
1416 716 1470 776 ἀπὸ
1490 721 1555 789 σοῦ,
1569 718 1614 778 τδν
1628 715 1658 776 δδ
1671 721 1733 797 ὑγιῆ
1747 715 1792 776 καί

246 809 335 868 abste
357 807 456 889 rejice,
470 808 604 885 integrum
623 819 714 864 autem
733 818 760 864 et
774 804 919 863 salutarem
934 801 963 862 in
1021 805 1153 885 σωτηρίαν
1170 807 1265 885 ἔχοντα
1278 806 1487 889 παρόπεμπετῇ
1505 809 1618 891 διανοίᾳ.
1629 807 1712 867 Ἔστι
1725 807 1792 888 γδρ,

246 912 321 960 tuam
341 913 456 959 mentem
475 898 597 958 admitte.
611 899 682 958 Sunt
703 896 790 971 enim,
806 909 868 955 sunt
882 895 965 954 edam
1020 893 1076 954 dcet
1090 896 1136 955 καλ
1148 897 1190 958 ool
1205 897 1269 978 ζυγδ
1283 897 1330 957 καλ
1349 900 1468 979 σταθμια
1480 903 1529 960 οὐκ
1550 900 1605 960 ἀπὸ
1620 902 1726 980 χαλκοῖν
1747 898 1807 976 καλι

246 993 297 1052 tibi
310 1005 414 1052 statera
426 1013 458 1051 ac
466 991 585 1066 trutina,
596 1010 648 1049 non
657 1010 693 1049 ex
704 1010 758 1049 aere
765 989 888 1067 ferroque
902 1010 964 1048 oon-
982 991 1001 1038 Ε
1021 982 1128 1063 σιδιίρου
1143 986 1390 1064 κατεσκευασμένα,
1405 989 1464 1047 ἀλλ’
1483 987 1537 1048 ἀπὸ
1555 988 1662 1068 ἁγνείας
1682 987 1731 1047 καὶ
1748 987 1792 1046 πί-

246 1085 327 1161 llatae,
341 1083 388 1143 sed
404 1104 439 1142 ex
455 1103 561 1141 morum
575 1081 731 1141 castimonia
745 1093 771 1139 et
782 1079 839 1140 tide
854 1101 966 1161 compo-
1021 1096 1103 1141 στεαντ
1116 1076 1292 1155 συγκείμενα,
1314 1077 1359 1136 καὶ
1383 1076 1428 1137 διδ
1451 1078 1550 1137 τοότων
1577 1078 1704 1156 δοκίμαζε
1717 1078 1790 1156 λόγον

248 1177 315 1249 sitm,
331 1190 410 1256 atque
424 1174 469 1234 his
478 1196 585 1235 omnem
598 1194 747 1234 sermonem
757 1172 890 1232 examina.
901 1175 966 1233 Pm-
1021 1165 1135 1226 diram.
1151 1168 1205 1228 Καὶ
1217 1168 1269 1250 γὰρ
1284 1169 1328 1229 διδ
1341 1171 1417 1229 τοῦτό
1428 1193 1509 1252 φησι,
1523 1171 1626 1251 γίνεσθε
1640 1173 1793 1250 τραπεζῖται
1838 1225 1841 1229 .

247 1282 338 1350 pterea
361 1288 476 1346 namque
498 1266 582 1341 dixit,
599 1265 697 1325 Estote
710 1263 790 1347 probi
809 1265 963 1346 trapezitae,
1021 1259 1138 1337 δόκιμοι,
1151 1264 1201 1341 οὐχ
1215 1260 1258 1320 ἵνα
1277 1260 1322 1320 ἐπὶ
1336 1265 1384 1333 τῆς
1395 1266 1491 1344 ἀγορᾶς
1505 1266 1617 1333 ἑστῶτες
1628 1262 1664 1323 τὰ
1681 1261 1793 1344 ἀργύρια

248 1380 301 1420 nun
313 1374 344 1419 ut
356 1360 384 1419 in
401 1361 460 1418 loro
480 1371 579 1418 stantes
598 1356 726 1438 pecunias
740 1357 897 1431 numeretis,
918 1357 966 1417 sed
1022 1353 1170 1430 ἀριθμῆτε,
1191 1352 1250 1413 ἀλλ’
1268 1352 1311 1412 ἵνα
1337 1353 1398 1421 τοὺς
1420 1354 1512 1434 λόγους
1541 1354 1705 1434 βασανίζητε
1727 1352 1791 1433 μετὰ

249 1467 280 1512 ut
292 1453 364 1511 omni
384 1451 508 1511 adhibito
528 1450 620 1510 studio
639 1471 773 1509 sermones
786 1451 964 1510 examinetis:
1021 1441 1159 1524 ἆνρῑὸτίατ
1170 1443 1290 1515 ἁπάσης·
1301 1445 1344 1504 διδ
1354 1452 1431 1506 τοῦτο
1440 1448 1486 1507 καλ
1502 1452 1516 1508 ὁ
1530 1447 1676 1514 ἀπόστολος
1690 1445 1793 1514 lividis

249 1555 390 1623 propterea
423 1540 524 1600 Paulus
554 1561 662 1618 quoque
693 1537 768 1598 dixit
804 1541 964 1620 apostolus,
1021 1535 1793 1619 φησι·Πόνταδοκιμάζετε,τδκαλ“ονδλκατόχετεμόνον.

103 1664 124 1696 ι.
134 1647 239 1697 rueras.
252 1637 360 1694 Omnia
368 1634 501 1712 probate,
519 1633 599 1712 quod
610 1644 709 1691 autem
731 1632 838 1691 bonum
856 1647 908 1709 est,
924 1648 967 1694 te-
1021 1630 1062 1687 Οδ
1077 1625 1175 1700 διότι-δν
1190 1629 1347 1707 δοκιμασίαν
1359 1629 1386 1690 δὲ
1397 1630 1475 1708 μόνον
1486 1634 1555 1709 ὑμᾶς
1565 1629 1727 1710 τραττζίτασ
1734 1629 1794 1691 ἕατ’·

99 1724 140 1758 at.

251 1741 317 1787 nete
329 1726 435 1785 solum.
450 1726 543 1802 Neque
554 1744 619 1784 vero
632 1737 743 1805 propter
753 1726 966 1804 explorationem
981 1771 1007 1808 ,3
1020 1721 1105 1793 λεσεν,
1116 1719 1185 1779 ἀλλδι
1198 1720 1243 1778 καί
1258 1719 1301 1779 διδ
1320 1720 1369 1794 την
1380 1727 1433 1782 τῶν
1447 1721 1689 1802 καταθαλλομίνων
1702 1722 1793 1800 νομήν.

250 1828 356 1877 tantum
369 1814 512 1895 trapezitas
523 1813 737 1895 appellarit,sed
751 1828 777 1874 et
795 1831 906 1897 propter
920 1839 966 1877 eo·
985 1826 1004 1872 Α
1022 1811 1076 1871 Καὶ
1088 1810 1140 1893 γδρ
1150 1819 1204 1879 τοῖς
1215 1813 1397 1893 τραπεζίταις,
1410 1815 1456 1875 ἐὰν
1468 1815 1545 1893 μόνον
1557 1813 1748 1895 ὑποδεχόμενοι
1759 1812 1795 1874 εδ

249 1929 322 1983 rum,
335 1928 394 1986 qua
406 1904 548 1966 commissa
558 1919 621 1964 sunt
629 1950 640 1982 ,
654 1904 881 1970 distributionem.
895 1912 966 1970 Nam
1021 1903 1149 1984 χρήματα
1166 1904 1360 1966 κατθκλῑίωσῑν
1374 1906 1455 1979 οἴκοθι
1477 1906 1575 1984 partiri
1598 1905 1627 1966 δὲ
1642 1909 1678 1974 εἷς
1692 1905 1794 1986 ίτίρννσ

249 2014 275 2060 et
295 1999 428 2080 trapezita
440 1998 463 2058 si
485 1998 611 2078 pecunias
630 2012 753 2079 acceptos
770 2013 875 2060 tantum
890 2001 965 2061 domi
1022 1995 1191 2074 διανέμωσιν,
1213 1996 1284 2056 ἅπαν
1297 1998 1328 2057 τὸ
1346 2002 1393 2070 τῆς
1414 1999 1543 2079 ἐμπορίας
1557 1998 1713 2080 οἰχήσεται·
1725 1997 1794 2058 οὕτω

249 2089 399 2161 recludant,
415 2109 501 2166 neque
509 2088 537 2146 in
551 2087 619 2148 alios
632 2088 694 2148 illas
705 2089 880 2167 distribuant,
892 2106 965 2155 totus
1021 2087 1067 2147 καλ
1090 2090 1135 2148 ἐπὶ
1165 2093 1217 2148 τῶν
1251 2091 1387 2168 ἀκροατῶν
1416 2091 1447 2151 τὸ
1485 2091 1549 2151 αὐτὸ
1577 2098 1655 2151 τοῦτο
1684 2089 1792 2169 γίνεται.

249 2183 305 2243 illis
316 2197 433 2261 quastus
449 2181 562 2264 peribit;
572 2194 653 2260 atque
667 2181 740 2241 idem
750 2183 848 2243 accidit
860 2184 966 2246 audito-
1019 2176 1066 2239 Ἂν
1076 2179 1127 2261 γὰρ
1148 2179 1286 2259 δεξάμενος
1297 2180 1346 2252 τὴν
1363 2180 1534 2241 διδασκαλίαν
1544 2181 1620 2264 πσρδ
1639 2185 1731 2261 σαυτῷ
1740 2205 1792 2241 κα-

248 2276 335 2334 ribus.
352 2275 381 2334 Si
397 2274 469 2333 cnim
478 2272 772 2355 acceptamdoetrinam
781 2275 855 2356 apud
865 2290 891 2337 te
902 2300 965 2339 oon-
1020 2276 1137 2351 τατχῇτ,
1151 2273 1247 2350 μηκὲτῑ
1261 2272 1290 2333 δὲ
1306 2276 1343 2340 εἷς
1362 2273 1464 2355 ἑτέρους
1481 2274 1615 2355 diuidat,
1629 2273 1705 2334 πᾶσά
1718 2277 1794 2345 6ωῆ
1830 2296 1837 2309 ’

247 2366 353 2445 eludas,
375 2388 423 2427 uec
437 2367 466 2425 in
476 2366 545 2427 alios
565 2366 717 2443 diffundas,
735 2381 789 2427 tota
810 2368 861 2428 tihi
882 2369 909 2431 iu
925 2371 966 2431 ni·
1021 2364 1191 2444 πραγματεία
1213 2366 1410 2445 διαῤῥυήσεται.
1431 2366 1485 2427 Aet
1499 2374 1575 2428 τοῦτο
1587 2366 1633 2427 ἐπὶ
1647 2371 1703 2427 τῶν
1714 2368 1795 2448 ἔργα·

247 2459 338 2520 hilum
373 2458 474 2519 recidet
501 2458 656 2538 negotiatio.
676 2460 820 2541 Propterea
850 2460 878 2520 in
909 2463 965 2536 illis
1022 2457 1136 2537 στηρίων
1148 2458 1253 2518 ἐκείνων
1263 2457 1307 2516 διδ
1319 2458 1409 2531 πόσης
1419 2459 1520 2540 ἡμέρας
1530 2459 1631 2520 εἶσοδόν
1644 2484 1675 2519 τε
1685 2459 1732 2520 καὶ
1740 2458 1795 2528 ἔξο-

246 2549 368 2632 quotidie
381 2551 506 2611 videmus
518 2551 638 2611 officinis
651 2551 773 2635 homines
791 2552 862 2613 trltro
878 2553 965 2615 citro-
1022 2551 1419 2633 δονγινομένηνόρῶμεν.Το’ῡτο
1425 2551 1510 2612 τοίνυν
1516 2551 1612 2612 καλίπὶ
1619 2557 1667 2625 τῆς
1675 2553 1796 2612 διδασκα·

248 2665 300 2722 que
315 2663 471 2702 commeare.
485 2643 544 2701 Hoc
560 2643 645 2722 igitur
654 2657 680 2701 et
697 2644 725 2702 in
739 2643 862 2704 doctrina
876 2667 966 2708 serve·
1021 2641 1080 2712 λίας
1092 2642 1213 2722 γινέσθω.
1227 2643 1339 2726 ίίαλγδιρ
1348 2645 1394 2704 καλ
1405 2645 1507 2705 ἐπὶτῶν
1517 2648 1682 2725 τραπεζιτῶν
1690 2644 1794 2705 ἐκείνων

249 2749 303 2794 tor.
318 2733 469 2812 Siquidem
500 2734 575 2814 apud
611 2735 780 2795 numularios
813 2736 875 2796 illos
897 2738 965 2798 alios
1021 2739 1124 2815 δρῶμεν
1150 2733 1211 2803 τοὺς
1232 2734 1279 2813 μὲν
1294 2735 1510 2805 καταὸἄλλοντας
1530 2737 1674 2818 χρήματα,
1695 2736 1795 2805 τοδςδδ

249 2825 373 2885 ridemus
399 2824 526 2906 pecunias
552 2825 731 2902 committere,
754 2827 822 2886 alios
845 2829 966 2922 accipere
1020 2826 1327 2905 λαμόόνονταςεῡθέως,
1341 2827 1387 2889 καί
1400 2828 1538 2900 ἀπιόντας,
1552 2828 1795 2890 καὶτοῦτοδιλπεί·

249 2918 339 2977 statim
352 2931 378 2977 et
393 2917 481 2990 abire,
498 2916 581 2996 idque
600 2932 656 2978 toto
670 2918 715 2978 die
735 2919 795 2979 sieri
808 2920 898 2999 quivis
918 2944 966 3004 po-
1023 2920 1429 3003 σηςὴμίραςγινόμενονίδοιτις
1442 2923 1484 2982 ἄν.
1495 2921 1547 2982 Διδι
1556 2923 1794 2993 ταθτο,καίτοιτῶν

249 3023 300 3069 test
321 3032 435 3070 eernere.
447 3010 517 3070 Hinc
530 3010 571 3084 fit,
583 3026 614 3070 ut
633 3011 757 3089 quamvis
776 3014 892 3093 propria
912 3016 965 3074 mi·
984 3036 1002 3083 Β
1022 3012 1168 3096 χρημάτων
1179 3016 1227 3073 οὐκ
1247 3012 1328 3072 ὄντων
1345 3016 1432 3081 αὐτοῖς
1445 3014 1707 3095 οἰκείων,ἐπειδὴτῇ
1727 3016 1795 3097 χρή-

250 3102 323 3162 nime
336 3102 389 3161 sint
403 3102 458 3160 illis
474 3103 593 3183 pecuniae
601 3147 610 3178 ,
624 3102 689 3181 quia
701 3116 790 3163 umen
804 3104 840 3164 ad
853 3127 892 3181 ea,
907 3129 968 3187 qua
1023 3129 1064 3166 σει
1078 3105 1144 3186 πρὸς
1154 3103 1184 3162 τδ
1197 3103 1254 3164 δέον
1268 3103 1427 3186 κέχρηνται,
1442 3105 1486 3165 διὰ
1497 3111 1550 3165 τῶν
1565 3106 1714 3189 ἀλλοτρίων
1726 3111 1794 3167 ταυλ-

251 3194 397 3256 uocessaria
412 3208 484 3271 sunt,
495 3194 550 3254 illis
565 3209 688 3271 utuntur,
700 3196 818 3256 multum
826 3219 861 3258 ex
872 3199 968 3259 alienis
1022 3195 1071 3269 λὴν
1085 3200 1186 3263 ἑαυτοῖς
1211 3196 1367 3275 συλλέγουσι
1386 3195 1434 3269 τλν
1447 3197 1580 3278 εὐπορίαν.
1593 3195 1677 3257 Οὕτω
1699 3198 1745 3257 καλ
1763 3197 1796 3257 αδ

251 3289 359 3348 lucrum
373 3287 523 3367 colligatur.
536 3288 575 3345 lta
591 3286 635 3346 l'ac
654 3300 684 3346 tu
702 3310 817 3367 quoque.
832 3292 891 3351 Non
906 3308 968 3355 sunt
1023 3287 1143 3359 ποίησον.
1168 3289 1226 3347 Οὐκ
1250 3288 1307 3348 ἔστι
1331 3294 1414 3347 ταῦτα
1434 3288 1467 3347 et
1491 3289 1567 3368 λόγια
1597 3288 1646 3364 σὰ,
1664 3288 1732 3350 ἀλλὰ
1751 3295 1795 3351 τοῦ

252 3394 299 3440 tua
311 3379 369 3438 haee
384 3379 500 3459 eloquia,
516 3378 563 3439 sed
585 3379 704 3460 Spiritus
718 3383 820 3442 saneti:
833 3385 857 3444 si
879 3400 968 3448 umen
1024 3377 1198 3457 Πνεῦματνι·
1221 3381 1280 3439 ἄλλ’
1307 3379 1378 3457 ὅμως
1402 3379 1447 3440 ἐὰν
1470 3380 1582 3460 ἀρίστην
1604 3380 1721 3462 ἐπιδείξῃ
1749 3381 1796 3455 τὴν

251 3473 308 3534 illis
331 3472 415 3553 probe
428 3471 469 3531 uti
485 3471 602 3546 noveris,
618 3473 735 3532 multum
756 3474 806 3534 tibi
828 3477 970 3558 spirituale
1024 3474 1131 3548 χρῆσθαι
1158 3469 1259 3542 πολλὴν
1285 3475 1371 3553 ἑαυτῷ
1393 3471 1509 3541 συνάξετε
1532 3471 1581 3545 vlt
1602 3472 1728 3554 τῑλτῑθρίθιν
1750 3472 1795 3545 τὴν

252 3567 360 3626 lucrum
383 3585 509 3644 congeres
520 3588 527 3621 ε
537 3563 638 3623 idcirco
652 3579 679 3624 et
692 3567 766 3625 Deus
779 3588 829 3630 ros
846 3573 971 3631 numula-
1025 3563 1222 3638 πνευματικήν·
1237 3561 1281 3622 διὰ
1294 3568 1371 3623 τοῦτο
1384 3563 1430 3622 καὶ
1447 3564 1604 3644 τραπεζίτας
1617 3568 1688 3642 ὑμᾶς
1708 3563 1797 3624 exels-

253 3658 308 3718 rios
324 3656 483 3738 appellavit,
497 3656 553 3714 Cur
563 3670 652 3716 autern
668 3679 818 3719 sermonem
828 3664 971 3742 pecuniam
1026 3676 1070 3712 σίν
1082 3659 1096 3713 ὅ
1106 3654 1183 3721 Θεός·
1196 3657 1221 3714 T
1224 3653 1276 3723 lvo<
1298 3654 1325 3714 δὲ
1340 3655 1427 3714 ἕνεκεν
1448 3655 1572 3739 ἀργύριον
1585 3657 1631 3716 τδν
1643 3657 1722 3737 λόγον
1735 3656 1795 3717 διιό-

254 3749 422 3832 appellavit?
434 3749 515 3821 Quod
529 3749 658 3809 nimirum
673 3753 902 3828 quemadmodum
925 3779 972 3838 pe.
1027 3748 1115 3820 λεσεν;
1131 3745 1243 3820 Ἐπειδὴ
1257 3747 1378 3828 καθάπερ
1393 3748 1424 3807 τὸ
1438 3747 1561 3828 ἀργύριον
1580 3749 1625 3808 τδν
1639 3755 1798 3830 χαρακτῆρα

255 3842 334 3902 ουσία
353 3841 469 3921 perfecta
492 3840 563 3919 regis
588 3841 677 3920 effigie
694 3842 822 3922 insignita
844 3860 884 3906 est
899 3848 969 3923 (nisi
1028 3837 1084 3919 ἔχτῑ
1095 3839 1291 3920 amputatio
1305 3839 1349 3898 τὸν
1366 3840 1576 3919 saceraotem
1587 3840 1639 3921 td?
1659 3841 1697 3919 μὴ
1709 3846 1798 3902 τοῦτθ*

256 3935 329 3995 enim
340 3955 399 3993 cam
408 3953 565 4013 expressam
578 3932 687 4007 lrabeat,
698 3937 783 4015 proba
791 3940 905 4018 pecunia
918 3962 972 4001 non
1029 3929 1094 4010 ἔχῃ,
1107 3934 1155 3991 θῦκ
1167 3930 1236 3991 {tw
1253 3931 1376 4012 ἀργύριον
1394 3932 1513 4010 eampo,
1530 3931 1599 3991 ἀλλὰ
1610 3932 1737 4006 κίὸὅηλνν
1748 3957 1798 3993 1⁰¹·

256 4024 359 4100 ost,sed
367 4024 469 4084 dicitur
476 4022 628 4082 adulterina
635 4028 655 4098 )‚
665 4024 704 4083 sic
713 4025 898 4089 etdoctrinam
908 4030 972 4091 fidei
1029 4023 1115 4080 λεῖται
1125 4027 1144 4098 )‚
1163 4021 1232 4082 οὕτω
1257 4023 1303 4083 καὶ
1316 4023 1364 4096 τὴν
1380 4023 1552 4084 διδασκαλίαν
1565 4028 1613 4096 τῆς
1626 4023 1743 4093 πίστεως
1757 4025 1799 4084 τὸν

256 4119 375 4200 figuram
394 4136 426 4175 ae
438 4128 529 4174 notam
552 4115 681 4174 sermonis
707 4131 812 4197 oportet
827 4121 973 4200 perlectam
992 4130 1011 4180 c
1030 4118 1189 4194 χαρακτῆρα
1202 4119 1248 4173 τοῦ
1261 4115 1340 4195 λόγου
1356 4115 1552 4197 ἀπηρτισμένον
1566 4114 1636 4196 ἔχειν
1651 4118 1701 4177 δεῖ.
1716 4118 1801 4178 Πόλιν

256 4214 365 4274 habere.
382 4212 487 4270 Rursus
500 4209 675 4289 pecuniarum
688 4231 753 4270 usus
767 4211 854 4272 vitam
867 4235 974 4275 omnem
1030 4210 1083 4264 τῶν
1105 4205 1237 4287 ἀρ’(νρίων
1250 4212 1268 4278 ἡ
1281 4211 1377 4288 χρῆσις
1399 4217 1488 4267 πᾶσαν
1504 4210 1581 4286 ἡμῶν
1595 4217 1737 4289 συγκρατεῖ
1755 4208 1801 4282 τὴν

256 4317 376 4365 nostram
387 4298 513 4373 eontinet,
523 4311 549 4357 et
562 4312 747 4359 contractuum
760 4302 883 4363 omnium
897 4326 974 4364 occa·
1031 4297 1111 4372 ζωὴν,
1122 4298 1167 4356 καλ
1181 4298 1350 4377 σνμὸαλαίων
1360 4299 1485 4360 ἁπάντων
1496 4297 1617 4366 ludim<
1627 4298 1746 4378 γίνεται,
1756 4301 1802 4360 κᾶν

257 4396 357 4457 sionem
376 4392 492 4474 praebet,
507 4405 533 4450 et
546 4390 639 4450 sensit
653 4392 797 4453 eruendum
811 4395 974 4477 quidpiam,
1032 4392 1161 4471 ἀγοράσαι
1172 4415 1213 4465 τι,
1227 4390 1276 4450 κᾶν
1296 4393 1421 4464 πωλῆσαι
1441 4392 1505 4473 δέῃ,
1520 4391 1564 4451 διδ
1586 4391 1687 4452 τούτων
1698 4393 1803 4455 ἅπαντα

256 4510 304 4549 seu
316 4482 501 4558 vendendum,
512 4505 561 4563 per·
570 4482 619 4542 has
633 4498 728 4543 cuncta
742 4486 906 4566 peragimus.
917 4489 975 4548 Hoc
1031 4483 1194 4563 πράττομεν.
1208 4485 1295 4544 Τοῦτο
1308 4484 1353 4544 καί
1376 4483 1419 4543 ἐπὶ
1438 4489 1485 4556 τῆς
1498 4483 1672 4554 διδασκαλίας
1687 4484 1803 4565 γίνεται·

257 4582 330 4642 idem
345 4580 377 4639 tit
392 4577 421 4637 in
437 4575 577 4653 doctrina,
592 4575 726 4655 siquidem
739 4577 923 4658 spiritualium
930 4602 975 4641 οο-
1031 4575 1148 4656 τῶνγὰρ
1161 4576 1330 4654 ruodoldus
1349 4580 1536 4654 arcuncurtis
1551 4576 1675 4646 ὑπόθεσίς
1690 4579 1805 4640 ἐστικαὶ

258 4673 330 4733 casio
351 4681 537 4730 contractuum
551 4681 577 4726 et
601 4666 681 4727 radix
701 4683 741 4729 est
754 4669 904 4750 spiritualis
918 4673 977 4733 hae
1032 4667 1091 4748 ῥίζα
1101 4668 1131 4727 τὸ
1141 4668 1265 4750 ἀργύριον
1275 4667 1388 4729 ταῦτατὸ
1398 4668 1661 4749 πνευματικόν·δθεν
1672 4669 1723 4730 κᾶν
1733 4671 1806 4750 παρὰ

259 4763 371 4845 μεευυίο
384 4786 390 4819 2
403 4783 457 4841 quo
472 4759 513 4836 fit,
523 4773 554 4819 ut
567 4759 591 4818 si
610 4759 678 4838 quid
691 4783 708 4819 a
722 4763 779 4823 Deo
792 4784 912 4825 coemere
925 4786 977 4826 vo-
1030 4766 1076 4820 τοῦ
1089 4763 1159 4821 Θεοῦ
1171 4784 1197 4819 τι
1210 4763 1379 4839 βουληθῶμεν
1391 4761 1538 4842 ἀγοράσαι,
1552 4761 1596 4822 τδν
1606 4761 1686 4841 λόγον
1698 4767 1749 4834 τῆς
1761 4764 1806 4824 εὖ·

258 4857 399 4927 luerimus‚
409 4866 550 4914 numerato
564 4852 641 4933 prius
653 4875 762 4934 procum
773 4876 904 4931 sermone,
914 4871 976 4917 turn
1031 4857 1082 4931 χῆς
1106 4851 1300 4919 καταόαλόντες
1324 4856 1439 4931 πρῶτον,
1453 4853 1523 4913 οὕτω
1549 4853 1724 4932 λαμόόνομεν
1740 4856 1807 4936 ὅπερ

260 4949 369 5008 demum
396 4945 469 5005 illud
492 4943 674 5024 accipiamus,
701 4945 774 5023 quod
800 4949 976 5026 postulamus.
1032 4946 1166 5022 αἰτοῦμεν.
1181 4942 1238 5005 liin
1249 4944 1361 5024 θδελρδν
1374 4944 1471 5023 ἴδωμεν
1482 4945 1652 5024 ἠμελημένον
1665 4946 1712 5006 καί
1725 4950 1807 5008 ἀτολ-

260 5037 380 5112 Quodsi
398 5037 576 5116 negligentem
602 5036 711 5094 fratrem
733 5036 885 5117 videamus,
898 5053 979 5118 atquc
1031 5036 1154 5116 λόμενον,
1179 5034 1228 5110 τὴν
1252 5037 1386 5119 σωτηρίαν
1410 5040 1489 5097 αὐτοῦ
1511 5038 1688 5120 κερδήσομεν,
1698 5041 1746 5101 καί
1760 5040 1807 5114 τὴν

260 5142 415 5213 pereuntem
424 5172 433 5204 ,
448 5127 470 5185 si
481 5141 618 5205 tamquam
629 5127 772 5208 pecuniam
782 5127 911 5190 doctrina
925 5152 979 5190 ser-
1033 5129 1102 5202 ζωὴν
1116 5128 1279 5209 ἀγοροίσομεν
1296 5129 1340 5190 τὸν
1356 5129 1433 5210 λόγον
1457 5134 1505 5202 τῆς
1526 5131 1700 5200 διδασκαλίας
1721 5157 1807 5193 κατα·

261 5242 368 5283 monem
387 5219 633 5297 numeraverimus,
650 5221 763 5281 salutem
782 5221 867 5302 ipsius
886 5223 978 5284 lucra·
995 5234 1015 5282 n
1034 5222 1181 5288 όείλλοντες.
1208 5222 1255 5282 Διὸ
1276 5222 1330 5303 χρὴ
1346 5221 1414 5300 μετδι
1434 5220 1571 5303 ἀκριθείας
1585 5223 1694 5296 ἁπάσης
1706 5224 1808 5304 aalide·
