3810 6000
349 490 417 544 cult
442 486 477 543 ΙΝ
504 488 644 541 esurus.
672 486 774 552 ACTA,
801 485 878 536 ΠΕ.
906 487 941 535 ΙΝ
967 485 1114 537 autumn.
1141 482 1314 537 ACTORUMr
1341 487 1392 536 tr.
1583 490 1647 563 tot)

104 614 237 676 ἀνάστασιν
257 621 384 697 φανῆναι
407 628 508 678 πᾶσιν·
529 615 569 676 δτι
588 615 616 676 dd
633 617 679 674 οῦκ
699 614 808 692 ἔμελλεν
831 615 879 672 αθ-
929 610 1048 670 lecturus
1065 610 1167 687 fuisset,
1176 613 1462 693 postresurrectionem
1470 612 1648 696 omnibusap

106 707 154 774 τάκ
166 709 376 770 ἐπισπάσασθαι
392 711 483 791 ρανεὶς
502 710 589 775 αὐτοῖς
607 705 677 784 μετά
692 703 742 778 τλν
759 703 878 763 ἀνάστα·
930 723 1024 782 parere
1036 724 1089 762 non
1103 717 1264 764 recusasset:
1280 719 1406 764 caeterum
1420 725 1589 784 nequaquam
1601 724 1649 764 eos

107 818 146 869 ιιν,
159 797 277 858 δείκνυσι
296 799 347 860 διά
361 807 409 860 τοῦ
424 798 556 878 Λαζάρου.
578 799 679 857 Τοῦτον
696 793 748 874 γὰρ
764 791 879 874 τιτρσιί-
931 796 1241 876 sepelireturumfuisse,
1262 798 1284 856 si
1295 810 1354 878 post
1363 796 1584 856 resurrectionem
1591 796 1648 858 illis

108 907 170 965 ρερον
184 887 282 966 νεκρὸν
303 887 479 960 ἀναστήσας,
495 884 627 955 ἀδωδότα,
647 879 817 962 διεφθορότα,
831 879 878 939 καί
929 887 1106 967 apparuisset,
1119 909 1168 969 per
1178 890 1307 947 Lazarum
1321 888 1461 948 indicarit.
1485 890 1553 967 Cum
1574 888 1647 949 enim

109 975 160 1052 und
175 982 228 1036 σῦν
251 985 371 1062 κειριιῦν
387 980 526 1058 δεδεμένον
542 979 655 1049 ποιήσας
674 975 753 1035 αὐτὸν
766 973 877 1043 ἐξελθεῖν
894 997 914 1048 c
930 976 1004 1036 hunc
1013 976 1224 1057 quatriduanum
1230 991 1378 1050 mortuum,
1388 979 1523 1037 foetentem
1536 991 1563 1038 et
1582 999 1646 1038 oor·

108 1066 146 1126 ίιδ
161 1067 207 1136 τὰς
223 1070 366 1129 ἁπάντων
389 1071 480 1152 ἀριις,
502 1073 531 1131 οδ
552 1069 630 1146 μόνον
646 1069 693 1127 οὐκ
708 1065 878 1126 ἐπεσπάσατο
930 1062 1045 1149 ruptuni
1050 1070 1215 1147 suscitasset,
1227 1082 1254 1130 et
1262 1069 1393 1128 effecisset
1403 1083 1432 1128 ut
1443 1069 1542 1149 ligams
1549 1070 1648 1130 institis

109 1159 157 1240 τρίς
174 1159 223 1234 τὴν
242 1161 348 1222 πίστιν
369 1161 483 1237 αῦτοδς,
502 1164 571 1222 ἀλλά
590 1161 637 1221 καλ
646 1158 812 1242 παρώξυνεν·
830 1159 878 1217 ἐ)-
931 1159 960 1218 in
973 1174 1145 1241 conspectum
1154 1161 1276 1220 omnium
1287 1160 1416 1240 prodiret,
1429 1181 1481 1219 non
1490 1160 1648 1221 solumiiios

110 1252 179 1320 θόιτις
188 1253 244 1332 γάρ
258 1255 461 1328 ἠθουλήθησαν
472 1254 519 1336 καί
532 1252 609 1313 «debr
624 1254 725 1312 ἀνελεῖν
737 1250 780 1310 διά
792 1255 877 1309 τοῦτο.
931 1250 966 1310 ad
981 1251 1063 1311 fidem
1077 1273 1130 1312 non
1143 1253 1264 1324 attraxit,
1273 1253 1321 1311 sed
1339 1252 1420 1310 etiam
1448 1251 1583 1311 irritavit:
1600 1274 1647 1313 ve·
1657 1260 1728 1303 ¹01³·
1747 1267 1783 1302 ⁸²·

111 1336 191 1404 birds
213 1345 316 1428 [τερον
331 1347 465 1420 ἀνέστησε
478 1346 524 1406 καλ
538 1348 585 1405 σιἰκ
603 1345 771 1413 ἐπίστευσαν,
786 1343 878 1402 ἑαυτὸν
931 1342 1034 1402 nientes
1057 1343 1129 1402 enim
1157 1344 1247 1423 ipsum
1266 1343 1346 1401 etiam
1365 1343 1515 1403 interficere
1538 1344 1590 1403 bac
1614 1343 1650 1403 de
1661 1331 1698 1366 '⁰‘

53 1466 55 1515 3
110 1437 245 1507 ἀειστιῖσας
267 1442 295 1497 εἰ
310 1437 412 1508 ἔδειξεν
424 1439 527 1511 ἑαυτὸν,
541 1441 588 1497 οὐκ
606 1435 729 1495 ἀνπάλιν
743 1434 878 1514 ἐμάνησαν
932 1455 1012 1493 causa
1025 1434 1180 1495 voluerunt.
1193 1433 1372 1513 Sierrgorum
1385 1434 1651 1496 alterumamortuis

53 1518 58 1583 i
109 1531 152 1586 τοτ’
166 1531 268 1602 atnam
283 1531 384 1590 Εῖκαλ
396 1527 714 1609 μηδλνίμελλονάνόειν,
735 1528 793 1587 ἀλλ’
807 1523 879 1604 ὅμως
931 1525 1082 1600 excitasset,
1103 1546 1156 1585 non
1176 1524 1452 1584 tamen'crediderunt
1469 1549 1475 1582 :
1492 1525 1515 1584 si
1533 1526 1651 1607 seipsum

109 1618 138 1677 ίιά
152 1622 200 1688 τῆς
221 1622 428 1702 ἀπιχειρήσεως
448 1622 558 1700 ἔμελλον
579 1619 693 1680 ἀσεόεῖν.
712 1617 796 1679 Ὥστε
818 1622 879 1697 βου·
932 1617 1552 1696 ostendissetasemetipsosuscitatum‚nonnein
1560 1619 1652 1699 ipsum

108 1713 201 1790 λίμνας
214 1713 319 1780 αἰετοὺς
336 1713 491 1782 ἀπαλλάξαι
506 1711 601 1792 μανίας
614 1715 754 1793 περιττῆς,
766 1710 878 1790 ἔκρυψεν
931 1710 1022 1768 surore
1041 1710 1218 1768 exarsissent?
1231 1708 1351 1768 Tametsi
1371 1707 1440 1767 nihii
1464 1708 1501 1768 ad
1526 1710 1652 1771 effectum

108 1802 202 1863 ίσοτόν·
220 1807 333 1882 μᾶλλον
347 1805 402 1888 γάρ
417 1805 449 1864 ἀν
460 1804 581 1876 ἐποίησεν
595 1801 751 1869 θπευθόνους
761 1801 879 1873 κολάσει,
932 1800 1088 1882 perducturi
1109 1803 1242 1874 fuissent,
1256 1815 1345 1860 tamen
1366 1800 1443 1860 irrito
1464 1815 1559 1860 conatu
1575 1822 1652 1861 suam

108 1895 210 1973 ιίρετά
224 1897 276 1957 τδν
301 1898 420 1979 σταυρὸν
439 1895 531 1976 ἀράνη.
561 1892 614 1954 Διά
636 1899 713 1954 τοῦτο
729 1891 879 1973 φειδόμενος
932 1893 1096 1974 impietatem
1107 1893 1297 1953 exercuissent.
1316 1895 1353 1953 Ut
1362 1893 1447 1972 igitur
1459 1915 1503 1953 eos
1516 1894 1653 1974 superfluo

108 1987 181 2046 ιάιῦν
203 1988 311 2070 ἔκρυψε
337 1987 386 2066 μὲν
412 1988 505 2048 ῖαυτδν
529 1991 560 2048 ἐκ
580 1990 629 2057 τῆς
652 1983 758 2046 ἐκείνων
781 1985 878 2064 ἀρειες·
895 2000 916 2049 lt
932 1986 1022 2044 furore
1047 1986 1191 2060 liberaret,
1212 1984 1331 2064 seipsum
1361 1983 1528 2044 occultavitr
1557 1983 1655 2065 majori

106 2070 175 2148 ίδιιξε
194 2080 224 2139 δὲ
243 2080 295 2139 nt
309 2084 361 2151 τῆς
369 2083 423 2139 τῶν
436 2077 554 2158 σημείων
569 2075 733 2145 ἀποδείξεως.
759 2078 816 2136 Τοῦ
827 2074 879 2155 γάρ
932 2078 1004 2136 enim
1034 2077 1097 2136 illos
1125 2077 1261 2158 supplicio
1281 2077 1414 2137 obnoxios
1433 2076 1615 2150 reddidisset,
1631 2076 1655 2135 si

107 2171 160 2231 ἰδεῖν
178 2174 261 2233 αὐτὸν
286 2173 442 2232 ἀναστάντα
463 2174 511 2231 σι’νκ
522 2171 630 2231 ἔλαττον
646 2161 678 2242 ἦν
696 2174 806 2228 ἀκοῦσαι
821 2168 878 2227 Πί·
932 2182 993 2250 post
1006 2189 1117 2228 crucem
1133 2169 1307 2250 apparuisset
1320 2169 1455 2242 Quocirca
1471 2183 1502 2227 ut
1519 2169 1574 2228 iltis
1592 2191 1655 2250 par·

107 2285 158 2342 τρια
171 2263 314 2340 λέγοντος·
335 2260 385 2320 Ἐν
398 2264 437 2343 τῷ
451 2261 561 2337 ὀνόματι
580 2259 668 2331 Ἰησοῦ
681 2258 796 2335 Χριστοῦ
812 2257 880 2338 ἔγει-
932 2272 1013 2328 oeret,
1034 2256 1153 2338 seipsum
1179 2257 1290 2337 quidem
1310 2258 1346 2317 ab
1369 2259 1454 2318 oculis
1476 2252 1569 2318 eorum
1585 2261 1655 2318 sub-

108 2375 144 2429 ρσι
163 2352 210 2411 καὶ
233 2350 394 2430 περιπάτει.
421 2350 475 2410 Καὶ
495 2350 536 2410 ότι
554 2356 629 2409 τοῦτο
649 2350 818 2417 ἀναστάσεως
831 2373 879 2427 με·
931 2351 1028 2422 traxit,
1041 2350 1090 2410 sed
1100 2350 1180 2409 editis
1189 2364 1278 2410 tamen
1293 2351 1431 2410 miraculis
1442 2351 1559 2432 seipsum
1569 2365 1657 2411 osten·

107 2445 175 2521 γίσιτ,
201 2442 360 2517 ἀπόδειξις,
387 2442 432 2502 καί
457 2441 629 2522 εὐκολώτερον
653 2443 718 2524 πρδς
743 2442 832 2501 πίστιν
858 2441 878 2514 ἢ
931 2440 981 2503 dit.
994 2443 1053 2502 Non
1067 2442 1140 2501 enim
1158 2442 1249 2501 minus
1263 2455 1330 2515 erat,
1346 2464 1426 2519 quam
1441 2443 1463 2501 si
1481 2443 1657 2502 excitatuma

108 2538 183 2594 ίσεῖνο
199 2536 233 2595 td
249 2533 395 2615 πρότερον,
408 2533 455 2593 καλ
473 2537 573 2613 μᾶλλον
590 2533 703 2606 ἠδύνατο
721 2543 812 2613 πεῖσαι
831 2532 880 2600 τάς
934 2533 1049 2592 mortuis
1069 2554 1131 2592 eum
1145 2547 1289 2607 cernerent,
1300 2533 1373 2610 quod
1388 2534 1498 2591 Petrum
1523 2534 1657 2594 dicentem

108 2627 217 2692 διανοίας
237 2629 295 2686 τῶν
316 2624 508 2706 άνθράιπωντδ
526 2635 624 2702 σημεῖα
640 2625 777 2706 ρσίνεσθαι
795 2626 823 2683 ἀν
840 2628 880 2705 τῷ
934 2625 1060 2684 audirent
1074 2629 1130 2684 :In
1156 2629 1273 2684 nomine
1294 2625 1367 2684 Jesu
1391 2627 1503 2685 Christi
1529 2613 1615 2705 surge
1627 2638 1658 2686 et
1667 2639 1721 2685 Aer.
1731 2635 1754 2682 3.
1768 2638 1793 2685 6.

108 2719 212 2796 θνόματι
224 2717 465 2799 αῦτσῦγινόμινα,
478 2716 496 2788 ἢ
510 2718 540 2778 τὸ
552 2719 613 2777 ἰδεῖν
629 2717 707 2777 αάτὸν
720 2715 880 2786 ἀναστάντα,
936 2719 1068 2781 ambula.
1077 2720 1166 2796 Atque
1174 2717 1226 2776 hoc
1246 2716 1355 2795 quidem
1376 2718 1528 2799 plurimum
1541 2718 1658 2778 valuisse
1896 2712 1900 2721 ’

109 2808 179 2879 δῆλαι
191 2810 309 2868 ἐκεῖθεν.
333 2810 442 2882 Ἀνέστη
457 2809 502 2868 καὶ
517 2807 611 2876 ἔδειξεν
625 2807 718 2867 ἑαυτὸν
728 2815 784 2876 τοῖς
794 2812 881 2887 μαθη·
934 2808 969 2869 ad
986 2809 1207 2869 resurrectionem
1219 2807 1421 2882 adstruendam,
1435 2823 1515 2887 atque
1526 2809 1559 2869 ad
1575 2809 1657 2873 fidem

108 2909 159 2967 ταῖς
178 2907 193 2960 ό
213 2900 352 2981 Χριστός·
372 2902 432 2960 ἀλλ’
451 2901 523 2979 ὅμως
537 2901 629 2982 εὑρέθη
644 2925 685 2968 τις
703 2903 823 2961 ἀπιστῶν
836 2898 881 2958 καλ
936 2901 1086 2962 fruendam
1101 2900 1518 2983 pmcliriusquamilludpriru,
1535 2902 1657 2965 facilius·

110 2993 253 3061 θάκείνοις
267 2996 403 3071 Θωμθςδ
420 2993 560 3072 λεγόμενος
573 2991 707 3072 Δίδυμος,
726 2991 772 3053 καλ
788 2992 881 3066 ἀδιήθη
899 3010 921 3060 ι
937 3017 990 3075 que
1004 2993 1141 3054 mentibus
1152 2993 1290 3054 hominum
1298 2994 1458 3076 persuadere
1475 2994 1595 3076 potuisse
1601 2995 1658 3055 mi·

110 3089 149 3143 τοῦ
160 3083 210 3152 τάς
223 3092 322 3166 χεῖρας
337 3087 494 3164 εἰσενεγκεῖν
509 3087 545 3152 εἶς
553 3082 614 3152 τοῦς
623 3082 721 3152 τόπους
731 3088 785 3143 τῶν
799 3083 881 3156 ἥλων·
936 3084 1039 3158 reoda,
1053 3105 1113 3163 quae
1127 3084 1157 3143 in
1170 3085 1231 3166 ejus
1248 3085 1359 3145 nomine
1378 3085 1448 3145 iacta
1468 3086 1657 3164 cernebantur,

113 3176 199 3249 ίάινίθτ,
220 3175 251 3235 dd
272 3174 322 3235 καλ
341 3174 389 3248 τὴν
407 3173 525 3254 πλευρὰν
545 3179 623 3235 αὐτοῦ
644 3181 819 3254 καταμαθεῖν.
848 3176 884 3235 Et
935 3199 1017 3257 quam
1038 3177 1090 3236 sia
1111 3177 1226 3236 mortuis
1247 3178 1394 3237 excitatum
1418 3176 1497 3238 illum
1513 3178 1656 3255 vidissent,

113 3267 162 3327 δίό
181 3266 309 3346 μαθητὴς
328 3269 426 3334 ἐκεῖνος
441 3271 538 3348 δτρεῖς
550 3266 657 3348 χρόνους
669 3267 809 3348 διατρίψας
824 3271 882 3347 μετ’
936 3269 1000 3330 inde
1010 3269 1151 3329 constabit.
1167 3268 1335 3344 Resurrexit,
1345 3283 1371 3329 et
1382 3271 1500 3353 seipsum
1516 3271 1658 3352 discipulis

112 3361 203 3432 σῖτοῦ,
224 3363 240 3418 ό
260 3357 397 3439 τραπάζης
419 3360 576 3430 δεσποτικῆς
597 3358 779 3435 κοινωνήσας,
800 3363 883 3433 θαη-
938 3362 1064 3423 Christus
1080 3361 1218 3421 ostendit:
1238 3359 1285 3421 sed
1304 3360 1429 3422 inventus
1445 3377 1484 3423 est
1507 3377 1595 3423 tamen
1607 3363 1734 3422 ali-toan.
1753 3391 1793 3423 νο.

114 3459 169 3525 ρεῖα
188 3449 237 3508 καλ
258 3448 361 3531 τίρατα
386 3449 545 3527 θεασάμενος
565 3450 696 3529 μέγιστα,
719 3455 734 3510 δ
757 3451 884 3531 ῥημάτων
937 3455 998 3533 quis
1008 3469 1034 3513 et
1045 3453 1180 3513 interillos
1190 3451 1346 3512 incredulus
1354 3453 1486 3530 Thomas,
1499 3455 1545 3533 qni
1556 3435 1705 3513 dictord·
1717 3454 1766 3497 Ἢ·

115 3542 273 3601 ermenus
294 3539 456 3620 μετασχὼν,
480 3541 526 3600 καὶ
549 3542 611 3602 ἰδὼν
629 3543 708 3603 αάτδν
724 3542 883 3617 ἀναστάντα,
937 3545 1087 3627 Didymus,
1103 3557 1129 3604 et
1143 3563 1213 3626 opus
1226 3543 1267 3603 illi
1280 3543 1340 3618 suit,
1352 3544 1421 3603 utin
1437 3545 1552 3624 figuram
1566 3544 1656 3603 clavo-

115 3632 286 3714 ἀτράτιρον
308 3632 472 3706 ἐπίστευσεν,
492 3633 542 3700 ἕως
564 3632 608 3694 ότι
630 3635 691 3701 τοὺς
709 3634 807 3703 τόσους
830 3638 883 3694 τῶν
937 3661 999 3698 rum
1018 3656 1116 3697 manus
1129 3636 1339 3716 inferretropus
1352 3635 1415 3709 suit,
1431 3649 1461 3693 ut
1477 3650 1502 3694 et
1515 3636 1586 3694 latus
1599 3637 1656 3716 ejus

115 3722 179 3794 ίλεσν
193 3724 241 3783 καί
260 3727 312 3795 τῆς
334 3722 433 3804 λόγχης
451 3724 487 3784 τά
505 3725 647 3807 τραύματα
662 3717 728 3785 εἶδε·
743 3729 828 3798 πῶςὴ
843 3729 882 3786 οἰ·
899 3781 923 3822 n
936 3727 1066 3810 palparet.
1088 3725 1203 3801 Quodsi
1216 3725 1367 3807 discipulus
1386 3726 1442 3801 ille,
1455 3728 1501 3806 qui
1522 3741 1576 3786 tres
1593 3748 1656 3787 cum

117 3815 224 3893 ισεμάνη
237 3814 374 3875 πιστεύειν
394 3814 512 3892 ἔμελλεν,
531 3817 589 3877 cirri
606 3842 672 3896 μοι,
689 3809 882 3878 εἰείδεναῦτὸν
900 3836 921 3883 Α
938 3821 985 3880 ilio
1007 3841 1091 3880 anuos
1120 3816 1256 3899 exegerat,
1277 3819 1325 3898 qui
1358 3817 1499 3879 dominica
1522 3821 1656 3901 particeps

117 3908 282 3981 ἀναστάντας
306 3908 360 3967 Καί
378 3906 418 3974 τίς
438 3908 470 3967 θν
487 3909 670 3983 retrusissem
688 3913 747 3970 Οὐκ
766 3915 883 3971 ἀντεῦθεν
936 3913 1141 3988 mensaesuerat,
1154 3909 1202 3990 qui
1221 3909 1296 3991 signu
1307 3925 1480 3993 conspexerat
1490 3926 1516 3972 et
1530 3912 1658 3992 prodigia

118 3998 141 4057 δὲ
164 3999 255 4076 μόνον,
279 3997 349 4058 ἀλλά
368 3997 414 4057 καί
433 4000 557 4079 ίτίρωθεν
575 4000 702 4080 δείξομεν,
722 4001 763 4061 ότι
782 4005 883 4079 μάλλον
936 4004 1065 4079 maxima,
1081 4001 1129 4082 qui
1149 4001 1301 4083 loquentem
1318 4001 1558 4078 illumaudiverat,
1573 4005 1655 4064 etiam

119 4091 198 4149 ίιιιθε
209 4090 245 4150 τά
255 4098 357 4168 σημεῖα
369 4097 415 4150 τοῦ
426 4090 569 4151 θεάσασθαι
582 4096 641 4151 κατ’
653 4093 712 4172 ἀίειν
723 4093 882 4153 ἀναστάντα.
937 4115 1000 4154 cum
1023 4095 1102 4154 illum
1127 4115 1144 4155 a
1157 4093 1272 4153 mortuis
1291 4093 1440 4154 excitatum
1462 4095 1652 4177 videret‚2non

118 4179 287 4247 ’ἀκούσαντες
308 4179 361 4263 γάρ
384 4186 408 4241 οἱ
428 4183 504 4263 ὄχλοι
517 4191 563 4243 τοῦ
576 4183 680 4264 Πέτραν
693 4187 733 4264 τῷ
746 4188 826 4264 χωλῷ
841 4184 884 4242 λά·
936 4186 1013 4267 prius
1026 4184 1152 4259 credidit,
1165 4205 1248 4264 quam
1267 4185 1383 4264 figuram
1406 4186 1544 4247 clavorum
1554 4200 1579 4245 ct
1593 4186 1653 4246 lan·

118 4296 215 4350 γαντσς·
229 4273 280 4332 Ἐν
288 4272 401 4351 ὀνόματι
411 4274 499 4346 Ἰησοῦ
513 4276 629 4354 Χριστοῦ
640 4274 739 4356 ἕγειραε
750 4276 796 4335 καί
809 4299 884 4355 περι·
937 4299 988 4337 ceae
1003 4277 1115 4336 vulnera
1127 4276 1268 4356 conspexit
1283 4300 1290 4333 ι
1305 4277 1448 4355 quomodo,
1462 4300 1561 4357 quaeso,
1581 4292 1654 4337 totus

118 4364 204 4439 τάσει,
225 4365 373 4444 τρισχίλαι
391 4364 548 4426 ἐπίστευσαν
562 4366 610 4427 καί
623 4368 883 4449 πεντακισχίλιοιτῷ
937 4367 1010 4425 orbis
1029 4379 1162 4424 terrarum
1189 4363 1342 4426 crediturus
1359 4379 1426 4443 erat,
1452 4366 1474 4425 si
1507 4363 1654 4426 excitatum

118 4456 220 4537 Χριστῷ
239 4457 348 4535 ἀνδρες·
371 4455 561 4535 όδάμαθητὴς
576 4459 639 4517 iubs
655 4461 805 4519 ἀναστάντα
818 4459 884 4530 virri-
936 4455 1505 4535 illumamortuisconspexisseti’Quishoc
1525 4481 1654 4540 umquam

117 4571 216 4621 οιησεν.
237 4546 324 4628 Ὁρᾷς
345 4551 401 4614 πῶς
423 4554 501 4608 τοῦτο
514 4550 688 4631 εὐκολώτερον
703 4551 803 4628 μᾶλλον
818 4551 883 4631 πρὸς
935 4548 1026 4608 dicere
1044 4547 1270 4626 audeatiNeque
1293 4569 1358 4607 vero
1382 4548 1447 4608 inde
1471 4564 1587 4628 tantum,
1605 4552 1654 4612 sed
1685 4556 1802 4632 ”inputo-

116 4640 159 4712 τὴν
172 4644 222 4713 τῆς
237 4637 408 4706 ἀναστάσεως
420 4639 511 4699 πίστιν
522 4664 530 4713 ;
554 4642 659 4702 Ἐκεῖνο
681 4642 728 4718 μίν
743 4643 796 4724 γάρ
809 4643 855 4702 καί
868 4647 883 4702 δ
937 4640 1017 4699 etiam
1038 4639 1149 4698 aliunde
1160 4639 1291 4698 constabit
1311 4640 1374 4719 pius
1387 4639 1421 4699 ad
1435 4641 1652 4722 persuadendum
1661 4623 1804 4739 ss'f'sshxffl

116 4732 205 4798 tini«
226 4727 350 4808 μαθητὴς
374 4729 436 4789 ἰδὼν
457 4731 607 4804 doiorum·
632 4738 717 4792 ταῦτα
737 4734 765 4792 δά
790 4735 836 4792 καὶ
859 4736 883 4794 oi
937 4731 1012 4811 signa
1027 4731 1153 4803 valuisse,
1171 4751 1254 4809 quam
1272 4731 1295 4789 si
1315 4748 1495 4812 resurgentem
1518 4736 1604 4796 oculis
1624 4742 1679 4798 sen
1682 4758 1758 4786 rrrrrr
1761 4748 1805 4787 ¹³⁰-

116 4821 200 4902 ίχθρελ
218 4821 379 4897 θεασάμενοι
399 4821 566 4882 ἐπίστευσαν.
594 4823 675 4884 Οὕτω
699 4828 787 4904 μεῖζον
807 4830 884 4885 τοῦτο
937 4820 1111 4902 spectandum
1123 4821 1290 4901 praebrrisset.
1310 4823 1378 4881 Cum
1399 4825 1469 4885 euim
1485 4828 1594 4887 Petrum
1604 4850 1652 4888 au·
1662 4820 1723 4850 Μ’

117 4911 209 4972 ἐκείνω
224 4911 272 4972 καί
285 4910 458 4993 σσρόστερον,
473 4914 518 4972 καὶ
530 4917 630 4992 μᾶλλον
644 4916 738 4985 αὐτοὺς
750 4920 885 4977 ἀπεσπᾶτο
938 4913 1036 4972 diisent
1054 4912 1141 4972 turbae
1153 4910 1249 4970 claudo
1264 4911 1363 4990 dicere,
1379 4918 1417 4973 ln
1440 4922 1558 4977 nomine
1582 4922 1791 4988 lemarum.

119 5005 159 5064 ιιαλ
181 5006 266 5065 incus
289 5005 358 5087 πρὸς
381 5007 431 5078 τὴν
451 5007 604 5068 ἀνάστασιν.
628 5010 682 5069 Καὶ
705 5010 732 5069 τί
753 5011 823 5087 λέγω
839 5009 884 5070 τδν
902 5030 920 5077 n
941 5008 1050 5066 Christi
1064 5025 1148 5084 surge
1162 5016 1192 5062 et
1213 5005 1345 5080 ambula,
1361 5006 1412 5064 tria
1433 5007 1519 5068 millia
1534 5025 1561 5070 et
1575 5013 1656 5091 quin-

120 5099 231 5172 θιιρθν,
245 5096 309 5157 Ὅτι
323 5097 378 5178 γάρ
391 5097 452 5158 σθδά
469 5101 592 5159 σίλοειςοὶ
605 5102 722 5180 μαθηταὶ
735 5103 886 5186 lenm
940 5117 993 5175 que
1006 5096 1091 5155 millia
1105 5096 1226 5157 uirorum
1249 5095 1357 5154 Christo
1371 5098 1598 5163 credideruntzet
1614 5106 1658 5165 di·

123 5189 197 5266 ὂψεως
207 5188 354 5262 ἐπίστευον,
369 5189 484 5249 άκαεσον
496 5197 634 5273 νουνεχῶς.
658 5194 738 5254 Ἀλλά
751 5194 788 5272 μνλ
803 5218 886 5255 κατα·
941 5193 1061 5275 scipulus
1071 5215 1131 5252 cum
1142 5191 1298 5252 suscitatum
1306 5191 1657 5270 vidissetincredutustuit.

125 5282 184 5358 tritt
195 5283 287 5359 αὐτῶν,
301 5280 447 5362 ἀγαιιητί·
467 5284 491 5342 εἰ
503 5281 556 5363 γάρ
567 5288 582 5343 θ
594 5285 709 5365 Χριστός
724 5288 754 5347 οὗ
767 5285 886 5367 κατέγνω
943 5283 1029 5350 Vides
1048 5283 1137 5365 aptius
1153 5281 1189 5344 ad
1201 5281 1283 5343 fidem
1294 5282 1444 5346 faciendum
1460 5290 1663 5353 resurrectionis
