3764 5992
21 4259 44 4320 ρ.

12 4676 33 4704 ι.
47 4658 69 4704 5.

117 402 189 475 356
437 424 467 472 s.
494 423 634 472 rotnurs
659 419 840 469 cnuusosr.
870 417 1027 466 tucnrer.
1055 412 1328 468 cousrtuttttor.

116 546 264 626 nequitiam
278 545 430 627 apologiam
445 545 498 605 sibi
514 545 570 603 fore
587 556 691 624 putant.
706 541 760 602 Sed
777 560 831 599 non
885 540 983 608 οἰκείας
1006 539 1112 600 ἔσεσθαι
1133 539 1262 622 πονηρίας
1274 545 1321 600 τοῦ
1341 538 1401 618 parri

115 639 177 697 talis
190 650 246 697 erat
258 637 352 696 beatus
372 636 419 695 ille
437 635 494 711 νίας
511 633 622 714 optabat
629 633 730 713 quippe
743 631 831 692 votis·
885 630 934 701 τὴν
947 629 1052 690 κακίαν.
1062 630 1132 690 Ἀλλ’
1144 632 1218 710 οὐχί
1230 621 1401 711 μακάριοςοῧ

117 749 169 806 que
185 727 311 787 omnibus
321 725 456 807 cupiebat,
468 739 499 782 ιιι
508 725 587 803 longe
595 723 700 782 meliori
717 721 831 803 imperio
884 720 1011 791 ἠίουλειο
1025 721 1071 780 καί
1083 721 1180 802 ηὔχετο
1200 720 1246 779 καί
1265 719 1391 800 ἐπεθύμει

115 817 267 876 fruerentur
276 841 283 874 t
293 829 366 876 tanto
376 815 477 874 scilicet
487 835 577 874 amore
585 814 736 886 tenebatur,
749 834 832 892 usque
886 812 980 878 αὐτοὺς
992 814 1144 872 ἀπολαῦσαι
1155 817 1202 885 τῆς
1212 811 1395 894 προστασίας·

114 907 181 968 adeo
192 908 393 988 livorisexpers
404 919 471 981 erat,
480 919 506 965 et
516 927 531 964 a
541 927 611 967 vana
622 905 708 985 gloria
718 904 830 963 alienus.
885 894 934 976 ἦν,
948 902 1017 963 οὕτω
1031 903 1124 984 ρδόνου
1139 902 1272 984 καθαρὸς,
1286 901 1356 962 οὕτω
1368 927 1401 963 ac

114 1000 256 1079 Siquidem
276 1020 361 1059 unum
382 1011 484 1057 tantum
498 998 649 1078 expetebat,
665 1017 761 1077 nempe
776 997 830 1055 ho-
884 995 988 1070 γμίνος.
1007 995 1101 1054 Καίτοι
1118 1017 1149 1072 γε
1169 994 1198 1052 ἓν
1220 993 1299 1072 μόνον
1317 994 1401 1066 ἐζήτει

113 1092 218 1151 minum
232 1090 352 1149 salutem.
369 1089 433 1149 Ideo
449 1089 644 1150 indefensione
659 1110 708 1148 sua
726 1086 829 1169 princi-
883 1087 933 1159 τὴν
952 1084 1094 1167 σωτηρίαν.
1109 1085 1308 1146 nuzuncurt
1325 1086 1371 1145 τδν
1392 1090 1401 1144 ι’

111 1183 154 1263 pis
164 1180 254 1240 officia
264 1179 435 1261 depingebat.
448 1180 521 1252 Quia
531 1180 613 1256 euim,
624 1179 648 1238 si
658 1200 748 1260 regem
758 1173 829 1238 ¹corrr-
882 1182 915 1256 τῇ
938 1181 998 1237 καθ’
1019 1177 1110 1236 ἑαυτὸν
1132 1174 1285 1257 ἐρρύθμιζον
1308 1179 1401 1251 dacia

111 1273 237 1353 peliassct
256 1293 288 1332 ac
305 1271 428 1345 dixisset,
443 1270 510 1330 Esto
526 1291 630 1350 aqum,
651 1284 827 1341 mansuetus,
882 1269 913 1328 τὸ
926 1268 974 1347 μὲν
987 1268 1099 1329 καλίααι
1116 1269 1161 1328 τδν
1177 1267 1289 1347 βασιλέα
1302 1267 1349 1327 καὶ
1361 1271 1401 1328 εἰσι

111 1363 269 1423 muneribus
281 1363 441 1443 impervius,
459 1361 560 1421 nemini
573 1360 632 1422 vim
647 1361 756 1438 inferas,
778 1382 828 1420 ne·
845 1375 865 1424 c
884 1363 929 1420 καί
944 1359 1049 1441 μέτριος
1070 1359 1116 1419 καὶ
1136 1359 1351 1439 ἀδωροδόκητος,
1371 1384 1401 1419 κο

111 1454 212 1514 minem
224 1453 319 1529 ladas,
336 1452 382 1512 vel
392 1452 545 1527 defraudes,
559 1473 643 1532 grave
657 1451 729 1511 illud
741 1453 828 1512 mole·
884 1448 951 1527 μηδὲ
967 1448 1069 1520 ιἰδίκει,
1081 1447 1149 1526 μηδὲ
1162 1448 1331 1522 πλιονίκτει,
1343 1472 1401 1530 popu

112 1559 236 1623 stumque
246 1541 487 1616 fuissetaudienti3
499 1542 522 1601 si
534 1543 658 1602 tacuisset
668 1543 741 1618 item,
758 1542 829 1602 illud
882 1538 992 1620 χδὲςτῷ
1007 1538 1130 1617 μέλλοντι
1141 1544 1226 1598 ταῦτα
1237 1539 1360 1600 ἀκούειν·
1372 1539 1401 1599 ci

111 1647 167 1693 erat
179 1633 312 1715 populum
325 1632 438 1714 prodere
454 1633 634 1693 :defensionis
649 1634 737 1714 specie
755 1635 828 1694 utri-
882 1630 1010 1709 προδοσία
1027 1638 1073 1690 τοῦ
1089 1631 1173 1709 δήμου
1195 1629 1314 1710 ἐγίνετο·
1330 1632 1357 1689 ἐν
1380 1635 1401 1691 ἃ·

112 1750 164 1807 que
184 1729 333 1789 remedium
357 1728 500 1789 adhibuit:
511 1728 591 1788 illum
607 1728 710 1810 quiippe
733 1729 827 1790 docuit
883 1744 948 1800 μαῐῑ
966 1720 1102 1802 ἀμφότερα
1119 1726 1203 1780 ταῦτα
1216 1719 1393 1803 κατώρθωσεν

112 1840 192 1899 quem
212 1833 345 1900 oporteret
366 1840 424 1879 esse
443 1840 544 1899 νοςοιο,
567 1819 683 1898 talisque
700 1821 828 1881 doctrinae
882 1817 970 1872 ὁποῖον
981 1803 1048 1871 εἶναι
1060 1811 1114 1893 χρὴ
1130 1813 1174 1871 τὸν
1188 1811 1401 1890 institissem

111 1911 261 1971 molestiam
280 1911 386 1990 effugit.
409 1911 446 1970 Et
464 1910 574 1989 quidem
586 1911 694 1972 videtur
714 1913 761 1971 ille
777 1933 827 1993 pro
883 1903 989 1963 δᾶσκειν
1010 1903 1153 1983 inflixisset
1167 1903 1257 1983 ἔφυγε.
1274 1903 1329 1962 Καὶ
1349 1905 1401 1964 iou

112 2003 169 2063 suis
193 2016 299 2062 tantum
326 2002 406 2062 rebus
430 2001 600 2083 disceptare,
627 2002 758 2083 docetque
785 2004 828 2062 in·
883 1999 942 2055 καθ’
957 1995 1050 2055 iussit
1064 1993 1256 2074 ἆγωνῖίῑσθαῑ·
1275 1995 1397 2055 παιδεύει

112 2094 191 2152 terim
211 2093 289 2152 illum
311 2113 365 2170 quo
384 2091 464 2153 modo
477 2114 566 2172 quave
582 2095 684 2154 ratione
703 2095 828 2154 subdito·
882 2088 927 2146 καί
937 2086 990 2146 τίνι
1006 2085 1097 2168 τρόπῳ
1106 2091 1159 2145 τῶν
1172 2087 1328 2168 ἀρχομένων
1339 2089 1401 2167 inqu

112 2205 174 2243 rum
200 2205 293 2245 curam
316 2203 407 2264 gerere
430 2196 563 2265 oporteat.
591 2185 637 2245 Tu
660 2207 725 2247 vero
759 2186 828 2246 mihi
883 2177 912 2237 δέ
925 2202 970 2257 μοι
990 2177 1155 2243 eximatis
1169 2179 1236 2254 μετὰ
1257 2178 1394 2256 ἆκρῑὸεἷας

111 2274 247 2357 perpende
262 2273 396 2353 quomodo
417 2295 445 2334 se
463 2274 608 2355 diligenter
629 2278 703 2353 omni
719 2298 829 2338 munere
882 2272 974 2331 ἑαυτὸν
987 2268 1068 2337 ἔδειξε
1080 2267 1240 2346 λημμάτων·
1260 2267 1330 2328 θῦδί
1348 2269 1401 2350 γὰρ

111 2388 212 2448 purum
225 2387 281 2426 esse
298 2368 470 2428 demonstret.
490 2367 550 2426 Non
563 2368 636 2427 enim
648 2368 733 2444 dixit,
754 2370 827 2429 Num
846 2379 865 2425 tt
881 2387 950 2429 τινος
964 2365 1038 2442 ὑμῶν
1053 2361 1166 2432 ἕλαὸῡνί
1191 2358 1229 2439 μὴ
1242 2358 1401 2441 χρυσίονὶᾶ

111 2478 190 2537 agros
201 2458 354 2540 cujuspiam
367 2470 486 2519 vestrum
497 2457 621 2516 ahstuli?
634 2480 699 2518 num
714 2461 829 2520 aurum?
882 2456 1033 2536 τελίστερον
1050 2448 1093 2529 ἦν,
1111 2454 1148 2534 μὴ
1159 2454 1303 2532 ὕπόδημας
1317 2455 1401 2534 φησίν4

111 2549 160 2610 sed
175 2549 250 2628 quod
272 2550 395 2609 omnium
415 2549 580 2609 vilissimum
593 2563 658 2627 erat,
681 2552 754 2611 Num
775 2552 829 2611 aal-
883 2553 978 2609 ἑαυτοῦ
998 2546 1100 2620 πολλὴν
1121 2552 1187 2625 ἡμῖν
1206 2547 1339 2618 ἐδιίλιοαεν
1360 2549 1401 2628 dp

112 2642 210 2702 ceum?
228 2641 325 2721 inquit.
353 2642 458 2701 Deinde
471 2641 553 2701 aliam
574 2663 687 2721 eamque
703 2664 829 2724 magnam
883 2639 976 2700 πολλοί
987 2644 1040 2698 τῶν
1054 2638 1199 2720 ἀρχόντων,
1210 2636 1275 2696 ὅταν
1289 2637 1337 2716 μὲν
1352 2637 1402 2697 κλί

114 2732 244 2793 virtutem
257 2755 333 2793 suam
344 2733 479 2815 patefecit.
493 2733 565 2805 Quia
577 2733 649 2793 enim
660 2735 740 2793 multi
754 2735 829 2816 prin·
884 2736 935 2792 εἰσι
948 2732 994 2792 καί
1008 2730 1110 2810 μίτριοι
1126 2729 1336 2809 καδπροοηνεῖς,
1346 2733 1396 2789 οὐκ

112 2824 195 2904 cipes,
204 2823 272 2882 dum
281 2824 413 2898 iurantur,
424 2823 554 2883 mansueti
566 2838 629 2884 sunt
639 2837 665 2883 et
676 2824 807 2885 moderati
818 2870 828 2903 ,
883 2823 933 2897 σλν
947 2822 1065 2902 ἀνάγκην
1078 2828 1124 2882 τοῦ
1135 2820 1290 2894 συνειδότος,
1303 2823 1334 2880 ίκ
1343 2823 1398 2878 τῶν

112 2935 165 2975 non
177 2927 270 2994 suapte
278 2928 383 2988 natura,
394 2913 441 2974 scd
452 2928 561 2994 cogente
570 2915 741 2991 conscientia,
752 2918 827 2995 quod
884 2914 1013 2996 ῃρημίνοι
1022 2913 1071 2986 riu
1085 2911 1257 2993 παρρησίαν·
1271 2917 1296 2971 oi
1310 2911 1337 2972 δὲ
1354 2913 1401 2973 eto

113 3004 214 3064 scilicet
226 3005 281 3065 illis
297 3004 446 3064 admissum
463 3005 568 3064 turtum
581 3005 712 3066 fiduciam
726 3008 804 3068 tollat
820 3035 827 3068 :
885 3008 926 3068 xci
943 3006 988 3066 καὶ
1007 3009 1142 3085 ἐπαχθεῖς,
1153 3003 1211 3064 οὐδὲ
1225 3004 1300 3063 αὐτοὶ
1313 3004 1395 3063 πάλιν

113 3107 204 3154 contra
217 3116 280 3156 vero
290 3096 338 3174 qui
348 3116 458 3154 munera
471 3110 638 3176 evomantur,
651 3098 758 3158 molesti
768 3120 831 3159 one·
885 3097 954 3167 τινδς
971 3094 1117 3165 κενοδοξίας
1137 3095 1184 3155 καὶ
1206 3102 1254 3155 τοῦ
1268 3096 1382 3176 καδαροὶ

113 3184 221 3264 rosique
230 3199 361 3260 sunt,ncc
372 3185 425 3266 ipsi
435 3200 529 3266 suapte
539 3200 645 3264 natura,
658 3187 706 3248 sed
717 3210 752 3249 ex
763 3212 832 3269 qua-
886 3189 1023 3271 ἀμφότερα
1046 3186 1073 3247 δὲ
1087 3188 1134 3246 οὐκ
1157 3186 1190 3246 ἄν
1208 3210 1249 3252 τις
1264 3184 1315 3245 ίδοι
1336 3185 1401 3267 ραδίι

112 3275 177 3336 dam
190 3298 259 3337 vana
271 3277 369 3356 gloria,
379 3290 405 3336 et
416 3277 491 3357 quod
498 3279 656 3340 muneribus
664 3281 743 3342 vacui
754 3283 808 3342 sint
821 3306 828 3340 ι
887 3281 933 3341 ἕνα
945 3305 951 3318 ·
965 3279 1046 3348 δεῖξαι
1062 3277 1219 3358 βουλόμενος
1232 3282 1247 3336 δ
1261 3278 1335 3357 ipso(
1346 3268 1401 3336 oder

114 3382 227 3448 utraque
242 3382 333 3429 autem
355 3369 469 3429 malain
483 3392 537 3431 uno
551 3391 709 3431 concurrere
721 3395 775 3433 non
793 3376 832 3434 fa-
851 3387 869 3434 e
887 3371 1061 3451 περιεγίνετο,
1075 3371 1120 3429 καί
1130 3369 1280 3447 λημμάτων
1292 3368 1398 3446 ἐκράτει

114 3460 166 3521 uile
178 3460 287 3521 videas:
300 3482 363 3520 eum
373 3461 510 3521 ostendere
519 3462 601 3524 veltet
609 3464 653 3522 vir
663 3463 833 3541 illesanctus,
887 3463 935 3536 Μὴ
951 3463 1050 3543 μόσχον
1064 3461 1133 3527 τινὸς
1153 3465 1228 3537 ὑμῶν
1249 3458 1361 3539 εἴληφας
1378 3459 1401 3517 oi

113 3574 142 3612 se
160 3567 187 3613 et
209 3553 367 3614 muneribus
386 3566 412 3612 et
426 3552 468 3613 ira
486 3554 651 3637 superiorem
669 3555 762 3632 fuisse,
785 3558 832 3618 ubi
887 3555 1038 3635 ἐπήγαγεν,
1050 3549 1090 3612 Ἦ
1104 3549 1330 3610 κατεδυνιίστευσαί
1344 3572 1401 3608 τινα

113 3643 237 3720 dixisset,
247 3647 327 3705 Num
339 3646 468 3705 uitulum
480 3647 635 3727 cujusdam
647 3660 777 3709 uestrum
785 3671 834 3709 aa.
888 3671 938 3718 σας
965 3649 1035 3704 τοῦτ’
1058 3644 1143 3714 ἔστιν,
1170 3640 1293 3722 ἐξέδλιψα
1301 3652 1314 3713 ;’
1337 3639 1377 3700 ⁶0
1399 3671 1401 3692 ι

115 3740 200 3815 cepi?
213 3757 266 3796 11⁰⁰
279 3736 373 3808 tacuit,
391 3734 438 3796 sed
451 3735 606 3817 subjunxit,
623 3738 689 3798 Aac
707 3744 835 3821 oppressi
887 3742 959 3798 ἐστιν
970 3761 977 3775 ·
987 3735 1070 3802 οὐδεὶς
1080 3733 1112 3794 ἂν
1123 3734 1179 3814 ἔχοι
1190 3738 1268 3792 τοῦτο
1278 3731 1401 3804 είπεῖν,δ“

114 3830 278 3905 quempiam
290 3839 432 3900 uestrum,
446 3839 499 3887 aut
508 3829 656 3909 depressi?
670 3828 699 3888 id
710 3844 758 3905 est,
769 3852 834 3890 con-
888 3828 978 3900 ἐπειδὴ
993 3829 1021 3888 δὲ
1035 3830 1083 3886 οὐκ
1093 3827 1198 3899 ἔλαὸον,
1211 3825 1334 3906 ρορτικδς
1346 3827 1401 3904 ἐγεν

114 3911 190 3974 trivi.
214 3911 301 3991 Hujus
311 3933 392 3992 porro
405 3912 472 3972 dicti
481 3934 575 3975 sensus
589 3928 649 3975 est:
670 3918 754 3977 Nemo
764 3916 835 3978 illud
888 3921 934 3980 καὶ
946 3920 1017 3998 ὠμδς
1033 3918 1079 3977 καὶ
1091 3917 1190 3996 ἄγριος.
1210 3915 1262 3974 Διὰ
1281 3921 1358 3974 τοῦτο
1374 3913 1401 3974 ἔλ

115 4005 206 4064 dicere
219 4004 311 4086 possit,
331 4007 405 4084 quod
422 4028 476 4066 non
489 4009 638 4090 acceperim
651 4010 770 4089 quidem,
786 4011 835 4072 sed
888 4010 1018 4073 νιίστευσοί
1030 4033 1089 4069 τινα
1100 4010 1192 4086 {apim
1207 4007 1243 4066 Τί
1254 3997 1298 4065 οὖν
1310 4010 1401 4067 ἐκεῖνον

116 4093 244 4172 quianon
256 4115 419 4175 acceperam,
431 4095 492 4154 ideo
503 4097 604 4175 gravis,
621 4099 759 4173 molestus,
771 4121 835 4160 cru-
889 4126 998 4171 ατευσας
1009 4107 1091 4180 ἡμᾶς,
1105 4097 1165 4158 οὔτε
1174 4097 1319 4171 ἐξεπίεσας,
1335 4097 1394 4157 ottt

8 4205 55 4252 ις.
70 4184 835 4267 ιηάείίεσῑίιιιιειοιιίοίιιοιίιιι.Ρεοριοοεεδίοεδοιιίίαηι
888 4201 965 4276 ἡμῶν
985 4194 1067 4255 οὐδέν.
1091 4191 1145 4252 Καὶ
1166 4191 1329 4270 irrepsitque,
1351 4189 1392 4249 δτι

116 4280 244 4357 oppressi
253 4279 415 4356 quempiam
428 4284 580 4336 uestrum?
593 4278 669 4352 Quid
680 4279 763 4360 igitur
774 4281 835 4341 itti?
843 4338 880 4378 m
890 4288 968 4348 αὐτὸν
990 4284 1122 4345 παιδείων
1146 4288 1232 4344 ταῦτα
1255 4280 1361 4360 ἔλεγεν,
1388 4283 1401 4340 ἐ

117 4371 186 4429 Noa
196 4370 363 4448 oppressisti
377 4387 440 4439 nos,
453 4388 546 4451 neque
556 4376 683 4446 vexasti,
695 4393 835 4433 necaece·
853 4399 873 4444 ς
891 4378 1001 4458 Κύριος,
1013 4377 1059 4437 καὶ
1081 4375 1183 4455 μάρτυς
1196 4381 1210 4434 ὁ
1229 4374 1338 4454 χριστὸς
1352 4375 1401 4431 αὐτ

112 4464 235 4541 pistica
255 4479 346 4518 manu
361 4471 462 4519 nostra
476 4461 637 4542 quidpiam.
651 4462 688 4523 Et
705 4477 736 4522 ut
747 4464 837 4524 discas
890 4469 953 4531 αδςδ
967 4469 1128 4552 παραδηλῶν
1146 4466 1192 4527 καί
1214 4462 1328 4537 δεικνὺς,
1342 4467 1401 4530 ὡςι

115 4553 193 4612 illum
206 4565 236 4611 ut
246 4572 335 4631 regem
347 4550 467 4610 erudiret
478 4551 536 4612 haec
546 4553 659 4631 dixisse,
671 4555 833 4637 subjunxit:
890 4560 1086 4644 κεχαρισμένη,
1103 4559 1181 4618 αὐτὸν
1195 4557 1305 4616 ἐκοίλεοε
1327 4554 1401 4638 pcipe

119 4645 212 4704 Testis
224 4644 386 4715 Dominus,
407 4656 436 4703 et
451 4648 533 4704 testis
547 4647 672 4707 christus
688 4651 752 4729 ejus
764 4673 773 4706 .·
784 4649 837 4710 hoc
892 4660 959 4735 ρητα
977 4656 1025 4725 ιῆς
1045 4650 1159 4719 διανοίας
1174 4648 1271 4720 εἰδότα,
1285 4646 1351 4729 ὅπερ
1365 4650 1401 4706 tc

115 4749 208 4794 autem
223 4732 363 4794 ostendens
377 4748 457 4813 atque
470 4735 631 4813 declarans,
653 4758 749 4820 nempe
761 4742 839 4801 testi.
891 4745 964 4812 δότος
984 4742 1122 4810 ἀπόδειξις.
1144 4738 1238 4808 Οὐδεὶς
1255 4737 1322 4820 γὰρ,
1340 4737 1401 4797 οὐδε

114 4827 237 4888 monium
254 4847 307 4885 non
331 4825 414 4885 t'uisse
433 4826 470 4886 ad
489 4827 605 4907 gratiam
624 4828 728 4905 datum,
747 4831 838 4912 ipsum
891 4828 924 4908 {iv
946 4833 1069 4915 μεμηνὼς
1082 4833 1127 4892 καὶ
1143 4830 1359 4904 ἐξεστηκὼς,τοῦ
1374 4852 1401 4888 οι

115 4919 257 4979 advocavit
269 4931 373 4993 testem,
386 4919 434 4997 qui
447 4919 546 4980 mentis
558 4942 655 4981 arcana
665 4923 750 4998 novit,
765 4924 838 5002 quod
891 4934 937 4987 τοῦ
957 4925 1091 4986 καλέσειεν
1115 4923 1147 4982 οίν
1170 4944 1234 4982 ποτε
1260 4921 1382 5004 μοίρτορα

114 5022 154 5067 est
176 5011 285 5090 signum
310 5030 386 5090 purae
415 5011 593 5073 conscientiae.
612 5013 698 5073 Nemo
713 5014 836 5097 quippe,
893 5019 993 5099 σρόδρα
1007 5019 1092 5096 ἑαυτῷ
1108 5013 1227 5095 δαρροίη.
1246 5015 1401 5093 Μαρτορηαι

115 5120 213 5175 nemo,
239 5099 290 5159 nisi
306 5113 394 5160 mente
414 5114 508 5180 captus
521 5122 553 5160 ae
565 5101 682 5162 furiosus
699 5103 753 5181 sit,
773 5127 838 5167 oon-
892 5135 943 5170 νων
965 5109 1010 5168 ἐπὶ
1029 5115 1083 5174 τοῖς
1105 5104 1254 5188 είρημίνοις
1276 5104 1364 5185 αὐτῷ,
1386 5125 1401 5162 κ

114 5189 231 5250 scientiae
245 5212 298 5250 sure
312 5204 403 5250 testem
420 5190 594 5254 advocaverit
605 5195 705 5267 Deum,
721 5197 773 5257 uisi
785 5198 838 5259 ad·
893 5201 1021 5261 δείκνυσιν
1036 5199 1112 5265 αὖτδς
1123 5195 1236 5275 ιἰριτνίν·
1253 5193 1362 5254 καὶτῶν
1375 5216 1401 5252 at
