3764 5992
93 407 164 474 722
410 399 437 446 S·
463 394 604 447 totuuts
630 395 812 446 crtttrsosr.
842 396 998 447 tueritne.
1028 396 1301 445 consult'rtrtor.

93 539 167 599 sunt,
180 542 271 587 rerum
284 520 427 584 acerbitate
439 542 526 583 vacua
536 545 543 578 :
554 521 637 582 verba
651 542 686 580 ex
696 541 811 581 moerorc
863 521 881 594 ἢ
894 520 996 604 χώραν,
1011 523 1058 582 καὶ
1070 520 1117 591 τὰς
1130 519 1233 588 πολλὰς
1243 521 1341 588 πόλεις
1354 521 1442 600 eppo·
1456 516 1491 577 ἄν
1508 541 1538 577 ιι
1547 522 1641 599 mut.

93 606 221 688 prosecta.
237 604 308 663 Nam
320 603 382 663 sive
391 616 504 662 mortem
517 600 631 678 dixeris,
648 614 750 660 naturae
763 600 809 660 de·
864 637 915 672 τω,
934 614 1060 692 δήμευω
1084 613 1174 693 εἴπῃς,
1188 611 1347 694 ρλευρερρα,
1367 610 1482 692 λέγω,
1496 611 1544 670 καὶ
1566 609 1595 668 τὸ
1610 612 1643 669 ‘g

92 697 182 756 bitum
195 695 279 768 dicis,
303 693 375 773 quod
388 693 498 773 quidem
517 694 625 754 omuino
639 691 810 754 subcundum
863 709 940 766 λυτον
956 696 1031 766 {lm

93 801 144 867 est,
167 786 271 846 etiamsi
288 809 304 846 a
320 785 425 845 nemine
441 785 572 845 inseratur
586 808 592 842 :
605 783 664 846 sive
683 783 811 844 exsilium

94 879 215 953 dixeris,
237 876 307 937 nihil
327 877 404 937 aliud
426 877 513 954 dicis,
535 899 618 956 quarn
641 876 760 958 regionis
779 898 811 936 ac

93 969 241 1031 multarunt
253 968 392 1029 civitatum
403 955 574 1051 prospectum
589 992 595 1026 :
608 968 666 1029 sive
678 970 812 1029 bonorum

93 1061 318 1144 proscriptionem
331 1058 444 1136 dixeris,
458 1059 609 1121 libertatem
623 1060 704 1139 dicis,
721 1082 753 1121 ac
764 1081 811 1120 so-

94 1151 183 1213 lutum
197 1167 222 1212 et
235 1151 393 1233 expeditum
406 1173 471 1211 esse.

11 1277 86 1320 pm.
136 1245 165 1305 5.
181 1238 663 1326 Maruthamepiscopum,quantum
677 1243 704 1302 in
718 1243 813 1302 teiue-
905 1241 1048 1321 Μαρουθᾶν
1062 1239 1106 1299 τδν
1122 1238 1265 1300 ἐπίσκοπον
1281 1238 1321 1319 μὴ
1345 1238 1516 1320 διαλείπῃς,
1535 1239 1567 1299 τό
1584 1241 1650 1319 γειίς

14 1341 86 1398 rm·
96 1335 133 1398 rit
141 1383 152 1417 ,
171 1338 297 1397 omnibus
320 1336 419 1396 officiis
439 1336 581 1418 complecti
598 1357 631 1395 ne
649 1336 764 1412 desinas,
782 1348 813 1394 ut
866 1331 895 1392 σὲ
906 1323 980 1404 ἧκον,
993 1330 1189 1410 θεραπεύουσα,
1202 1331 1272 1392 ὥστε
1295 1332 1499 1411 ἀνιμήσασθαι
1513 1337 1561 1392 τοῦ
1576 1333 1650 1411 βαρό

94 1451 157 1491 eum
177 1452 192 1489 c
212 1428 341 1488 barathro
361 1427 495 1488 extrahas.
516 1429 585 1487 Nam
605 1428 664 1509 ejus
681 1449 761 1508 opera
777 1427 812 1486 ob
829 1443 848 1489 n
866 1429 935 1507 θρου.
954 1422 1081 1483 Μάλιστα
1105 1423 1156 1503 γάρ
1172 1426 1252 1483 αὐτοῦ
1274 1424 1374 1503 δέομαι
1401 1422 1453 1482 διδι
1477 1422 1513 1482 τὰ
1537 1425 1566 1481 ἕν
1588 1424 1650 1502 Περ

95 1520 215 1582 Persidis
231 1519 335 1601 negotia
350 1540 511 1600 magnopere
529 1540 601 1599 egeo.
621 1523 724 1598 Atque,
748 1518 770 1578 si
784 1518 814 1578 id
865 1516 927 1576 σίδι.
942 1517 996 1576 Καὶ
1011 1517 1079 1594 μάθε
1093 1518 1156 1596 παρ’
1172 1517 1266 1590 αὐτοῦ,
1281 1515 1313 1576 ἂν
1337 1515 1461 1576 δυνατόν
1476 1539 1520 1575 σοι
1540 1516 1653 1594 γένηται,

94 1627 153 1673 ate
166 1612 226 1672 lieri
243 1624 339 1692 potest,
356 1633 392 1670 ex
409 1632 440 1670 eo
458 1610 588 1690 intellige,
612 1609 741 1689 quidnam
755 1609 813 1669 illic
865 1608 892 1668 τί
908 1633 938 1668 τε
950 1609 1125 1687 κατώρθωται
1138 1611 1224 1668 ἐκεῖσε
1239 1610 1273 1667 δι’
1287 1611 1392 1683 αὐτοῦ,
1408 1607 1461 1668 καὶ
1484 1609 1559 1677 τίνος
1578 1608 1653 1667 ἔναιεν

94 1704 181 1787 ipsius
196 1702 286 1763 studio
300 1717 380 1783 atque
392 1722 472 1782 opera
487 1702 635 1783 perlectum
649 1702 684 1761 sit
698 1726 705 1758 :
719 1715 744 1760 et
765 1723 814 1761 cur
865 1701 1047 1782 παραγέγονε,
1062 1700 1106 1759 καλ
1127 1700 1247 1772 δήλωσον
1269 1707 1348 1778 ἡμῖν,
1363 1704 1389 1760 εἰ
1417 1701 1473 1767 τὰς
1488 1700 1540 1760 δύο
1560 1705 1655 1760 ἐπιστο-

94 1797 165 1854 istuc
184 1795 319 1876 profectus
337 1793 382 1865 sit,
407 1794 449 1851 sac
466 1793 559 1868 sciam,
584 1806 610 1852 ct
623 1814 687 1852 num
706 1793 730 1852 ei
745 1792 813 1854 duas
866 1792 928 1868 λδς,
942 1792 972 1860 te
985 1794 1094 1873 ἔπεμψα
1104 1796 1186 1872 αὐτῷ,
1203 1791 1362 1858 ἀπέδωκας·
1374 1791 1434 1850 κδν
1451 1791 1504 1870 μὲν
1521 1790 1654 1870 βοοληθείνΙ

47 1922 53 1930 -
95 1884 237 1967 epistolas,
258 1906 324 1963 quas
339 1883 374 1943 ad
388 1904 450 1942 eum
468 1882 540 1958 misi,
553 1882 719 1960 reddideris;
737 1885 759 1944 si
778 1884 813 1945 ad
865 1890 931 1962 ἡμῖν
955 1887 1117 1956 ἐπιστεῖλαι,
1138 1884 1220 1945 ποθιιν
1239 1885 1442 1962 ἐπιστελοῦμεν
1469 1887 1560 1964 αὐτῷ·
1587 1884 1654 1942 retr

96 1973 271 2034 περιετίθετο
288 1973 365 2049 velit,
386 1994 495 2033 rursum
511 1973 642 2051 scribam,
656 1975 698 2034 sin
712 1976 813 2035 rescri-
868 1976 904 2056 ph
929 1975 1146 2059 βσοληθεέη,κάν
1167 1980 1200 2056 τῇ
1224 1976 1351 2056 εὖλαύεόρ
1372 2000 1428 2036 σου
1455 1976 1588 2054 δηλώσῃ,
1602 1981 1655 2035 εἶτι

95 2064 165 2123 bere'
173 2076 310 2142 gravetur,
329 2061 434 2139 saltem,
450 2061 518 2142 qnid
528 2062 587 2122 illic
598 2064 747 2144 profectum
758 2066 812 2142 sit,
866 2070 969 2150 γέγονεν
981 2069 1071 2128 αὐτόθι
1086 2067 1176 2142 πλέον,
1188 2067 1235 2128 καὶ
1249 2071 1272 2126 εἰ
1287 2067 1380 2146 μέλλοι
1397 2093 1428 2127 τι
1444 2073 1600 2147 κατορθοῦν
1612 2068 1655 2127 πό-

97 2155 149 2214 tibi
163 2169 299 2236 exponat,
316 2168 341 2213 et
355 2146 491 2232 numquid
510 2175 603 2213 rursus
617 2154 709 2214 eodem
729 2157 814 2237 profi·
866 2165 908 2223 λιν
936 2162 1044 2223 κατιών.
1070 2160 1142 2242 Ἐγὼ
1170 2160 1222 2244 γάρ
1243 2160 1286 2220 διδ
1312 2167 1394 2220 τοῦτο
1422 2160 1474 2220 καὶ
1500 2159 1655 2228 ἐσπούδαζον

98 2248 199 2309 ciseens
218 2247 388 2330 praestiturus
405 2247 448 2305 sit.
462 2247 533 2306 Nam
546 2268 595 2327 ego
613 2247 715 2307 haedo
734 2270 814 2310 causa
830 2267 850 2314 Ε
868 2258 939 2336 αὐτῷ
960 2254 1142 2334 συγγενέσθαι.
1155 2252 1232 2325 Πλὴν
1257 2251 1345 2310 πάντα
1358 2251 1395 2311 τδι
1420 2252 1504 2334 παρὰ
1529 2257 1580 2313 σοῦ
1593 2252 1656 2328 γενέ-

98 2339 188 2420 ipsum
200 2337 342 2398 convenire
351 2337 503 2398 studebam.
516 2340 668 2418 Utcumque
679 2339 723 2416 sit,
734 2340 815 2419 quid·
868 2352 939 2419 σθω,
953 2345 1003 2405 κᾶν
1023 2344 1121 2412 πάντες
1136 2342 1310 2424 κατοκέραλα
1327 2342 1487 2422 φέρωνται,
1504 2344 1545 2403 τδι
1566 2347 1656 2414 σαυτῆς

97 2430 166 2511 quid
178 2445 288 2490 tuarum
303 2429 423 2511 partium
443 2443 502 2507 cst,
520 2444 631 2512 praesta,
662 2453 816 2511 munusque
867 2439 980 2519 πλήρου.
1005 2437 1040 2498 Ὁ
1067 2436 1120 2520 γὰρ
1149 2436 1240 2514 μισθός
1264 2457 1310 2496 σου
1333 2434 1414 2494 ἔσται
1446 2438 1655 2517 ἀπηρτισμέναι

98 2538 177 2584 tuum
189 2524 277 2605 exple,
291 2523 394 2582 etiarnsi
406 2543 498 2582 omnes
510 2545 595 2605 prono
606 2525 694 2606 capite
706 2525 734 2584 in
744 2547 814 2606 prae·
867 2530 944 2589 Πάνυ
964 2520 1008 2588 ο’ύν
1023 2528 1100 2589 αὐτὸν
1114 2527 1264 2600 οἰκείωσαι,
1279 2525 1324 2586 καὶ
1344 2531 1380 2595 ὡς
1404 2529 1544 2610 ἐγχωρεῖ.
1567 2532 1655 2610 Περι·

98 2639 161 2699 σερε
169 2618 298 2677 serantur.
309 2619 411 2675 Merces
421 2618 492 2675 enim
503 2628 549 2674 tua
558 2617 678 2677 numeris
689 2617 815 2677 omnibus
868 2625 956 2695 καλῶ,
969 2627 1046 2681 τοῦτο
1059 2619 1074 2680 δ
1093 2619 1182 2699 μέλλω
1195 2619 1282 2699 λέγειν
1302 2617 1339 2697 μὴ
1363 2621 1580 2702 παραδράμῃς,
1595 2621 1655 2680 ἀλλά

98 2709 222 2770 absoluta
234 2707 293 2768 erit.
305 2708 378 2768 Eum
388 2707 473 2786 igitur
483 2728 566 2786 quam
577 2709 697 2768 maxime
707 2709 815 2789 poteris,
868 2712 970 2786 πολλὴν
992 2711 1054 2794 περὶ
1080 2715 1159 2772 αὐτοῦ
1186 2709 1313 2779 ἐπίδειξαι
1336 2711 1469 2785 σπουδήν.
1498 2713 1655 2786 Ἐδηλωτάν

99 2800 260 2861 dementare.
285 2799 344 2859 lloc
356 2812 446 2858 autem
459 2798 532 2877 quod
544 2798 668 2859 dicturus
688 2821 768 2873 sum,
783 2819 817 2858 ne
870 2828 915 2884 μοι
931 2809 955 2866 οἱ
974 2805 1129 2883 μονάζοντες
1144 2805 1169 2863 οἱ
1188 2805 1322 2886 Μαρσεῑς,
1336 2806 1360 2862 οἱ
1373 2800 1495 2878 Γύτθοι,
1517 2805 1605 2865 θένθα
1620 2808 1655 2865 ἀεὶ

98 2907 248 2974 pretereas,
258 2913 354 2951 verum
364 2890 581 2972 deeoperquam
589 2890 684 2970 ingens
693 2891 816 2951 studium
868 2897 1001 2980 κέκρυπτο
1029 2895 1171 2978 Σεραπίων
1195 2900 1209 2954 ὁ
1231 2893 1389 2967 ἐπίσκοπος,
1418 2893 1463 2954 ότι
1487 2899 1655 2978 Μοδσυάριος

97 2984 236 3044 exhibeas.
261 2985 446 3044 Narraverunt
467 2981 536 3041 mihi
556 2982 642 3042 Marsi
662 3004 694 3042 ac
717 2982 859 3070 Gotthi⁶⁰1
869 2980 973 3062 ἤλθενθ
993 2987 1112 3055 διάκονος
1126 2986 1311 3066 ἀπαγγέλλων,
1324 2985 1365 3045 ότι
1379 2986 1507 3054 Οὖνέλας
1521 2995 1537 3048 ὁ
1550 2990 1655 3050 ἐπέσχο-

99 3076 236 3154 monachi,
253 3074 326 3156 apud
342 3095 409 3152 quos
422 3074 553 3154 Serapion
566 3073 709 3155 episcopos
720 3071 816 3157 perpe-
831 3088 853 3135 A
868 3104 916 3148 πος
930 3085 944 3139 t
957 3080 1102 3159 θαυμάσιος
1115 3082 1227 3149 ἐκεῖνος,
1239 3078 1267 3138 δν
1282 3075 1373 3159 πρῴην
1393 3080 1599 3159 ἐχειροτόνησα
1615 3084 1655 3140 καὶ

98 3181 147 3228 tuo
161 3166 345 3241 delitescebat,
357 3164 533 3225 Moduarium
546 3165 691 3227 decenum
702 3167 815 3246 venisse,
869 3173 977 3256 ἔπεμψα
997 3177 1033 3241 εἰς
1046 3171 1169 3246 Γοτθέτν,
1183 3170 1327 3232 πολλὰκαλ
1349 3172 1458 3249 μεγάλα
1480 3175 1655 3255 κατορθώσας

98 3259 168 3320 illud
180 3259 350 3337 afferentem,
365 3256 557 3336 admirandum
568 3257 648 3318 illum
661 3259 818 3342 episcopum
870 3266 1013 3343 ἐκοιμήθη·
1042 3263 1088 3323 καλ
1115 3255 1179 3336 ἦλθε
1200 3260 1286 3344 φέρων
1314 3261 1468 3340 γράμματα
1502 3270 1555 3322 τοῦ
1584 3268 1656 3345 ῥητός

99 3353 222 3429 Unilam,
245 3373 325 3431 quem
347 3372 400 3410 non
415 3350 453 3409 ita
472 3350 578 3431 pridem
593 3350 720 3411 ordinavi
738 3367 818 3431 atque
870 3361 922 3416 τῶν
941 3355 1046 3417 Γότθων
1069 3354 1190 3424 ἀξιοῦντα
1209 3356 1362 3434 πεμφθῆναι
1377 3356 1471 3422 αὐτοῖς
1496 3356 1654 3416 ἐπίσκοπον.

100 3444 277 3506 inGotthiam
288 3442 360 3517 misi,
371 3442 465 3502 multis
474 3463 506 3501 ac
514 3441 621 3523 magnis
630 3444 711 3502 rebus
723 3444 815 3523 gestis,
871 3449 950 3509 Ἐπεὶ
967 3441 1011 3508 οθν
1031 3448 1104 3507 οὐδὲν
1129 3447 1194 3507 άλλο
1217 3450 1270 3526 δρῶ
1293 3447 1358 3528 πρὸς
1378 3444 1428 3517 τὴν
1455 3449 1656 3528 ἅπειλοομένην

99 3536 259 3597 diemsuttm
268 3534 612 3596 extremumclausisse:ac
620 3535 691 3615 regis
700 3537 818 3598 Gottho-
871 3539 1057 3622 καταστροφὴν
1082 3541 1219 3598 συντελοῦν
1244 3541 1282 3605 εἰς
1301 3534 1452 3619 διόρθωσιν,
1477 3538 1498 3609 ἢ
1529 3542 1657 3618 μέλλησιν

101 3652 163 3700 rum
173 3630 266 3690 literas
279 3628 418 3702 attulisse,
432 3628 552 3707 quibus,
568 3642 597 3687 ut
609 3628 646 3688 ad
659 3650 703 3689 eos
716 3630 818 3712 episeo-
872 3632 917 3692 καὶ
932 3631 1065 3705 άναόολὴν
1081 3630 1154 3705 (οὐδὲ
1167 3629 1219 3710 γάρ
1240 3628 1349 3689 δυνατόν
1371 3630 1463 3698 αὐτοῖς
1487 3635 1613 3693 πλεῦσαι
1626 3637 1659 3700 εἰς

101 3744 153 3803 pus
162 3723 296 3792 mittatur,
304 3721 379 3801 petit.
390 3720 818 3800 Quoniamigituradsubversio-
871 3723 917 3783 τδν
930 3721 1066 3805 Βόσπορον
1081 3725 1136 3793 νῦν,
1150 3719 1209 3778 οὐδὲ
1223 3721 1260 3786 εἰς
1278 3718 1313 3778 τὰ
1337 3717 1406 3798 μέρη
1432 3722 1563 3797 ἐκεῖνα),
1580 3728 1659 3804 ὓπερ-

102 3836 164 3874 ιιειιι
175 3835 245 3891 eam,
261 3814 338 3892 cujus
352 3812 430 3871 minae
444 3813 523 3872 nobis
535 3813 711 3889 intentantur,
723 3814 818 3896 depel-
872 3814 963 3876 θέσθαι
975 3812 1041 3881 τέως
1055 3809 1146 3878 αὐτοὺς
1161 3810 1205 3870 διὰ
1218 3811 1262 3870 τὀν
1282 3812 1404 3890 χειμῶνα
1426 3816 1660 3891 παρασκεύασον·

102 3905 212 3965 leudam
233 3903 340 3962 nullum
358 3902 434 3962 aliud
456 3903 644 3983 adjumentum
665 3906 819 3987 conspicio,
874 3905 941 3967 ἄλλά
958 3905 995 3985 μὴ
1015 3906 1106 3968 ἁπλῶς
1129 3903 1192 3962 αύτδ
1208 3900 1398 3984 παραδράμῃς·
1414 3905 1593 3986 κατόρθωμα
1613 3908 1662 3989 γάρ

103 4018 186 4078 quam
201 3994 396 4055 cunctationem
409 4015 441 4053 ac
453 3992 611 4055 dilationem
627 4000 733 4075 (neque
748 4000 821 4059 enim
838 4005 856 4052 n
874 4000 930 4058 ἐστι
944 3996 1078 4078 μέγιστον.
1095 3992 1150 4053 Δύο
1162 3993 1214 4076 γάρ
1228 3995 1298 4052 ἐστιν
1313 3993 1330 4051 θ
1348 3993 1471 4070 μάλιστά
1486 4020 1527 4073 με
1546 4002 1628 4060 λυπεῖ
1641 4005 1663 4060 εἰ

103 4110 176 4151 nunc
189 4087 241 4170 ipsi
254 4086 283 4147 in
297 4085 477 4166 Bosphorum,
493 4099 540 4143 aut
554 4084 583 4145 in
595 4086 656 4146 illas
668 4101 757 4167 partes
770 4111 820 4149 na·
873 4089 992 4171 γένοιτο,
1012 4088 1027 4149 θ
1047 4085 1085 4166 μὴ
1109 4085 1226 4166 γένοιτο,
1239 4084 1271 4146 τό
1284 4108 1314 4143 τε
1331 4082 1405 4163 παρδι
1427 4085 1538 4148 τούτων
1558 4091 1664 4170 μέλλων

104 4182 197 4263 rigare
208 4185 354 4263 possunt),
370 4177 405 4237 da
415 4199 523 4259 operam
534 4191 564 4236 ut
575 4178 637 4237 illos
647 4180 777 4263 tantisper
786 4184 822 4242 ob
873 4181 1007 4263 γίνεσθαι,
1017 4183 1070 4238 τῶν
1083 4182 1200 4238 τοσαῦτα
1213 4176 1283 4237 κακά
1297 4176 1504 4257 ἐργασαμένων,
1529 4183 1582 4241 καὶ
1601 4187 1662 4263 παρ’

104 4274 221 4336 hiemem
233 4271 375 4334 remoreris
387 4295 394 4328 τ
405 4270 474 4346 haec,
489 4290 595 4349 quaeso,
612 4292 645 4330 ne
658 4271 823 4353 negligenter
874 4266 911 4335 ὧν
925 4277 955 4334 ού
978 4273 1066 4351 θέμις,
1080 4270 1112 4330 τό
1130 4294 1159 4329 τε
1180 4271 1271 4337 ἁπλῶς
1294 4292 1353 4327 τινα
1368 4267 1505 4346 γενέσθαι.
1528 4272 1600 4334 Ὀτι
1616 4276 1666 4356 γὰρ

105 4381 264 4449 praetereas:
278 4364 350 4426 istud
357 4363 428 4424 enim
436 4362 550 4423 maximi
561 4363 689 4423 momenti
699 4379 747 4426 est.
759 4368 823 4428 Duo
874 4371 903 4429 οὐ
912 4364 1154 4433 σπουδάζοοσίτινα
1162 4371 1280 4441 γενναῖον
1290 4365 1416 4433 ποιῆσαι,
1429 4352 1513 4422 οἶσθα
1525 4368 1578 4427 καὶ
1591 4367 1665 4440 αὐτή.

104 4459 206 4542 quippe
226 4473 308 4537 sunt,
335 4479 394 4537 quae
417 4455 441 4515 si
456 4455 630 4535 contingant,
653 4455 727 4535 quod
747 4459 822 4520 Deus
875 4462 909 4520 Et
929 4456 958 4518 δέ
972 4464 1049 4517 τοῦτο
1061 4455 1178 4535 γένοιτο,
1192 4452 1206 4513 θ
1221 4453 1258 4533 μὴ
1281 4451 1396 4535 γένοιτο,
1408 4452 1446 4512 rb
1469 4455 1536 4528 ἑξῆς
1552 4460 1668 4522 ἐπίστα-

105 4547 219 4626 avertat,
233 4549 352 4610 maxime
365 4570 408 4608 me
418 4547 574 4609 excruciant
581 4570 590 4624 ς
602 4569 697 4628 nempe
709 4562 735 4608 et
747 4550 821 4629 quod
875 4576 929 4613 σαι.
943 4548 993 4609 ‘lo'
1005 4541 1049 4608 ούν
1065 4545 1147 4626 μηδὲν
1159 4544 1258 4606 τούτοιν
1271 4545 1394 4624 γένηται,
1411 4550 1530 4608 ’πᾶσαν
1546 4553 1667 4625 mtto

104 4644 140 4706 eb
153 4643 212 4704 istis
223 4641 353 4703 creandus
366 4641 412 4700 ille
424 4640 470 4717 sit,
488 4639 536 4718 qui
549 4653 588 4699 tot
601 4639 671 4708 mala
686 4656 823 4722 perpetra·
874 4643 1000 4716 ποίησαι·
1012 4639 1128 4722 άψορητλ
1143 4638 1170 4700 δὲ
1182 4642 1205 4698 εἷ
1226 4637 1334 4697 δυνατὸν
1355 4629 1387 4709 ἦν
1408 4637 1458 4697 καλ
1476 4642 1669 4713 λανθανόντως

82 4788 90 4797 .
105 4751 187 4814 runt,
203 4750 228 4796 et
241 4758 256 4795 a
269 4735 369 4814 quibus
383 4732 467 4793 creari
481 4732 554 4792 nefas
567 4747 606 4792 est
614 4756 624 4810 3
636 4747 661 4792 et
676 4733 823 4811 quodsim·
875 4738 920 4797 τὸν
948 4730 1113 4814 Μοδουάριον
1136 4731 1201 4811 πρὸς
1224 4736 1296 4809 ἡμᾶς
1318 4729 1475 4808 ἐκδραμεῖν,
1492 4733 1618 4815 μέγιστα
1640 4739 1670 4796 ἃ,

105 4829 212 4910 pliciter
231 4827 365 4908 quispiam
386 4838 500 4884 creetur.
525 4825 596 4883 Nam
614 4824 689 4903 quod
703 4846 756 4885 non
771 4826 822 4886 hoc
838 4848 857 4895 c
875 4827 979 4900 ἠνύετο.
998 4826 1034 4884 Εἰ
1047 4821 1075 4884 dl
1100 4821 1138 4901 μὴ
1156 4822 1275 4900 δυνατὸν,
1292 4824 1321 4881 ἐκ
1342 4825 1395 4880 τῶν
1412 4824 1620 4906 turipum„
1638 4832 1671 4890 τὰ

106 4921 241 4992 studeant,
255 4933 286 4978 ut
294 4919 411 5000 probum
421 4916 512 4976 virum
522 4915 679 4994 instituant,
693 4917 743 4977 tibi
758 4939 822 4997 quo·
876 4917 974 4979 δυνατά
984 4912 1105 4996 γινέσθω.
1122 4914 1211 4996 Ὅπερ
1224 4913 1276 4997 γδρ
1297 4912 1341 4973 ἐπὶ
1354 4915 1408 4971 τῶν
1422 4917 1589 4996 χρημάτων
1600 4921 1670 5002 ,tw

109 5143 111 5149 ,
138 5097 150 5128 ‘¹
167 5099 223 5147 nuo
235 5097 293 5148 ttae.
306 5104 359 5151 δνθα
370 5100 397 5156 δὴ
410 5097 534 5166 δκρθπτετο
546 5100 674 5164 reperior.
888 5099 912 5147 δί
923 5092 1015 5148 δυνατόν
1026 5101 1065 5147 τόν
1075 5096 1222 5161 notorem

140 5191 151 5216 ι
167 5175 230 5225 Trea
241 5174 298 5224 Μαι.
314 5178 409 5234 σπουδὴν
427 5177 540 5234 απόδιιξαι
552 5169 590 5222 sel
604 5176 710 5234 δπιδιιξαι
720 5179 832 5243 aldefort·
845 5182 865 5226 rt
