3764 5992
120 444 191 543 718
444 463 474 509 S.
500 462 641 510 sonunts
666 461 848 509 cnntsosn.
878 462 1035 510 tuentur.
1064 462 1337 511 CONSTANTINOP-

121 587 840 665 tentiafierldicebaut)seseabdebantetoccultabant,
893 610 971 659 τινοιν
988 586 1117 666 λεγόντων
1138 588 1313 663 ἀκούσαντες,
1337 593 1396 649 ποῦ
1418 587 1503 649 αιἰτόν
1517 589 1665 670 ἃπάγιτιιὶι

122 703 182 760 rec,
193 703 256 743 cum
266 702 284 748 a
296 680 374 740 nobis
385 693 594 757 accerserentur,
606 677 836 759 obtemperabant.
891 679 1003 759 φανιρδν
1016 677 1141 754 θάνατον;
1156 679 1241 760 ίτερος
1251 678 1327 760 ἔλεγε
1341 679 1415 761 πρὸς
1426 687 1508 760 ἡμᾶς
1519 686 1573 740 τέίν
1585 685 1665 764 σφίδρε

122 772 197 847 Quid
209 773 289 852 longa
299 771 419 831 oratione
429 792 498 852 opus
509 770 570 830 est?
585 769 721 845 Quamvis
734 780 772 828 tot
785 781 839 842 ter·
893 773 966 846 ἡμᾶς
986 769 1148 850 φιλοίντενι·
1163 772 1269 844 ἄπελθε,
1294 770 1398 851 δέομαί
1413 796 1486 832 σου·
1500 776 1539 840 εἰς
1553 773 1666 854 Ὶσαίραις

121 885 194 931 rores
212 863 393 937 imminerent,
403 883 529 941 morsque
551 882 620 942 pene
640 873 713 920 certa
734 873 760 919 et
779 873 841 919 ante
857 860 876 907 C
894 859 1019 938 ἔμπεσον,
1042 860 1120 940 μόνον
1140 867 1217 938 ἡμῶν
1237 863 1432 943 ἀπαλλάγηθι.
1466 861 1564 925 Ὅπου
1584 864 1666 944 γδρὶι

121 956 213 1017 oculos
239 955 326 1036 posita
353 968 434 1032 esset,
458 953 594 1032 febrisque
625 973 673 1012 me
698 951 841 1011 conficeret
894 951 1022 1033 ίμπίσης,
1040 955 1077 1020 εἰς
1093 954 1236 1034 άσφοθιειιιν
1249 954 1414 1033 ἐμπίπτεις,
1429 956 1469 1016 ἂν
1483 956 1669 1038 emmau.

120 1045 490 1122 (necdumenimbicmalis
506 1044 637 1103 liberatus
657 1041 840 1119 eram),hora
894 1042 985 1124 φάγοις
1003 1053 1103 1126 χεῖρας.
1124 1048 1217 1107 Ταῦτα
1237 1045 1382 1108 οὐιοιίσοισα
1402 1047 1454 1107 καὶ
1474 1052 1601 1128 θριῗνσαὴ
1616 1051 1670 1122 ull

119 1139 180 1221 ipsa
189 1136 338 1198 meridiana
351 1136 379 1196 in
392 1136 516 1197 lecticam
534 1156 578 1195 me
593 1132 749 1213 conjiciens,
763 1132 840 1192 illinc
893 1138 1043 1216 Σελευκία,
1061 1143 1078 1209 ἡ
1094 1142 1138 1196 τοῦ
1150 1137 1239 1218 κυρίου
1253 1163 1306 1217 μου
1320 1138 1480 1221 Ῥουφίνου
1493 1141 1618 1220 ἐλευθέρα
1629 1145 1672 1215 (νεὶ

120 1229 238 1306 excessi,
258 1228 384 1288 universa
406 1227 485 1308 plebe
506 1226 683 1303 lamentante,
705 1223 837 1305 ejulante,
892 1227 943 1308 γάρ
954 1229 1055 1310 σφόδρα
1066 1232 1137 1307 ἡμᾶς
1146 1230 1325 1312 ἐθεράπευσε),
1335 1231 1673 1312 παρεκάλεσεκαὶίδεήθν,

121 1320 464 1389 harumrerumauctorem
470 1331 623 1378 exsecrante
634 1336 666 1376 ac
679 1314 747 1374 diris
757 1314 840 1375 devo-
892 1316 962 1378 ὥστε
974 1323 1012 1387 εἰς
1026 1319 1057 1380 τὸ
1070 1319 1227 1401 προάστειον
1242 1325 1324 1394 αὐτῆς
1346 1327 1533 1399 καταλῦσαι,
1548 1325 1601 1405 πρδ
1613 1324 1674 1383 πέντε

119 1427 209 1490 νειιιε,
228 1412 409 1490 omnibusque
430 1408 599 1491 plorantibus
620 1429 653 1468 ac
672 1406 837 1486 lugentibus.
893 1411 988 1490 μιλίων
1000 1418 1049 1485 τῆς
1062 1411 1163 1480 πόλεως
1183 1413 1222 1487 δν,
1236 1414 1283 1474 καὶ
1297 1415 1486 1498 συνέπεμψεν
1507 1421 1576 1496 ἡμῖν
1594 1417 1674 1503 ἆιθρέν

120 1505 298 1584 Posteaquam
322 1517 414 1562 autem
433 1522 468 1561 ex
494 1501 561 1560 urbe
584 1499 705 1576 excessi,
726 1496 839 1576 qnidam
892 1526 966 1579 προς,
980 1504 1026 1566 καὶ
1040 1505 1193 1586 ἀπήλθομεν
1207 1508 1302 1567 exstet,
1417 1486 1422 1492 ’

119 1595 201 1657 etiam
222 1594 312 1655 clerici
324 1593 476 1669 venientes,
489 1592 563 1651 lento
585 1611 696 1671 gressu,
717 1589 840 1668 lugentes

120 1706 169 1754 nos
184 1684 420 1766 prosequebantur.
435 1682 557 1761 Cumque
571 1680 692 1741 nonnulli
706 1679 837 1757 dicerent,

120 1777 246 1849 Quonam
258 1774 365 1836 eumad
376 1773 548 1856 perspicuam
558 1786 671 1833 mortem
682 1771 839 1832 abducitis?

120 1869 188 1930 alter
201 1889 236 1928 ex
250 1868 284 1938 iis
297 1867 344 1946 qui
359 1888 408 1926 nos
421 1865 572 1948 plurimum
585 1863 731 1940 amabant,
746 1863 783 1923 ad
796 1885 840 1924 me

119 1962 241 2033 dicebat:
255 1961 324 2035 Abi,
338 1961 465 2020 obsecro:
481 1959 509 2018 in
522 1959 630 2019 Isauros
643 1957 725 2017 etiam
738 1957 840 2035 incide,

45 2117 47 2120 Α
120 2055 203 2117 modo
212 2076 227 2114 e
237 2054 316 2114 nobis
329 2052 455 2125 elabaris.
466 2051 537 2111 Nam
551 2071 720 2130 quocumque
734 2048 840 2109 incide-

120 2146 168 2222 ris,
189 2159 247 2205 tuto
258 2143 371 2221 incides,
386 2139 535 2202 dummodo
549 2162 646 2201 manus
655 2155 759 2201 nostras
769 2141 840 2201 effu-

119 2237 188 2318 gias.
202 2236 420 2315 Haecwdiensac
426 2235 588 2317 perspiciens
600 2231 708 2314 egregia
719 2247 842 2294 matrona

119 2330 258 2405 Seleucia,
272 2327 379 2389 domini
392 2327 444 2387 mei
458 2326 551 2386 Rufini
563 2347 636 2387 uxor
647 2330 722 2401 (nam
734 2347 766 2386 ea
778 2347 841 2407 per-

119 2445 201 2502 quam
211 2421 333 2483 officiose
343 2441 395 2480 nos
404 2419 509 2496 coluit),
519 2418 647 2501 precibus
655 2439 761 2478 mecum
773 2417 840 2498 egit,

119 2513 192 2574 utin
207 2514 294 2596 ipsius
309 2511 494 2572 suburbanam
510 2510 627 2588 villam,
646 2531 706 2589 quae
721 2507 842 2589 quinque

118 2601 417 2686 passuummillibusab
425 2600 631 2681 urbcdistabat,
640 2600 751 2682 hospitii
760 2621 840 2659 causa

119 2718 162 2771 me
174 2698 333 2774 conferrem,
348 2707 487 2775 certosque
497 2693 620 2754 homines
634 2693 775 2768 nobiseum
787 2692 839 2750 mi-

118 2790 170 2866 tit,
180 2790 344 2870 quibuscum
359 2788 426 2847 illuc
439 2787 551 2868 profecti
565 2808 668 2846 sumus.

120 2878 125 2887 ’
158 2884 190 2942 5.
200 2884 236 2940 λι
250 2902 284 2940 ne
293 2880 352 2939 illic
366 2877 480 2957 quidem
486 2877 534 2952 ⁴bae
547 2875 693 2938 adversum
704 2898 753 2943 nos
764 2899 839 2939 com-
934 2865 1003 2931 Ἀλλ’
1014 2871 1073 2931 olli
1085 2873 1139 2931 ἐκεῖ
1151 2870 1258 2954 ἔμελλεν
1269 2877 1347 2954 ἡμῶν
1362 2878 1586 2953 ἀποστήσεσθαι
1601 2886 1618 2954 ί,
1631 2884 1678 2942 ἔτι·

118 2970 219 3050 paratai
234 2969 340 3030 insidia
355 2969 438 3029 finem
456 2967 590 3026 habitura
606 2980 691 3028 eraut.
708 2971 747 3029 Ut
767 2969 839 3030 enim
892 2964 973 3038 δουλὴ
998 2961 1075 3038 αὕτη.
1100 2964 1150 3033 Ὡς
1170 2965 1221 3047 γάρ
1238 2965 1306 3046 ίγνιο
1325 2958 1533 3057 &abspes-prag,
1554 2976 1676 3048 εδῇωω

119 3061 277 3121 Pheretrius
289 3060 342 3120 boc
351 3057 476 3135 rescivit,
488 3057 587 3117 multas
598 3058 667 3139 ipsi,
680 3072 710 3118 ut
719 3058 836 3140 dicebat,
854 3073 874 3120 Ι)
892 3060 976 3138 αὐτῇ,
992 3056 1078 3125 καθὼς
1092 3056 1175 3138 ἔλεγε,
1187 3061 1286 3127 πολλάς
1299 3063 1426 3131 ἀπειλάς.
1459 3064 1548 3126 Ἐπεὶ
1562 3069 1593 3128 δέ
1604 3093 1636 3146 με
1647 3070 1675 3132 τίς

34 3196 36 3200 1
119 3152 207 3212 minas
216 3151 368 3220 intentavit.
386 3151 455 3209 Cum
466 3162 557 3207 autem
568 3149 645 3209 mein
653 3149 749 3211 villam
760 3173 839 3212 suam
891 3149 922 3209 τὸ
943 3148 1099 3231 προάστειον
1122 3151 1202 3222 αὐτῆς
1221 3150 1375 3229 ὑπεδέξατο,
1397 3155 1486 3235 καίγὼ
1505 3159 1612 3218 τούτων
1635 3163 1675 3217 οδε

119 3243 288 3326 excepisset,
312 3243 383 3302 nibil
407 3240 519 3322 quidem
541 3241 599 3322 ipse
623 3241 722 3302 barum
747 3265 838 3318 rerum
891 3241 963 3323 ᾔδειν
981 3241 1068 3301 οὐδέν·
1091 3243 1150 3300 ἀλλ’
1171 3241 1310 3311 ἐξελθοῦσα
1326 3246 1392 3329 πρὸς
1405 3251 1504 3327 ἡμᾶς,
1528 3259 1617 3312 ταῦτα
1633 3253 1673 3329 μὲν

118 3338 261 3411 sciebam:
287 3357 352 3397 nam
375 3336 433 3416 ipsa
453 3334 490 3394 ad
510 3355 559 3394 nos
576 3355 690 3414 egressa,
712 3336 770 3397 baec
790 3359 838 3398 nos
891 3323 962 3413 ἡμᾶς
974 3333 1131 3415 ιἰπίκρυὸεν,
1148 3334 1239 3407 ἐδήλου
1257 3335 1284 3395 δέ
1298 3339 1336 3417 τῷ
1347 3329 1496 3422 ίπιτρόπιρ
1510 3345 1605 3404 ἐκεῖσε
1617 3345 1672 3414 ὄντι,

118 3428 231 3507 celavit,
246 3425 415 3510 procuratori
426 3439 517 3486 autem
530 3447 588 3503 suo,
599 3426 646 3504 qui
657 3426 715 3486 illic
725 3441 792 3507 erat,
807 3451 838 3492 ea
891 3427 979 3486 πᾶσάν
994 3448 1024 3484 τε
1036 3431 1102 3504 ἡμῖν
1116 3425 1263 3489 ἀνάπαυσιν
1274 3417 1447 3509 παρασχεῖν,
1463 3435 1513 3492 καί
1526 3435 1557 3493 εἴ
1565 3460 1632 3502 τινες
1643 3440 1672 3501 εἰς

117 3520 261 3604 exposuit,
272 3520 378 3602 ipsique
386 3518 528 3579 mandavit
533 3562 543 3593 ,
555 3532 587 3578 ut
597 3518 675 3580 robis
689 3541 768 3580 omne
778 3522 839 3582 olli-
891 3525 962 3596 ἡμᾶς
976 3517 1107 3580 ἐπέλθοιεν
1124 3519 1287 3597 μονάζοντες,
1303 3520 1467 3599 βουλόμενοι
1483 3530 1564 3604 ἡμᾶς
1579 3528 1672 3610 ἒνυὸρί-

118 3613 153 3686 cll
165 3634 250 3695 genus
261 3612 422 3694 impertiret,
437 3631 470 3682 tte
480 3609 504 3670 sl
512 3610 559 3691 qul
567 3610 693 3671 monachi
701 3612 834 3685 venirent,
891 3636 936 3671 σαι
946 3608 964 3683 ἢ
976 3610 1125 3693 συντρίψαι,
1138 3620 1294 3690 συναγαγεῖν
1303 3613 1438 3694 γεωργοὺς
1451 3618 1511 3678 ἀπὸ
1521 3623 1581 3678 τῶν
1593 3621 1671 3679 ἄλλων

117 3719 149 3766 ut
162 3728 212 3766 nos
225 3703 395 3766 contumeliis
410 3704 580 3780 incesserent,
597 3717 645 3763 aut
658 3705 729 3764 male
742 3705 837 3766 affice·
890 3705 972 3776 αὐτῆς
990 3702 1106 3785 χωρίων,
1120 3700 1166 3762 καί
1181 3700 1250 3763 οὕτω
1263 3704 1473 3791 παρατάξασθαι
1487 3709 1562 3792 πρὸς
1576 3712 1671 3778 minoia

117 3811 186 3874 rent,
202 3819 239 3857 ex
250 3796 311 3855 aliis
324 3796 400 3856 villis
412 3794 469 3856 suis
480 3795 613 3875 agricolas
625 3811 742 3875 cogeret,
755 3811 837 3877 atque
890 3794 1043 3877 Παρεκάλει
1068 3793 1095 3854 δὲ
1115 3789 1161 3855 καλ
1183 3796 1219 3861 εἰς
1238 3793 1287 3865 riv
1308 3794 1393 3855 οἰκίαν
1418 3802 1508 3874 αὐτῆς
1530 3804 1671 3864 gamm

117 3889 234 3949 itanum
249 3887 387 3946 monacbis
400 3907 511 3945 manum
527 3902 685 3948 consereret.
704 3889 780 3963 Quin
793 3911 837 3950 me
890 3889 1013 3969 ἔχουσαν,
1033 3887 1079 3948 καὶ
1093 3886 1236 3968 ἀχάριστον
1250 3879 1329 3948 οὖσαν
1344 3903 1528 3972 καταφυγεῖν,
1543 3897 1616 3957 ὥστε
1632 3903 1672 3956 roz

117 3999 227 4060 qaoque
238 3977 361 4056 rogabat,
376 3976 446 4035 utin
459 3975 571 4037 domum
582 3999 660 4038 suam
675 3999 734 4058 qua
746 4001 836 4040 arcem
853 4006 872 4053 E
889 3978 1035 4040 ἐπισκόπου
1046 3978 1091 4040 καί
1102 3979 1267 4058 μοναζέντιον
1279 3981 1399 4061 ἐκφυγεῖν
1409 3981 1462 4050 τὰς
1474 3993 1587 4068 χεῖρας,
1602 3989 1673 4050 ’,ων

116 4069 245 4146 babebat,
265 4088 314 4127 nec
337 4066 401 4127 ullis
421 4066 526 4127 viribus
546 4069 698 4149 expugnari
719 4084 835 4150 poterat,
889 4078 966 4132 τοῦτο
986 4067 1033 4150 μέν
1048 4075 1103 4130 οὐκ
1123 4070 1286 4153 ἠνεσχόμην,
1307 4073 1365 4133 ἀλλ’
1386 4071 1465 4151 ἤμην
1486 4079 1519 4137 ἐν
1536 4085 1581 4162 τῷ
1594 4105 1672 4161 ψη.

116 4162 307 4242 confinqeoem,
331 4173 362 4220 ut
388 4180 423 4220 ex
447 4158 568 4241 episcopi
590 4181 622 4219 ac
641 4163 837 4224 monachorum
889 4161 984 4244 στείιρ,
1003 4162 1076 4224 οὐδὲν
1094 4162 1169 4232 εἰδὼς
1181 4169 1234 4224 τῶν
1249 4163 1317 4243 μετὰ
1331 4170 1416 4226 ταῦτα
1432 4173 1672 4252 κατασκευαζομέ-

115 4254 242 4316 manibus
252 4253 383 4324 elaberer.
394 4255 430 4311 At
441 4264 472 4310 ut
480 4250 512 4310 id
522 4251 656 4329 facerem,
671 4251 771 4312 adduci
783 4276 837 4316 non
889 4278 949 4316 νων.
972 4254 1043 4315 Οὐδὲ
1056 4261 1134 4316 τοῦτο
1145 4260 1232 4325 αὐτοῖς
1242 4256 1352 4340 ἤρκεσεν
1364 4261 1402 4328 εἷς
1411 4260 1445 4320 τὸ
1457 4265 1620 4340 ἀποστῆναι
1630 4270 1673 4335 τῆς

114 4345 214 4428 potui:
232 4365 330 4406 verum
342 4343 371 4403 in
395 4341 465 4403 villa
487 4363 578 4420 eram,
598 4342 697 4403 borum
715 4344 836 4406 omnium
889 4351 948 4405 καθ’
963 4351 1039 4427 ἡμῶν
1052 4348 1154 4428 μανίας.
1167 4339 1236 4409 Εἶτα
1249 4356 1350 4410 νυκτιῖιν
1363 4351 1464 4430 μέσων,
1479 4356 1563 4417 οὐδὲν
1577 4359 1671 4418 τοίνυν

114 4439 226 4519 ignauo
248 4457 308 4514 quae
330 4447 422 4515 postea
443 4434 470 4492 in
485 4455 529 4493 me
546 4435 781 4516 comparabantur.
795 4439 837 4498 Ne
890 4437 965 4506 εἰδὼς
980 4438 1135 4521 (πολδςγδρ
1150 4439 1462 4526 ἕπίκειτοθΦαρέτριος
1477 4447 1586 4524 άπειλῆ
1602 4455 1672 4511 ἄπει·

114 4529 168 4590 boc
188 4525 301 4607 quidem
315 4525 382 4606 ipsis
396 4523 432 4584 ad
444 4524 678 4605 comprimendum
690 4548 770 4588 suum
784 4527 834 4596 ad·
892 4530 947 4589 λῶν
954 4532 1040 4612 ἐκείνῃ
1053 4576 1061 4604 ,
1073 4531 1161 4600 καθώς
1172 4558 1246 4615 φησι,
1260 4535 1484 4614 καταναγκάζειν,
1495 4517 1591 4616 ὠθῶν),
1604 4544 1669 4603 ὥστε

114 4615 735 4717 versumnosiuroremsatisluit.Posteaenim
746 4620 834 4681 modia
888 4626 960 4700 ἡμᾶς
981 4618 1101 4683 έκὸαλεῖν
1122 4627 1168 4685 καί
1190 4630 1242 4686 τῶν
1263 4627 1450 4708 προαστείων),
1475 4635 1506 4690 οὐ
1523 4635 1671 4719 φέρουσαι,

113 4722 210 4783 nocte,
237 4726 280 4765 me
299 4705 376 4807 nibil·
391 4704 490 4764 horum
510 4705 609 4765 sciente
630 4705 738 4780 (acriter
761 4709 833 4767 enim
844 4764 880 4803 m
889 4714 953 4791 γυνὴ
971 4713 1019 4787 τὴν
1037 4715 1181 4796 έπάχθειαν
1206 4721 1300 4792 αὐτοῦ,
1324 4721 1372 4778 οθκ
1394 4721 1496 4791 εἰδότος
1514 4728 1597 4800 ἐμοῦ,
1613 4729 1670 4798 ζδῆ.

112 4799 229 4861 iostabat
255 4796 420 4871 Pbaretrtus,
446 4815 542 4873 graves
567 4795 595 4855 in
617 4817 699 4875 eam,
725 4811 756 4856 ut
775 4798 832 4877 ait,
852 4806 974 4865 Αλωσεν
987 4806 1093 4879 αὐτόθι,
1108 4809 1148 4868 δτι
1168 4813 1192 4868 οἱ
1207 4809 1336 4890 βάρὸαροι
1353 4783 1669 4900 cumaculam.

113 4893 200 4952 minas
210 4892 330 4972 jactans,
344 4908 457 4966 eamque
470 4907 566 4966 cogens
578 4900 661 4966 atque
672 4888 830 4970 impellens,
889 4894 955 4974 μίνη
972 4896 1156 4978 amm,
1170 4904 1263 4975 ιιπεῑο,
1280 4903 1312 4974 ἣν
1328 4901 1486 4982 πώγωνα
1509 4911 1570 4970 Καρ
1585 4887 1670 4991 ,ζέων

111 4997 143 5043 ut
153 5004 197 5042 me
206 4979 455 5042 etiamesuburbio
464 4977 593 5058 ejiceret),
603 4978 722 5040 bominis
732 4981 832 5064 impor-
886 4993 987 5048 νυκτῶν
1010 4990 1133 5050 εἰσελθὼν
1156 4992 1222 5073 πρὸς
1249 4991 1451 5071 μὲΕθίθιοςὸ
1477 5002 1669 5087 πρεσὸιίτερος,

110 5075 253 5136 tunitatem
266 5094 319 5133 non
333 5073 419 5131 serens
432 5070 539 5144 muller,
553 5069 681 5132 insciente
692 5094 749 5145 me,
762 5074 830 5134 bar-
886 5078 1045 5140 καθειίδοντά
1071 5107 1105 5162 με
1131 5083 1274 5167 διεγείρας,
1305 5086 1373 5164 μετὰ
1401 5089 1510 5164 πολλῆς
1531 5098 1586 5162 τῖς
1611 5102 1669 5177 ρος.

109 5168 190 5229 baros
199 5163 291 5224 adesse
300 5162 465 5242 significavit
470 5206 481 5239 ,
495 5159 567 5238 quod
578 5161 681 5223 scilicet
692 5163 748 5223 vim
759 5187 828 5242 eam,
884 5177 968 5232 ταῦτα
982 5173 1085 5253 ἔλεγεν·
1112 5175 1256 5252 ἀνάστηθι,
1271 5180 1432 5258 παρακαλῶ,
1447 5138 1592 5267 βάριςαριθ,
1608 5142 1669 5251 ’ρπξῗ

109 5280 191 5342 quam
219 5268 371 5337 P⁸¹⁶f⁰¹¹¹fr
399 5251 488 5312 diffie
513 5274 568 5332 Ρ1ηὲ
593 5253 697 5334 P⁰d⁰l⁸
718 5257 829 5323 minime
885 5286 994 5340 στησαν,
1016 5267 1127 5329 ἐνταῦθα
1144 5269 1256 5343 πλησίον
1273 5271 1347 5330 εἰσίν.
1370 5271 1524 5348 Ἐννόησον
1538 5281 1583 5349 τίς
1597 5282 1667 5361 ἤμην
