3810 6000
101 749 175 795 &Cor
189 748 240 795 8·2.

109 2852 193 2895 tlattlr.
214 2861 250 2895 to.

108 2914 147 2974 [γε.

129 4839 263 4896 Εεσιπρίιεπι

119 4901 207 4947 Christi
227 4914 265 4957 pe-

120 4967 159 5008 des
191 4965 265 5005 laran-

121 5036 192 5130 ¹lirini.
200 5079 264 5142 ἰ3.ίρ.

119 5163 167 5206 Ἥ·

251 407 321 495 τις

251 551 438 632 pedimeutum
445 551 552 633 objecit.
558 553 616 611 lmo
622 550 745 630 haecipsa
752 558 896 628 paupertas
905 544 973 602 eloe·
1026 535 1070 603 οῦν
1085 545 1192 618 ἡπενία
1208 545 1313 624 μείζονα
1320 545 1369 617 τὴν
1377 541 1556 621 ἰλεημοούνην
1566 542 1720 621 εἰργάσατο·
1733 541 1784 626 ότιρ

251 663 391 723 mosynam
398 643 525 723 majorem
533 634 920 718 effecitzquodutiquePaulus
928 634 974 692 his
1027 627 1130 694 οὖνκαὶ
1151 642 1166 696 ό
1185 637 1292 704 Παῦλός
1304 660 1393 717 φησιν,
1412 634 1447 695 Ἡ
1468 633 1540 696 suet
1566 634 1665 713 βύθως
1681 634 1784 714 πτωχεία

251 734 345 794 verbis
354 735 666 816 expressit:Altissima
673 742 832 813 paaupertas
840 727 975 786 abunda·
1028 730 1210 810 ἐπερίσσευσεν
1230 735 1266 798 εἰς
1288 729 1332 788 τὸν
1355 731 1466 788 πλοῦτον
1483 732 1532 800 τῆς
1546 725 1695 799 ἁπλότητος
1707 729 1784 786 αὐτῶν.

255 831 294 886 vit
309 831 342 884 in
355 829 476 886 divitias
489 827 685 906 simplicitatis
705 843 814 882 eorum.
828 822 889 880 Non
903 819 975 878 enim
992 828 1010 875 c
1029 823 1069 880 Οὐ
1080 819 1131 899 γὰρ
1142 826 1217 880 τοῦτο
1229 820 1283 903 χρὴ
1295 829 1413 895 σκοπεῖν,
1422 820 1465 880 ότι
1477 818 1521 879 δύο
1531 818 1678 878 κατίὸαλεν
1686 816 1784 890 όόολῶς,

253 917 306 976 hoc
316 917 540 977 considerandum
551 917 666 975 estduus
677 914 752 974 illam
768 913 860 973 obolos
871 931 976 988 erogas-
1031 913 1089 970 ἀλλ’
1100 911 1140 969 ότι
1156 912 1249 990 μόνους
1269 913 1367 992 ἔχουσα
1379 912 1495 981 τούτους,
1521 914 1569 970 οὐκ
1591 908 1728 990 ἐφείσατο,
1738 911 1785 969 ἀλλ’

253 1032 291 1082 se,
305 1008 355 1068 sed
371 1008 519 1087 quodcum
539 1007 590 1067 hos
605 1007 675 1066 solos
690 1005 811 1080 haberet,
826 1003 881 1062 illis
896 1001 977 1060 mini·
1030 1002 1234 1083 όλόκληροντὴν
1259 1005 1350 1064 οὐσίαν
1369 1003 1525 1081 εἰσήνεγκε,
1553 1000 1696 1078 θαυμάζειν
1720 1001 1785 1073 airis

254 1122 297 1160 me
313 1100 473 1181 pepercerit,
482 1099 530 1159 sed
540 1114 624 1159 totam
635 1098 815 1158 substantiam
826 1116 903 1155 suam
914 1116 977 1154 oon·
1030 1093 1084 1174 χρὴ
1099 1094 1144 1153 καί
1157 1100 1311 1174 στεφανοῦν.
1323 1097 1364 1155 Oi
1375 1094 1461 1154 τοίνυν
1476 1091 1645 1174 περιαεαίας,
1658 1091 1725 1151 ἀλλὰ
1734 1114 1786 1173 τρο

589 429 618 475 S.
647 425 787 476 ,ΙΟΑΝἰίἰθ
812 421 993 470 CHRYSOST·
1023 420 1179 470 tueritne.
1207 419 1476 470 CONSTANTiNOP·

254 1191 364 1266 tulerit,
383 1191 495 1251 laudare
508 1191 585 1250 illam
597 1202 703 1271 oportet
716 1209 748 1247 ac
763 1207 899 1247 coronare.
917 1186 977 1244 Non

255 1285 341 1363 igitur
348 1285 458 1366 opibus,
469 1284 516 1344 sed
525 1283 609 1342 animi
619 1283 757 1342 alacritate
765 1280 844 1340 nobis
852 1293 892 1339 est
900 1300 977 1360 opus,

256 1374 366 1453 quando
380 1374 536 1456 excipiendi
547 1387 609 1434 sunt
623 1373 753 1454 hospites.
765 1374 835 1432 Nam
849 1370 978 1449 quemad·

258 1467 377 1526 modum
391 1468 413 1526 si
424 1468 481 1526 hac
492 1467 574 1543 adsit,
586 1465 656 1525 nihil
666 1485 760 1525 nocere
769 1478 856 1545 potest
865 1484 979 1544 pauper·

256 1571 310 1614 tas:
321 1557 360 1616 sic
369 1557 392 1616 si
399 1559 457 1616 hac
464 1557 543 1634 absit,
550 1556 621 1616 nihil
629 1554 979 1637 proderitopulentia.Quid

257 1649 318 1707 ais?
333 1649 433 1708 Curam
446 1649 595 1708 liberorum
604 1649 674 1728 gerit
686 1647 779 1722 vidua,
789 1662 815 1707 et
824 1645 925 1706 idcireo
934 1670 979 1728 pe-

1032 1186 1126 1262 θυμίας
1139 1191 1204 1264 ἡμῖν
1224 1189 1278 1260 δεῖ,
1294 1185 1356 1246 όταν
1379 1184 1571 1266 ὓποδεχῶμεθα
1593 1182 1788 1265 {isaachium

1031 1279 1084 1360 γθρ
1104 1279 1200 1352 ταύτης
1224 1280 1360 1362 παρούσης
1373 1278 1445 1338 υθδίν
1470 1277 1567 1357 atrito<
1583 1276 1683 1356 γίνοιτ’
1696 1274 1726 1334 ἂν
1743 1276 1788 1335 tat

1032 1371 1136 1445 πενίας,
1163 1370 1244 1439 οὕτως
1266 1369 1382 1443 αἰπυύοης
1405 1369 1478 1430 ούδίν
1505 1367 1597 1448 ὄφελος
1617 1366 1712 1446 γίνοιτ’
1728 1364 1787 1434 inii

1033 1464 1164 1544 εὐπορίας.
1189 1463 1226 1522 Τί
1251 1464 1348 1542 λέγεις,
1370 1461 1489 1522 Παιδίων
1512 1463 1678 1527 ἐπιμελεῖται
1697 1459 1789 1538 ‘izit‘

1033 1556 1079 1615 καί
1094 1556 1139 1617 διὰ
1151 1563 1228 1617 τοῦτο
1241 1558 1288 1615 οὐκ
1306 1554 1337 1614 διν
1348 1554 1454 1614 δύναιτο
1474 1552 1628 1634 θεραπεύειν
1648 1550 1742 1622 ξίναις,
1752 1554 1786 1610 Δι’

1034 1649 1097 1707 αθτθ
1112 1648 1160 1726 μὲν
1183 1638 1227 1706 οὖν
1253 1654 1330 1706 τοῦτο
1352 1644 1527 1726 εὐκολώτερον
1544 1649 1623 1705 τοῦτο
1650 1641 1789 1723 ἰργείσεται,

256 1740 382 1818 regriuos
394 1740 484 1800 lovere
497 1761 551 1799 non
564 1740 670 1822 potest?
679 1740 738 1799 Imo
751 1759 818 1799 vero
827 1740 897 1798 hanc
908 1760 981 1798 eam-
1033 1738 1171 1808 narrandae
1187 1740 1284 1819 ἔχουσα
1303 1743 1351 1811 ιῆς
1362 1738 1503 1817 θεραπείας
1514 1736 1573 1804 τοῦς
1587 1733 1673 1809 υίοθς,
1682 1758 1789 1795 συναπι-

257 1831 319 1889 (ἰειεε
333 1831 370 1889 ob
382 1853 491 1890 causam
504 1831 612 1890 facilius
621 1830 651 1891 id
664 1845 791 1912 prestare
800 1831 908 1912 poterit,
917 1852 981 1890 cum
997 1846 1016 1891 t)
1033 1831 1253 1911 λαμβανομένους
1267 1830 1313 1890 καί
1329 1827 1572 1910 συνεφαπτομένους
1583 1830 1649 1906 αὐτῇ
1663 1829 1709 1897 τῆς
1720 1827 1790 1897 selis

260 1924 287 1980 in
312 1923 477 1982 consortium
497 1923 650 1982 officiorum
673 1921 888 1982 exhibendorum
909 1922 981 1981 tilios
1033 1926 1131 1997 ταύτης
1147 1923 1341 2003 πραγματείας.
1358 1922 1446 1982 Ὥστε
1461 1925 1489 1980 ού
1504 1919 1636 1999 κώλυμα,
1650 1918 1717 1980 itti
1739 1921 1790 1997 βνί·

259 2012 344 2092 possit
365 2013 504 2086 asciscere,
523 2014 571 2092 qui
595 2013 679 2073 simul
690 2015 798 2093 jurent,
809 2028 836 2073 et
857 2035 919 2073 curn
934 2013 981 2072 illa
1034 2022 1091 2076 θεια
1106 2019 1153 2086 τῆς
1173 2015 1317 2096 φιλοξενίας
1328 2013 1402 2075 ἔσται
1415 2020 1468 2074 τῶν
1479 2012 1582 2072 παίδων
1593 2012 1624 2071 εδ
1634 2010 1790 2083 πλῆθος,κεί

257 2105 419 2184 praclarum
435 2104 506 2164 illud
527 2127 596 2186 opus
611 2119 802 2184 exsequantur.
819 2108 912 2184 Itaque
927 2126 979 2164 non
1032 2108 1219 2188 ἡπολυχειρία
1234 2104 1335 2179 πολλὴν
1351 2110 1384 2185 τῇ
1401 2102 1521 2181 διακονία
1539 2101 1649 2182 παρέξει
1662 2100 1709 2173 τὴν
1728 2103 1790 2161 σύειο-

259 2197 495 2276 impedimentum,
508 2197 555 2256 sed
570 2197 706 2256 auxilium
724 2196 914 2278 hospitalitatis
930 2198 982 2256 erit
1034 2202 1105 2264 λίαν.
1122 2202 1170 2274 Μὴ
1182 2201 1233 2281 γοίρ
1255 2225 1300 2280 μοι
1320 2201 1453 2270 πολυτελῆ
1468 2197 1601 2280 τράπεζαν
1620 2194 1709 2275 είπης·
1722 2193 1791 2259 istit

259 2288 405 2347 multitudo
416 2288 577 2363 liberorum,
593 2303 619 2348 et
632 2288 781 2348 multorum
801 2311 896 2349 manus
906 2291 981 2370 operi
1035 2295 1082 2367 τὴν
1099 2294 1183 2355 οἰκίαν
1198 2292 1303 2365 δεξηται
1316 2292 1360 2351 τδν
1375 2290 1455 2364 ξένον,
1466 2288 1497 2347 διν
1513 2287 1547 2348 eir
1561 2288 1626 2347 όντα
1636 2286 1791 2367 mpetum

258 2377 374 2438 idmotae
391 2402 516 2459 magnam
529 2382 642 2441 afferent
658 2381 807 2442 ministerio
816 2382 981 2463 facilitatem.
1035 2386 1136 2459 πολλὴν
1162 2383 1324 2455 ἐπιδείξηται
1343 2382 1391 2456 τὴν
1411 2379 1619 2462 φιλοφροσύνην,
1645 2379 1792 2458 &ripam

260 2468 325 2527 Noli
340 2469 412 2528 enim
427 2469 495 2528 mihi
509 2483 677 2529 sumtuosam
688 2490 808 2529 mensam
822 2488 981 2529 commemo·
1036 2485 1083 2551 τῆς
1104 2477 1279 2558 (mopsopia,
1299 2480 1314 2534 ὁ
1333 2475 1434 2555 καρπὸς
1457 2475 1535 2540 ἅπας.
1564 2474 1599 2532 Εἰ
1611 2470 1664 2551 γδρ
1681 2471 1791 2550 ποτήριον

261 2582 336 2619 rare:
350 2561 372 2621 si
386 2562 557 2642 peregrinum
567 2576 636 2621 teoto
649 2562 796 2643 exceperit,
808 2563 831 2622 si
846 2585 906 2641 quae
919 2584 983 2643 sup·
1036 2576 1139 2652 ψυχροῦ
1165 2569 1243 2647 μόνον
1266 2566 1400 2648 βασιλείαν
1427 2564 1544 2645 οὐρανῶν
1561 2562 1693 2642 προξενεῖ,
1714 2561 1743 2621 τό
1756 2559 1792 2620 καί

261 2649 386 2728 petebant
399 2651 566 2729 apposuerit,
583 2650 605 2708 si
618 2649 732 2708 multam
747 2649 940 2708 humanitatem
957 2662 983 2707 et
1001 2679 1020 2726 Β
1037 2662 1183 2742 ημωρόφω,
1198 2658 1377 2732 πη,ἧσα,,χαγ
1390 2657 1521 2738 τραπέζης
1534 2654 1675 2727 mmo,
1687 2653 1731 2712 καὶ
1741 2655 1792 2711 ἀφ.

261 2739 412 2798 comitatem
424 2739 589 2812 exhibuerit,
603 2739 751 2798 mercedem
768 2761 875 2799 ornnem
888 2740 984 2819 hospi-

261 2830 372 2889 talitatis
394 2830 552 2911 promeruit.
567 2830 638 2888 Nam
652 2830 676 2888 si
690 2829 764 2888 solus
777 2850 854 2907 aquae
876 2830 983 2909 frigidae

262 2920 335 2979 calix
348 2940 461 2998 reguum
477 2920 605 2978 calorum
619 2920 755 2992 conciliat,
767 2941 816 2980 suu
826 2935 895 2980 tecto
905 2923 982 2980 exci-

262 3033 335 3091 pere,
348 3032 446 3071 mensae
470 3011 628 3093 participem
653 3011 791 3082 asciscere,
809 3034 841 3070 ac
861 3013 981 3083 relicere,

263 3117 394 3181 quantum
409 3125 498 3181 quaeso
511 3102 630 3161 fructum
644 3104 748 3182 pariet?
761 3110 800 3163 Ac
813 3104 888 3178 vide,
902 3127 982 3183 quam

263 3205 386 3251 accurate
397 3213 454 3250 rem
469 3191 569 3248 Paulus
584 3204 708 3270 exponat.
719 3191 779 3250 Non
790 3191 862 3250 euim
876 3191 982 3272 simpli-

264 3281 330 3341 citer
343 3280 395 3340 hoc
418 3281 477 3340 loco
500 3279 710 3359 hospitalitatem
733 3279 835 3359 exigit,
858 3279 906 3339 sed
926 3302 985 3340 eam

263 3391 323 3448 qua
338 3390 400 3428 cum
409 3367 491 3427 animi
503 3365 712 3447 promtitudine,
724 3367 828 3426 fervida
840 3380 937 3441 mente,
947 3381 985 3426 at-

264 3477 316 3534 que
324 3454 429 3515 ardenti
437 3456 535 3514 affectu
545 3453 698 3513 exhibetur.
705 3455 854 3514 Cumenim
863 3455 987 3528 dixisset,

264 3547 428 3625 Siltospitio
438 3547 562 3624 excepit,
570 3540 715 3622 adjerit,Si
723 3558 891 3603 sanctorum
899 3548 986 3625 pedes

266 3638 349 3695 lavit.
358 3639 417 3695 Non
428 3636 503 3694 illam
510 3656 571 3694 cum
580 3635 648 3693 fastu
657 3634 793 3694 sedentem
799 3650 904 3716 oportet
911 3637 987 3697 ohse-

267 3729 362 3806 quium
377 3749 439 3806 erga
452 3727 622 3808 peregrinum
633 3727 739 3786 ancillis
754 3727 927 3803 demandare,

268 3818 354 3896 ipsam
370 3816 445 3897 operi
460 3837 569 3873 manum
584 3815 738 3893 admovere,
752 3818 924 3898 fructumque
935 3821 988 3880 sibi

267 3907 403 3986 arripere,
418 3926 465 3964 nec
480 3905 530 3963 ulti
553 3905 711 3985 preclarum
732 3907 812 3966 illum
833 3909 987 3970 thesaurum

270 3996 372 4056 cedere.
382 3996 436 4056 Sed
450 3996 497 4074 qui
510 3995 567 4055 ficri
581 3996 679 4075 poterit
692 3997 776 4073 istud,
784 3997 855 4058 dicet
866 4001 988 4079 aliquis?

270 4089 293 4147 si
306 4086 377 4147 enim
392 4087 427 4146 sit
439 4086 539 4146 nobilis
553 4098 579 4145 et
588 4084 711 4159 illustris,
723 4109 754 4146 ac
764 4089 885 4164 celebris,
897 4106 923 4150 et
934 4093 989 4151 cla·

270 4177 308 4235 ris
318 4189 376 4235 orta
386 4174 546 4255 majoribus,
555 4195 588 4232 an
600 4173 656 4252 ipsa
668 4175 803 4253 peregrini
818 4177 899 4256 pedes
910 4179 987 4237 lava·

269 4265 329 4323 hit?
340 4283 428 4323 nonne
442 4261 493 4320 hoc
508 4275 589 4342 turpe
601 4259 704 4319 fuerit?
719 4261 814 4341 Turpe
831 4284 894 4321 sane
910 4265 989 4324 fuerit

271 4353 293 4411 si
309 4373 361 4412 non
377 4351 460 4425 lavet,
475 4348 513 4407 uri
528 4348 620 4406 horno.
631 4348 813 4417 Quantumvis
827 4348 899 4407 enim
912 4351 989 4410 nohi·

272 4445 374 4503 litatem
388 4443 473 4523 ipsius
484 4441 510 4499 in
527 4438 622 4499 caelum
635 4439 741 4509 efferas,
750 4453 776 4497 et
785 4439 933 4500 claritatem
945 4465 991 4522 ge·

272 4535 344 4594 neris
364 4549 444 4612 atque
467 4530 654 4613 splendorem3
673 4528 792 4609 ejusdem
807 4532 940 4613 particeps
953 4550 992 4593 est

273 4641 375 4684 naturae
400 4646 462 4683 cum
477 4645 507 4681 eo
521 4622 566 4700 qui
581 4620 714 4683 abluitur.
730 4634 755 4679 et
770 4642 897 4682 conserva
917 4625 993 4683 illius

274 4728 350 4775 estet
363 4717 464 4772 honore
477 4733 526 4792 par
537 4710 578 4768 itti
593 4709 637 4766 cui
651 4708 769 4767 defertur
783 4710 951 4791 obsequium.

316 4809 363 4864 t5.
372 4802 467 4885 Cogita
482 4802 543 4881 quis
557 4813 612 4859 erat
624 4800 669 4858 ille
680 4800 729 4878 qui
741 4799 938 4882 discipulorum
948 4829 992 4886 pc·

275 4898 322 4956 des
336 4896 420 4971 lavit,
435 4916 466 4953 ac
479 4893 514 4953 de
527 4891 667 4951 nobilitate
682 4889 764 4950 verba
784 4895 871 4953 facere
890 4894 991 4957 desine.

277 4987 434 5049 Communis
447 4985 522 5044 orbis
535 4997 669 5042 terrarum
684 4982 826 5055 Dominus,
841 4987 902 5047 Rex
914 5009 993 5069 ange.

275 5081 364 5139 lorum
378 5091 404 5136 et
419 5076 494 5151 lavit,
507 5088 532 5134 et
545 5073 628 5132 linteo
642 5094 670 5132 se
681 5072 833 5154 precinxit,
847 5097 895 5137 nec
908 5078 993 5139 disei-

273 5172 400 5253 pulorum
413 5181 529 5247 tantum,
544 5165 590 5226 sed
606 5179 632 5225 et
645 5163 894 5246 proditorisipsius.
907 5171 994 5235 Vides

940 3733 987 3790 sed
996 3721 1034 3759 32³

1032 3828 1250 3928 'amaa

1037 2759 1157 2826 παῦσαι,
1179 2751 1260 2811 πόσον
1275 2749 1342 2809 οἴσει
1364 2749 1409 2808 τδν
1429 2746 1541 2828 καρπὸν,
1555 2745 1615 2806 εἰπέ
1630 2768 1693 2824 μοι,
1707 2743 1793 2805 Σκόπει

1037 2844 1069 2916 δή
1086 2869 1131 2923 μοι
1144 2843 1253 2903 Παύλου
1268 2841 1317 2915 τὴν
1330 2840 1475 2922 αἰκρίύεεαν.
1496 2840 1537 2898 ot
1557 2838 1609 2919 γθρ
1628 2838 1718 2904 ἁπλῶς
1737 2834 1792 2904 iere

1038 2936 1129 3017 δοχίαν
1143 2939 1254 2995 ἐνταῦθα
1277 2938 1401 3005 ἀπαιτεῖ,
1415 2928 1483 2991 ἀλλὰ
1503 2930 1551 3001 τὴν
1576 2929 1646 3006 μετθ
1661 2924 1794 3007 προθυμίαι

1039 3028 1084 3087 καὶ
1096 3027 1203 3098 ζεούσης
1217 3030 1304 3106 ψυχῆς
1316 3023 1362 3083 καί
1374 3025 1488 3088 διανοίας
1505 3024 1614 3102 θερμῆς.
1630 3018 1721 3080 Εἰπὼν
1743 3016 1792 3096 rip,

1040 3121 1073 3178 Et
1091 3116 1286 3197 ἐξενοδόχησεν,
1307 3114 1457 3192 ἐπήγαγεν·
1477 3115 1511 3172 Εἰ
1525 3112 1607 3189 ἁγίων
1621 3109 1704 3177 πόδας
1714 3108 1795 3186 ίνεψιν.

1038 3213 1080 3269 Οὐ
1100 3209 1279 3287 θεραπαινίσιν
1307 3205 1455 3285 ἐπιτρέπειν
1474 3202 1527 3284 χρὴ
1553 3203 1636 3273 αὐτὴν
1649 3197 1794 3279 peritiora

1040 3300 1192 3379 καθημένην
1208 3306 1253 3358 τοῦ
1272 3298 1343 3367 ξένου
1353 3298 1401 3370 τὴν
1418 3295 1569 3377 θεραπείαν,
1592 3296 1653 3352 ἀλλ’
1669 3289 1795 3370 αὐτουργὸν

1040 3395 1174 3475 γενέσθαι,
1189 3392 1234 3451 καὶ
1250 3392 1293 3450 τὸν
1314 3391 1415 3469 καρπὸν
1430 3388 1572 3468 ἁρπάζειν,
1587 3386 1634 3445 καί
1651 3383 1741 3464 μηδενὶ
1754 3403 1795 3440 τε·

1043 3493 1174 3567 ραχωρεῑν
1188 3489 1233 3543 τοῦ
1247 3485 1327 3542 καλοῦ
1342 3480 1434 3541 τούτου
1446 3486 1586 3558 θησαυροῦ.
1604 3478 1659 3537 Καὶ
1668 3481 1724 3542 πῶς
1736 3480 1797 3534 ταῦτα

1042 3579 1136 3656 γίνοιτ’
1154 3575 1200 3643 διν,
1213 3574 1308 3654 φησίν;
1325 3576 1347 3631 εἰ
1357 3571 1410 3652 γθρ
1421 3571 1527 3650 εὐγενὴς
1549 3571 1589 3641 εἰη
1606 3568 1653 3627 καὶ
1669 3561 1797 3647 περιφανὴς

1044 3669 1089 3728 καί
1103 3666 1216 3745 λαμπρδι
1239 3666 1285 3724 καί
1306 3664 1435 3742 ἐπίσημος
1456 3666 1487 3722 ἐκ
1512 3661 1660 3742 προγόνων,
1682 3656 1744 3728 ariri
1762 3657 1797 3711 ταῖ

1046 3760 1116 3828 ξένου
1127 3760 1197 3838 νίψει
1207 3756 1266 3823 τοὺς
1275 3757 1370 3828 πόδας,
1381 3754 1428 3814 καί
1437 3759 1494 3820 πῶς
1507 3758 1556 3813 οὐκ
1563 3751 1688 3832 αἰσχρῶς
1698 3745 1797 3827 Alani*

1272 3846 1382 3918 νίπτειν,
1401 3847 1531 3925 ἄνθρωπε.
1554 3842 1611 3902 Κᾶν
1626 3842 1678 3923 γὰρ
1694 3839 1796 3918 μυριύκνι

1044 3947 1125 4012 αὐτῆς
1137 3942 1186 4013 τὴν
1202 3939 1332 4018 εὐγένειαν
1343 3937 1443 4018 ἐπείρης
1461 3936 1507 3995 καί
1518 3935 1567 4007 τὴν
1578 3924 1797 4015 περιφάνειαν,εαί

1043 4034 1091 4108 πλν
1104 4033 1298 4114 λαμπρότητα,
1318 4034 1366 4100 τῆς
1384 4033 1464 4100 αὐτῆς
1486 4027 1595 4107 μετέχει
1615 4030 1655 4107 τῷ
1667 4018 1795 4100 νιπεαμίνὶ,

1043 4127 1158 4206 φύσεως,
1183 4123 1229 4181 καί
1245 4122 1383 4187 σύνδουλός
1409 4124 1465 4180 ίστι
1476 4125 1533 4180 ’τοῦ
1551 4106 1796 4199 θεραπευομένοιεαί

1044 4218 1179 4295 ὁμότιμος.

1088 4809 1229 4881 Ἰἰννόησον
1244 4807 1283 4873 τίς
1298 4811 1350 4864 τῶν
1364 4809 1488 4885 μαθητῶν
1500 4803 1559 4872 τούς
1572 4805 1655 4869 πόδας
1669 4802 1748 4882 ἔνιψε,
1758 4789 1789 4853 td

1047 4899 1150 4961 παῦσαί
1171 4923 1215 4976 μοι
1238 4899 1300 4979 περὶ
1323 4897 1452 4976 εὐγενείας
1470 4896 1663 4974 διαλεγόμενος.
1682 4893 1715 4953 Ὁ
1729 4884 1789 4950 stitit

1048 4997 1095 5064 τῆς
1109 4991 1263 5070 οἰκουμένης
1323 4989 1434 5062 σπότης,
1453 4991 1532 5047 ὁτῶν
1550 4988 1669 5066 α’γγέλων
1695 4973 1788 5063 βασιλεύς

1048 5085 1093 5143 καὶ
1111 5085 1182 5164 ἔνεψε
1202 5083 1249 5142 καί
1270 5084 1287 5140 λ
1334 5106 1369 5141 ιον
1394 5079 1586 5161 περιεζώσατο,
1612 5078 1657 5137 καί
1683 5074 1735 5154 oizi
1751 5070 1786 5126 ὦ*

1049 5179 1173 5252 μαθητῶν
1189 5172 1276 5252 μόνον,
1291 5172 1358 5234 ἀλλὰ
1373 5173 1417 5233 καί
1432 5175 1511 5232 αὐτοῦ
1525 5177 1571 5231 τοῦ
1584 5170 1718 5252 προδότου.
1733 5150 1785 5222 hihi
