3810 6000
267 548 336 618 320
592 569 623 617 s.
651 562 792 618 retusis
818 557 1000 610 citarsosr.
1028 556 1186 607 turture.¹
1213 558 1483 607 οοιιοτωντωιοι»δ

265 705 326 743 mm
335 685 453 745 solamen
466 686 623 745 uterentur?
643 687 721 745 Nunc
740 704 802 742 cum
816 693 920 740 tantum
930 697 978 736 oo·
1033 677 1162 754 δεομένων
1176 684 1395 764 ἀποχρήσασθαιφ
1407 681 1497 744 Ὅταν
1509 679 1540 742 bl
1554 680 1600 740 καὶ
1614 685 1729 739 τοσοῦτοι
1741 678 1784 736 eri·

265 797 401 854 mnarum,
412 790 517 837 tantum
537 777 756 855 retributionum,
771 787 845 834 tanta
857 783 980 853 peccato·
996 783 1016 830 t:
1034 793 1128 849 φανοι,
1142 772 1188 831 καί
1201 779 1328 834 τοσαῦται
1345 773 1475 852 ἀμοιῦαί,
1492 772 1538 832 καὶ
1552 769 1670 842 τοσαύτη
1682 771 1784 849 ἁμαρτη-

264 889 328 927 rum
343 869 446 929 oblivio
459 890 508 949 per
520 868 718 949 eleemosynam
741 879 861 948 paretur,
885 881 979 942 quam,
1033 861 1124 938 μάτων
1137 865 1270 941 ἀμνηστία
1285 866 1328 925 διδ
1341 870 1388 937 τῆς
1401 863 1580 943 ίλεημοοιίνης
1591 861 1712 942 γίνηται,
1726 860 1785 919 ποίαν

268 979 344 1038 rogo,
353 960 553 1019 exeusationem
565 958 717 1036 habebunt,
732 957 778 1036 qui
785 953 905 1038 pecunie
918 974 981 1033 par·
1032 951 1131 1022 ίίουσιν
1144 956 1298 1036 ἀπολογίαν,
1311 958 1370 1017 είπί
1383 981 1444 1036 μοι,
1461 961 1486 1018 ot
1495 954 1646 1037 χρημάτων
1658 952 1784 1035 φειδόμενοι

265 1064 338 1122 eunt,
349 1050 496 1112 etanimam
511 1072 587 1110 suam
597 1051 624 1110 in
634 1048 800 1131 protundum
809 1058 979 1127 peecatorum
1032 1044 1078 1104 καὶ
1103 1046 1150 1120 τὴν
1174 1048 1260 1129 ψυχὴν
1286 1048 1334 1123 τὴν
1362 1052 1462 1109 ἑαυτῶν
1488 1044 1722 1115 καταποντίζοντις
1743 1054 1783 1111 mit

263 1140 443 1222 demergunt?
457 1143 528 1200 Nam
539 1142 644 1201 etiamsi
656 1140 726 1200 nihil
742 1137 818 1199 aliud
838 1150 864 1196 te
874 1147 980 1197 moveat
1032 1136 1238 1219 ἀμαρτημασινς
1263 1143 1298 1201 Εἰ
1318 1141 1370 1222 γάρ
1392 1141 1438 1202 καί
1462 1140 1544 1220 μηδέν
1569 1162 1601 1199 σε
1623 1137 1711 1218 ἕτερον
1731 1144 1782 1196 κινεῖ

262 1249 289 1294 et
301 1236 442 1295 excitetad
454 1231 723 1296 condolendumetad
734 1231 853 1291 dandam
866 1229 979 1289 eleemo-
1031 1228 1076 1287 καλ
1092 1231 1242 1306 διανίαεηαι
1263 1234 1328 1315 πρὸς
1348 1234 1514 1313 συμπάθειαν
1535 1231 1670 1313 καὶπρὸς
1690 1232 1781 1308 disum

261 1347 369 1407 synam,
377 1328 471 1386 saltem
486 1340 580 1408 reputa
592 1346 675 1404 quam
689 1324 806 1384 incertus
815 1320 852 1382 sit
866 1320 930 1382 vitae
944 1320 978 1378 ti-
1030 1318 1119 1396 αιίνην,
1143 1327 1192 1394 τῆς
1210 1328 1334 1398 τελευτῆς
1356 1325 1404 1400 την
1427 1325 1539 1398 ἀδηλίαν
1563 1323 1732 1401 ἀναλόγισαι·
1745 1321 1781 1382 καὶ

261 1418 314 1497 nis,
330 1433 356 1479 et
370 1420 458 1499 cogita
470 1417 544 1498 quod
558 1418 664 1476 etiamsi
680 1415 844 1497 pauperibus
855 1434 907 1471 non
919 1411 977 1486 deS,
1031 1414 1220 1491 ’ἐνθυμηθείς,
1233 1416 1275 1477 δτι
1288 1416 1337 1479 κάν
1354 1417 1391 1497 μδ,
1402 1416 1498 1490 πένησι
1508 1417 1578 1496 δῷς,
1592 1413 1779 1483 ἐπελθόντοςοθῦ

262 1525 347 1582 morte
354 1524 444 1571 tamen
457 1509 668 1591 superveniente,
688 1506 756 1568 velis
770 1505 849 1582 nolis,
864 1519 925 1565 tuas
936 1524 978 1563 res
1030 1503 1141 1565 θανάτου
1155 1506 1201 1566 καὶ
1216 1507 1288 1567 ἀκων
1302 1509 1418 1589 ἔνια-πίση
1433 1507 1532 1586 ἑτάροις
1552 1507 1651 1578 αὐτῶν,
1666 1504 1714 1566 κάν
1725 1503 1780 1564 oderi

260 1602 322 1662 aliis
332 1623 501 1662 escessnrus.
519 1601 593 1681 Ergo
610 1600 765 1682 dispensato
787 1598 898 1660 divitias
908 1611 978 1671 tuas,
1029 1600 1104 1671 γενοῦ
1119 1597 1301 1678 φιλάνθρωπος
1321 1606 1375 1661 νῦν.
1399 1600 1454 1660 Καί
1466 1599 1519 1679 γὰρ
1533 1594 1650 1677 ἐσχάτης
1665 1594 1779 1664 ἅνοίοςδν

261 1711 288 1757 et
300 1695 366 1755 dum
379 1695 662 1773 li‹·et‚bumanusesto.
674 1692 888 1754 Extrcmaeenim
902 1685 1086 1768 resa-mein,
1111 1679 1147 1747 ὧν
1172 1688 1218 1749 καί
1240 1691 1348 1759 ἄκοντες
1366 1690 1517 1760 ἐξίστασθαι
1536 1688 1679 1768 μέλλομεν,
1701 1689 1781 1769 tripos

261 1788 312 1848 niae
326 1788 416 1864 tuerit,
428 1809 459 1847 ea
478 1788 576 1866 quibus
592 1786 636 1848 vel
653 1785 756 1845 invitus
773 1785 834 1844 aliis
854 1805 977 1845 cessurus
994 1785 1014 1830 Α
1029 1780 1126 1840 τούτων
1149 1781 1186 1861 μδ,
1210 1785 1368 1861 μεταδοῦναι
1389 1784 1497 1850 ἑκόντας
1519 1790 1574 1850 τοῖς
1594 1780 1730 1859 δεομένοις,
1745 1780 1781 1840 καί

260 1900 297 1956 σε,
312 1879 383 1940 nolle
394 1879 578 1959 indigentibus
592 1877 789 1938 communicare
802 1877 885 1954 ultro,
896 1876 977 1957 idque
1027 1878 1111 1933 ταῦτα
1144 1873 1289 1952 μέλλοντας
1317 1879 1434 1936 τοσαῦτα
1460 1874 1514 1934 ἀπὸ
1536 1878 1585 1946 τῆς
1610 1872 1782 1953 φιλοφροοίσς

259 1993 321 2031 cum
335 1985 408 2033 tanta
421 1970 492 2032 bona
503 1993 537 2032 ex
548 1972 599 2032 liae
608 1971 772 2051 benignitate
782 1969 833 2029 tibi
846 1970 899 2028 sint
912 1990 975 2050 pro-
1026 1964 1124 2036 ταιίτης
1136 1972 1302 2046 καρποῦσθαι
1312 1967 1390 2027 καλά.
1402 1968 1443 2028 Τὸ
1453 1970 1528 2046 ὑμῶν
1539 1965 1712 2046 περίσσευμα
1720 1964 1781 2046 φησί,

106 2081 129 2114 ²·
142 2069 197 2118 Cor·
207 2074 231 2123 θ.
258 2077 378 2124 uentura.
400 2067 439 2124 Ut
454 2077 564 2137 uestra,
577 2063 673 2142 inquit,
682 2066 765 2141 copia
774 2073 926 2121 succurrat
937 2060 975 2119 it·
1026 2054 1140 2133 γενέσθω
1150 2060 1187 2124 εἰς
1198 2058 1228 2117 τὸ
1238 2057 1344 2119 ἐκείνων
1355 2057 1501 2141 θστέρημα.
1514 2058 1552 2118 Τί
1563 2056 1593 2117 δέ
1604 2057 1780 2138 ἐστινδδίηιις

111 2127 145 2191 ¹4¹
259 2156 352 2216 lorum
363 2157 476 2235 r'nopr'oe.
489 2155 611 2226 Quidest
623 2167 713 2214 autem
725 2151 797 2232 quod
809 2151 876 2211 dicit
891 2153 975 2211 tttta-
1027 2147 1142 2216 Μείζονα
1162 2149 1326 2228 λαμὸάνεις,
1347 2150 1364 2222 ἢ
1386 2150 1471 2217 δίδως.
1495 2151 1584 2220 bidos<
1604 2150 1725 2224 αίοθητά,
1743 2150 1780 2210 καί

254 2249 315 2326 jora
324 2247 432 2328 accipis,
455 2268 537 2327 quam
555 2247 614 2306 das.
642 2249 698 2306 Das
709 2244 856 2316 sensibilia,
874 2244 975 2326 accipis
1025 2241 1171 2317 λαμὸἀνεις
1192 2243 1274 2316 νοητά
1297 2243 1343 2303 καὶ
1362 2242 1543 2322 πνευματικά·
1568 2243 1645 2311 δίδως
1665 2241 1779 2325 (ipsisne,

257 2338 437 2418 intelligibilia
456 2352 482 2398 et
494 2336 647 2419 spiritualia
653 2361 663 2416 ρ
678 2334 727 2397 dns
741 2335 893 2417 pecuniam,
904 2335 973 2394 aeci·
1025 2333 1070 2392 καί
1094 2333 1239 2411 λαμάἀνεις
1262 2336 1464 2417 ἁμαρτημάτων
1485 2335 1594 2414 ἀφεσιν·
1618 2334 1686 2404 λύεις
1706 2333 1780 2415 obri

256 2429 300 2510 pis
310 2429 490 2490 remissionem
504 2442 674 2509 peccatorum
680 2449 690 2504 ρ
709 2426 807 2486 liberas
827 2446 973 2507 pauperem
1024 2427 1118 2498 πένητι
1140 2426 1228 2504 λιμὸν,
1249 2430 1346 2497 ἐκεῖνος
1369 2430 1399 2489 δέ
1417 2452 1458 2488 σοι
1473 2427 1530 2488 λύει
1542 2436 1591 2490 τοῦ
1603 2431 1675 2490 Θεοῦ
1689 2427 1778 2511 τηνδρ·

257 2522 368 2599 alame,
391 2521 438 2580 ille
447 2535 472 2581 te
484 2521 578 2581 liberat
593 2520 629 2580 ab
638 2520 678 2578 ira
688 2518 793 2578 divina.
808 2517 973 2577 Retributio·
1024 2518 1083 2599 pls.
1108 2519 1249 2589 Ἀντίδοσίς
1272 2520 1312 2590 τίς
1336 2525 1393 2583 ἐστι
1412 2521 1458 2581 καὶ
1477 2523 1649 2602 πραγματεία
1668 2521 1778 2593 πολὺτῆς

256 2614 298 2674 nis
311 2613 362 2674 boc
373 2634 456 2694 genus
469 2626 542 2673 estet
552 2611 749 2692 negotiationis,
761 2609 834 2690 quod
844 2611 973 2691 majorem
1025 2613 1142 2685 δαπάνης
1176 2613 1257 2691 μείζω
1289 2616 1335 2674 καὶ
1361 2614 1568 2696 χρησιμωτέραν
1593 2615 1643 2688 την
1669 2614 1779 2698 πρόσοδον

254 2728 285 2766 ao
299 2706 433 2766 utiliorem
446 2705 654 2767 reditumhabet
666 2725 748 2783 quam
757 2716 888 2763 sumtum.
902 2704 972 2764 Nam
1025 2704 1131 2784 ἔχουσα.
1161 2705 1195 2766 Ἡ
1218 2705 1265 2784 μίν
1287 2707 1339 2788 ράρ
1360 2709 1464 2780 δαπάνη
1484 2709 1511 2766 ἐν
1534 2707 1657 2787 χρήμασι
1678 2707 1777 2786 γίνεται*

254 2813 359 2859 sumtus
372 2799 548 2880 pecuniarum
570 2811 626 2858 est:
640 2796 744 2857 reditus
766 2818 830 2857 vero
844 2819 896 2856 non
919 2819 970 2879 pe·
1025 2801 1041 2866 ἡ
1064 2796 1191 2877 πρόσοδος
1215 2798 1242 2858 δὲ
1258 2803 1305 2859 οὐκ
1325 2799 1364 2859 ἔτι
1378 2802 1405 2859 ἐν
1420 2798 1542 2880 χρήμασι
1557 2798 1648 2876 μόνον,
1670 2796 1779 2858 tillet

254 2890 346 2950 eunias
357 2889 613 2966 allecttantum,sed
624 2889 705 2947 etiam
716 2888 898 2948 remissionem
909 2887 970 2969 pee-
1024 2889 1051 2945 ἐν
1066 2887 1267 2971 ἁμαρτημάτων
1287 2892 1392 2971 ἀφέσει,
1412 2892 1458 2950 καὶ
1472 2889 1608 2972 παρρησίη
1621 2895 1654 2972 τῇ
1667 2889 1728 2972 πρὸς
1743 2889 1778 2949 rit

253 2995 383 3053 catorum,
398 2981 533 3060 simulque
553 2979 681 3039 fiduciam
697 3000 760 3058 erga
774 2981 874 3057 Deum,
892 2995 969 3040 etro-
989 2993 1007 3038 B
1025 2977 1103 3054 Θεὸν,
1125 2981 1171 3040 καὶ
1195 2982 1317 3065 βασιλεία
1337 2987 1389 3042 τῶν
1412 2986 1540 3061 οὐρανῶν,
1554 2983 1647 3063 καλιῇ
1661 2986 1778 3063 τῶνάγα-

158 3098 196 3128 0r.
220 3072 232 3124 .”
254 3093 337 3152 gnum
351 3072 486 3147 caelorum,
506 3071 613 3130 etbona
632 3069 681 3129 illa
697 3091 756 3147 quae
775 3092 860 3148 neque
875 3072 969 3132 oculus
1024 3076 1075 3131 θῶν
1101 3072 1258 3147 ἀπολαύσει,
1284 3075 1301 3132 δ
1327 3074 1395 3152 μήτε
1414 3076 1547 3156 ὀφθαλμὸς
1572 3066 1638 3149 εἶδε,
1660 3076 1724 3154 μήτε
1745 3065 1779 3142 τίς

252 3163 332 3240 vidit,
345 3185 393 3224 nec
403 3164 476 3223 aruis
488 3161 606 3237 audivit,
620 3184 668 3222 nec
690 3162 717 3221 in
728 3183 774 3222 cor
793 3163 910 3222 bominis
922 3165 970 3224 ad·
1024 3165 1138 3238 ἤκουσε,
1154 3165 1222 3243 μήτε
1238 3167 1283 3226 ἐπὶ
1296 3167 1407 3247 καρδίαν
1422 3167 1559 3247 ἀνθρώπω
1573 3168 1665 3240 ἀντ’ἀη.
1678 3157 1780 3236 Πῶςοίν

251 3255 418 3316 scenderunt.
433 3258 527 3313 Annon
540 3253 624 3332 igitur
633 3252 793 3329 absurdum,
802 3253 875 3332 quod
887 3276 968 3334 nego·
1024 3260 1071 3316 οὐκ
1095 3258 1201 3331 άταπον,
1224 3257 1283 3326 τοὺς
1306 3259 1353 3337 μὲν
1376 3260 1506 3340 ἐμπόρους
1530 3261 1642 3339 μηδενὸς
1664 3261 1780 3342 φείδεσθαι

251 3345 360 3404 tiatores
373 3342 442 3403 nulli
456 3343 494 3401 rei
507 3356 628 3422 parcant,
638 3342 719 3420 idque
732 3363 793 3401 cum
809 3363 861 3402 non
875 3344 968 3424 singu·
1023 3352 1075 3406 τῶν
1099 3347 1190 3420 ὄντων,
1208 3349 1253 3408 καὶ
1272 3356 1357 3410 ταῦτα
1377 3354 1426 3430 οὐχ
1450 3351 1539 3430 ἑτέρας
1552 3352 1622 3420 τινδς
1635 3352 1781 3434 καινοτίρσω

251 3436 320 3495 laria
332 3432 467 3515 quiedam,
478 3432 525 3492 sed
537 3433 612 3513 paria
622 3433 675 3492 lere
690 3433 801 3516 paribus
816 3449 968 3514 permutare
1024 3443 1081 3499 ἀλλ’
1097 3442 1189 3519 ὁμοίας
1208 3445 1241 3521 τῇ
1264 3442 1361 3521 ἐνθήκη
1375 3447 1422 3513 τῆς
1437 3444 1566 3524 ἐμπορίας
1581 3446 1667 3504 αὐτῶν
1680 3443 1780 3523 pelloi-

251 3528 352 3591 soleant
367 3548 433 3586 :nos
442 3547 514 3601 vero,
522 3546 587 3585 eum
603 3547 655 3585 non
670 3525 861 3606 corruptibilia
872 3541 898 3587 et
912 3550 967 3588 mo·
1022 3557 1071 3604 αης
1094 3534 1215 3594 ἔσεσθαι·
1242 3540 1314 3611 ἡμᾶς
1340 3534 1367 3593 et
1389 3534 1434 3595 διδ
1450 3540 1572 3616 φθαρτῶν
1596 3537 1642 3596 καί
1661 3536 1783 3617 ἐπικήριον

252 3636 403 3695 mentnnea,
425 3621 470 3680 sed
484 3619 701 3700 incorruptibilia
719 3633 745 3679 et
765 3619 925 3701 sempiterna
937 3622 969 3680 li·
1022 3623 1082 3702 οὐχί
1095 3624 1198 3704 φθαρτδι
1213 3626 1258 3685 καὶ
1270 3626 1402 3708 ἐπίκηρα,
1417 3629 1475 3687 ἀλλ’
1490 3628 1612 3709 ἄφθαρτα
1621 3630 1667 3689 καί
1678 3630 1783 3690 ἀθάνατα

252 3728 309 3774 crat
322 3735 372 3796 pro
387 3712 484 3772 nostris
494 3710 719 3792 corruptibilibus
732 3732 763 3770 ae
777 3713 970 3774 momentaneis
1022 3722 1184 3794 καρποῦσθαι
1201 3718 1344 3792 μέλλοντας
1363 3718 1463 3799 ἀγαθά,
1499 3719 1546 3791 ηδέ
1566 3719 1615 3794 την
1635 3723 1715 3794 ebrie
1728 3721 1784 3782 unt

252 3819 426 3876 commutare,
444 3826 496 3864 non
511 3803 632 3864 eamdem
645 3825 727 3882 quam
739 3803 779 3861 illi
799 3803 970 3885 diligentiam
1022 3831 1074 3876 νοις
1096 3810 1248 3890 φιλοτιμίαν
1272 3811 1333 3890 περὶ
1355 3811 1389 3870 τά
1411 3813 1475 3872 ὄντα
1496 3814 1708 3890 ἐπιδείκνυσθαι,
1735 3815 1784 3888 lli„-

252 3898 522 3957 adhibeamuslNon
539 3897 586 3973 ita,
601 3896 705 3972 fratres,
728 3917 779 3955 non
809 3896 845 3955 ita
873 3913 969 3959 nostrae
1023 3899 1146 3978 ἀδελφοί,
1169 3901 1207 3978 μὴ
1230 3901 1297 3961 οὕτω
1311 3908 1400 3972 κακῶς
1414 3904 1653 3984 περὶτῆςίαυτῶν
1667 3907 1786 3988 liminii<

254 3990 336 4049 saluti
349 3990 419 4048 male
439 3989 621 4064 consulamus,
636 3988 684 4048 sed
698 3990 764 4048 moti
780 3991 902 4072 exemplo
915 3994 970 4051 vir·
1024 3999 1091 4070 μεθα
1112 3995 1258 4075 σωτηρίας·
1288 3998 1357 4056 ἀλλά
1378 3999 1409 4058 τδ
1427 3998 1599 4080 παράδειγμα
1622 4004 1676 4062 τῶν
1696 4000 1785 4084 παρθί·

252 4083 357 4160 ginum,
373 4094 505 4140 eteorum
523 4079 569 4156 qui
590 4079 728 4138 ducuntur
738 4080 766 4139 in
785 4082 874 4160 ignem
893 4106 971 4164 para-
987 4085 1006 4132 C
1022 4108 1073 4143 νων
1090 4084 1201 4162 εἰδότες,
1228 4088 1273 4146 καί
1296 4088 1354 4156 rob<
1378 4092 1413 4154 είς
1438 4089 1469 4149 τὸ
1490 4098 1543 4171 πῦρ
1565 4092 1789 4172 ἀπαγομίναυςτδ

254 4188 312 4232 tum
326 4170 435 4231 diabolo
459 4183 485 4231 et
496 4170 600 4254 angelis
610 4171 680 4250 ejus,
699 4192 730 4230 εο
744 4171 817 4250 quod
828 4195 882 4232 non
896 4177 970 4236 alue·
1022 4176 1218 4257 ἡτοιμασμένον
1240 4183 1278 4259 τῷ
1296 4179 1411 4260 διαθολῳ
1424 4181 1470 4239 καί
1490 4190 1545 4250 τοῖς
1565 4185 1689 4264 efflet<
1705 4189 1786 4256 αὐτοῦ,

253 4260 317 4336 rint,
343 4279 428 4338 noque
449 4256 604 4338 potaverint
631 4257 787 4337 Christum,
810 4261 970 4324 retineamus
1023 4268 1114 4341 ἐπειδὴ
1128 4269 1166 4346 μὴ
1178 4269 1300 4351 ἔθρεψαν,
1310 4269 1377 4347 μηδὲ
1387 4272 1512 4332 tortuoso
1522 4275 1707 4358 τὸνχρῃλη,
1719 4277 1787 4338 ml.

253 4351 338 4413 sancti
351 4349 470 4432 Spiritus
479 4351 569 4429 ignem
579 4370 627 4429 per
632 4348 736 4428 largam
744 4349 937 4431 benignitatem
945 4372 971 4417 et
1022 4385 1114 4440 χωμεν
1133 4367 1178 4420 τοῦ
1195 4364 1349 4440 Πνεῦματος
1362 4363 1393 4422 τδ
1410 4370 1463 4443 πῦρ
1480 4364 1525 4425 διδ
1538 4369 1738 4450 φιλανθρωπίας
1748 4372 1787 4430 δε-

254 4444 376 4526 profusas
389 4443 579 4522 eleemosynas,
586 4442 695 4500 neeirca
703 4441 786 4502 fidem
800 4445 971 4526 naufragium
1022 4457 1112 4533 ψιλοῦς
1128 4453 1173 4514 καί
1188 4454 1378 4534 ἐπιτεταμένης
1392 4458 1589 4536 ἐλεημοσύνης,
1610 4460 1655 4522 ἵνα
1676 4464 1714 4541 μὴ
1735 4463 1790 4544 ,φὶ

155 4579 160 4604 .
211 4564 245 4605 tn·
254 4536 393 4595 iaciamus.
402 4531 484 4593 Fides
496 4533 569 4593 enim
583 4553 651 4613 opus
663 4531 744 4592 babet
758 4534 862 4595 auxilio
877 4539 970 4619 Spiri·
1022 4547 1070 4618 τὴν
1093 4545 1181 4605 πίστιν
1195 4547 1396 4627 ναυαγήσωμεν.
1411 4547 1446 4609 Ἡ
1461 4549 1509 4628 μὲν
1523 4552 1574 4634 γὰρ
1589 4555 1681 4625 πίστις
1692 4561 1792 4629 τῆςτοῦ

236 4643 299 4722 ‚tus
313 4649 344 4687 ae
354 4625 562 4709 perseverantia,
582 4639 612 4683 ut
625 4624 782 4685 inconeussa
795 4647 969 4707 permaneat:
1024 4638 1178 4716 Πνεῦματος
1196 4641 1279 4699 δεῖται
1301 4641 1422 4719 βοηθείας
1437 4642 1482 4701 καὶ
1497 4647 1545 4716 τῆς
1557 4656 1733 4728 παραμονῆς,
1750 4651 1788 4710 η,

113 4701 150 4790 w„
207 4703 234 4730 ¹¹¹
256 4719 391 4780 auxilium
402 4732 491 4777 autem
500 4717 619 4798 Spiritus
631 4716 693 4776 vitm
704 4719 821 4798 puritate
835 4725 970 4786 moribus·
1023 4731 1142 4799 ἀσειστος
1160 4731 1242 4809 μάνη·
1258 4739 1274 4805 ἡ
1293 4734 1319 4792 δὲ
1332 4739 1377 4793 τοῦ
1393 4735 1548 4814 Πνειίματος
1560 4740 1670 4817 βοήθεια
1683 4744 1727 4803 διδ
1737 4743 1789 4824 βίαι

256 4836 307 4893 que
317 4811 437 4894 probatis
465 4810 573 4869 retineri
589 4808 663 4889 apud
680 4830 729 4868 nos
748 4811 824 4871 solet.
841 4814 932 4886 Quare
947 4819 971 4878 si
1022 4827 1137 4902 καθαροῦ
1156 4824 1202 4883 καί
1222 4825 1357 4894 πολιτείας
1377 4826 1485 4905 ἀρίστης
1501 4833 1565 4905 ἡμῖν
1579 4832 1657 4893 εἴωθε
1671 4839 1789 4919 παραμί-

255 4906 378 4987 cupimus
390 4903 474 4962 fidem
481 4901 627 4961 radicatam
634 4900 742 4978 habere,
749 4902 861 4965 vivendi
868 4909 971 4971 ratione
1025 4938 1087 4975 νειν.
1112 4915 1197 4976 Ὥστε
1215 4920 1237 4975 εί
1252 4917 1393 4996 μελλοιμεν
1407 4920 1583 5002 ἐρριζωμένην
1598 4925 1671 5005 ἔχειν
1687 4926 1790 5002 stut-

255 5019 323 5079 pura
337 4991 970 5081 nobisopusestqnaeSpiritumretineat,aquo
1024 5030 1091 5082 στιν,
1112 5011 1247 5079 πολιτείας
1270 5014 1335 5089 ἡμῖν
1363 5013 1401 5071 δεῖ
1424 5017 1540 5094 καθαρᾶς
1563 5021 1612 5088 τῆς
1633 5019 1666 5079 rb
1685 5023 1791 5101 Πνεῦμα

255 5102 336 5147 totam
351 5085 414 5145 fidei
431 5085 486 5143 vim
507 5081 657 5164 dependere
676 5100 785 5147 constat.
801 5089 971 5170 Impossibile
1022 5099 1161 5172 πειθούσης
1180 5100 1267 5178 μένειν
1289 5102 1334 5161 καὶ
1355 5103 1473 5183 συνέχειν
1490 5106 1592 5178 ἐκείνης
1606 5109 1655 5182 τὴν
1676 5111 1791 5191 emm

285 5298 295 5320 ¹
312 5284 368 5336 Duo
379 5284 437 5335 list.
448 5291 592 5352 ίνθυμήθητι.
