3764 5992
836 412 1017 463 nersronn.
1640 398 1708 473 803

168 559 310 621 oppresso,
324 538 594 623 pryeloppupocu'rp
603 534 758 599 istiusmodi
767 556 822 598 uon
832 536 974 601 mndoret.
984 536 1145 603 Juvatenim
1153 536 1408 623 animumpetpstuo
1419 560 1535 605 utoerore
1545 555 1711 626 pneumam

167 632 268 691 talibus
276 631 351 693 velut
359 630 537 691 adminiculis
546 651 575 691 se
588 628 690 710 erigere
697 642 778 709 atque
790 628 965 693 elevare.Scd
977 630 1117 691 haeum
1125 630 1219 712 paulo,
1232 652 1313 711 quam
1324 653 1376 715 par
1387 646 1467 709 esset,
1478 634 1603 697 ace-bitu
1610 649 1710 699 uaer-

165 724 215 783 rit.
231 723 274 784 sit
282 722 335 783 hoc
348 721 537 804 Chrysostomi
548 721 639 803 culpa,
650 742 704 781 non
716 734 807 781 autem
816 736 1016 803 argumentum,
1027 722 1098 803 qnod
1112 723 1225 805 epistola
1238 722 1274 783 sit
1286 713 1470 805 supposititia.
1484 728 1548 795 lum¹
1556 726 1621 789 bine
1633 727 1711 795 colli·

166 837 257 897 gerem
271 814 360 896 potius
378 814 527 894 genuinum
540 835 596 874 esse
614 814 720 874 loetum.
739 813 810 889 Quis
821 814 895 874 enim
908 814 1005 892 nescit,
1019 837 1102 895 quam
1115 815 1236 896 ingentes
1253 815 1356 876 luerint
1368 817 1562 900 Chrysostom
1572 819 1707 903 spiritura

166 930 220 986 qua
235 907 467 991 ίλευθεροοτομίρ,
483 926 536 984 qua
555 905 693 988 παρρησία
705 904 734 967 in
744 926 837 966 omnes
850 928 917 967 usus
928 907 1022 986 luerit,
1034 908 1115 968 mmm
1125 907 1153 967 in
1168 905 1322 969 Eudoxiam
1334 911 1496 989 Augustam.
1508 911 1540 975 Si
1549 910 1636 993 Igitur
1646 912 1710 975 Eu-

167 999 256 1063 doxiae
272 1020 324 1060 non
338 999 467 1081 pepercit,
481 998 593 1059 Arsacio
614 1019 677 1058 eum
692 1019 803 1079 parcere
820 998 940 1059 voluisse
962 1012 1035 1059 estne
1048 998 1219 1059 verisimile?
1232 1000 1327 1067 Restat
1340 999 1469 1061 ultimum
1483 1016 1709 1083 argumentum
1780 1012 1786 1021 '

167 1114 233 1153 voro
250 1096 408 1153 Κοοκουσῶν
428 1091 554 1172 petitum,
570 1091 643 1170 quod
662 1090 712 1151 etsi
722 1112 776 1151 non
797 1091 989 1172 negligendum
1004 1090 1120 1167 videtur,
1129 1104 1219 1151 tamen
1233 1090 1286 1151 nisi
1296 1090 1408 1154 aliunde
1420 1093 1618 1169 corroboretur,
1633 1116 1670 1159 ex
1681 1116 1711 1157 te
1773 1086 1777 1096 ’
1800 1168 1803 1175 Ι

167 1208 265 1267 parum
286 1185 423 1245 firmitatis
440 1184 529 1244 halet.
544 1183 637 1244 Potuit
655 1183 727 1244 enim
745 1184 790 1245 vel
813 1184 987 1262 librarii,vel
999 1183 1162 1266 typographi
1178 1184 1259 1265 culpa
1283 1184 1413 1263 arridere,
1439 1199 1470 1246 ut
1485 1207 1535 1268 pro
1549 1190 1710 1263 desecet,

169 1281 328 1339 Κουκουαῶν
340 1278 515 1340 scriberetur.
532 1278 675 1356 Praeterea,
695 1276 724 1336 ni
738 1277 827 1354 fallor,
847 1291 874 1337 et
895 1277 1042 1343 Κουαοοσός
1056 1288 1082 1335 et
1097 1273 1235 1336 Kouroucd
1247 1275 1356 1355 legitur.
1370 1275 1425 1338 Sed
1438 1276 1523 1339 instar
1536 1278 1659 1339 omnium
1669 1290 1712 1339 est

169 1370 239 1431 illud
247 1368 282 1429 de
292 1371 364 1451 stylo
373 1384 399 1430 et
412 1370 575 1441 charactere,
583 1369 659 1450 quod
671 1369 759 1429 solum
769 1382 874 1430 tantum
884 1368 959 1450 apud
970 1388 1014 1427 me
1024 1367 1106 1443 valet,
1120 1380 1150 1426 ut
1163 1366 1349 1428 nondubitem
1357 1390 1421 1429 cum
1427 1368 1599 1448 Halesiotuo,
1607 1368 1710 1452 optimo

169 1477 195 1523 et
205 1463 389 1522 eruditissimo
398 1464 506 1543 juvene,
519 1461 703 1543 pronuntiare,
712 1460 831 1541 epistolae
844 1460 926 1544 hujus
942 1474 1079 1529 auctorent
1098 1480 1151 1519 non
1171 1458 1396 1542 chrysostomum
1404 1460 1497 1536 fuisse,
1508 1460 1650 1525 sedulium
1657 1461 1709 1523 eli·

170 1576 249 1633 quem
264 1575 327 1613 cum
341 1554 536 1635 Chrysostomo
549 1574 597 1613 nec
611 1552 719 1633 ingenio
733 1573 782 1613 nec
795 1552 947 1633 eloquentia
960 1549 1180 1632 comparandum.
1195 1575 1210 1608 α

209 1648 296 1705 Locus
311 1646 359 1706 illc
371 1645 472 1721 Photii,
486 1665 568 1723 quem
582 1659 773 1704 commemorat
790 1665 872 1725 supra
892 1643 1027 1720 llalesius,
1049 1643 1089 1703 sic
1113 1644 1196 1703 habet
1210 1667 1217 1701 ε
1233 1642 1299 1705 Ὅτι
1320 1648 1394 1726 ivr-'p
1415 1644 1480 1727 πρὸς
1499 1646 1544 1707 τὸν
1566 1646 1709 1710 ίπίσαοπον

169 1739 301 1818 liuprando
316 1741 460 1819 ἐπιστολῇ,
480 1741 512 1813 ἣν
536 1737 590 1798 ἀπὸ
610 1742 658 1810 τῆς
682 1739 803 1821 δευτέρας
825 1736 970 1817 ἔξίπεμψεν
988 1734 1108 1819 ίξορίας,
1136 1733 1300 1796 καθάπτεται
1324 1734 1372 1815 pis
1394 1743 1441 1797 τοῦ
1466 1736 1615 1818 Ἀρσανίαν,
1628 1740 1710 1821 λῆρον

168 1830 245 1890 αὐτὸν
257 1831 303 1891 καί
319 1831 412 1912 μοιχὸν
428 1835 535 1891 καλῶν·
552 1835 653 1892 ἐπαινεῖ
674 1828 702 1892 δὲ
724 1829 783 1899 rob<
797 1826 1041 1911 ἀποστρεφομένους
1052 1827 1101 1900 τὴν
1114 1830 1194 1889 αὐτοῦ
1207 1828 1356 1903 κοινωνίαν,
1369 1831 1407 1897 ὣς
1425 1828 1470 1890 &d
1486 1830 1556 1891 θεὸν
1565 1830 1613 1891 καὶ
1627 1829 1660 1891 τί
1672 1834 1710 1900 εἷς

167 1920 211 1980 τὸν
224 1923 349 2004 ἀρχιερέα
367 1926 445 1984 αὐτοῦ
462 1922 581 2000 ἀδίκημα
592 1920 643 1995 τὴν
656 1922 825 2004 ἀποστροφὴν
846 1925 933 1982 struo
946 1919 1129 1999 ποιωμίνουε.
1142 1917 1239 1981 Καίτοι
1251 1943 1282 2000 γε
1293 1921 1319 1979 lt
1334 1919 1424 1989 ἄλλοις
1439 1918 1561 2002 φαίνεται
1573 1925 1710 2005 παραινῶν

169 2013 206 2090 μὴ
221 2015 381 2095 ἀφίστασθαι
395 2016 448 2076 ἀπὸ
461 2019 508 2088 τῆς
518 2014 689 2088 ’Eutharico
703 2017 751 2083 Εἰς
758 2021 838 2075 τοῦτο
851 2015 879 2075 δί
894 2012 1014 2096 ὕστερον,
1025 2014 1062 2079 ὡς
1073 2011 1159 2081 lotae,
1169 2008 1285 2087 μετίοτη
1293 2054 1304 2083 ,
1313 2008 1405 2083 ἐπειδὴ
1417 2011 1464 2072 καί
1477 2016 1502 2073 oi
1510 2017 1601 2074 τοῦτον
1612 2012 1711 2083 ἀδίκως

168 2105 338 2180 ἕκὸαλόντες,
349 2109 400 2187 οὐχ
407 2098 444 2175 οἷς
456 2106 566 2185 ἔπραξεν
579 2105 710 2186 ἔστερξαν,
722 2105 790 2167 ἀλλὰ
803 2105 848 2165 καὶ
858 2102 1027 2184 καταδρομὰς
1036 2100 1082 2163 καί
1089 2100 1231 2169 teremit<
1238 2099 1308 2163 sert
1315 2104 1369 2161 τῶν
1377 2106 1449 2185 αὐτῷ
1458 2103 1709 2186 προσαναεειμίνων

168 2196 213 2267 καί
233 2197 373 2279 ὑπερορίας
388 2198 606 2276 castanearum.
626 2222 641 2253 α
656 2197 689 2257 ln
703 2197 816 2278 epistola
825 2195 861 2256 ad
883 2196 1028 2277 Cyriaeum
1043 2195 1209 2275 episcopum,
1218 2213 1300 2271 quam
1309 2192 1338 2254 in
1350 2192 1469 2256 secundo
1478 2194 1586 2277 scripsit
1598 2196 1708 2278 exsilio,

168 2288 312 2349 Arsacium
324 2290 468 2351 insectatus
481 2289 599 2350 delirum
612 2303 639 2349 ct
654 2288 789 2351 moechum
803 2302 900 2364 vocat,
919 2287 1064 2365 laudatque
1082 2305 1128 2345 eos
1150 2283 1197 2362 qui
1217 2284 1276 2365 ejus
1303 2284 1520 2347 communionem
1540 2301 1708 2368 aversantur,

168 2395 261 2461 utpote
275 2382 323 2460 qui
344 2396 455 2464 propter
471 2383 572 2461 Deum,
589 2396 615 2441 et
629 2394 740 2463 propter
754 2381 915 2463 injustitiam
939 2376 1141 2457 archiepiscopo
1154 2396 1203 2435 suo
1223 2374 1329 2436 illatam
1344 2376 1380 2435 ab
1400 2375 1461 2458 ipso
1480 2391 1663 2459 segregentur.
1676 2378 1709 2439 ln

167 2472 229 2532 aliis
241 2487 330 2533 tamen
344 2473 411 2534 locis
421 2473 546 2534 hortatur
560 2496 594 2534 ne
603 2474 639 2533 ab
652 2472 774 2534 Ecclesia
786 2486 953 2555 separentur.
970 2472 1075 2532 Verum
1087 2468 1127 2529 sic
1144 2467 1242 2528 ultimo
1255 2471 1415 2530 sententiam
1427 2471 1576 2557 mutavisse
1589 2470 1709 2551 videtur,

167 2564 229 2642 quia
244 2564 265 2624 ii
280 2565 328 2645 qui
341 2586 370 2625 se
380 2565 481 2646 injuste
493 2566 633 2646 ejecerant,
652 2564 734 2644 gestis
746 2564 804 2625 suis
817 2585 871 2625 non
892 2562 1103 2644 acquiescerent,
1117 2558 1165 2621 scd
1179 2561 1284 2641 eosqui
1299 2562 1352 2623 sibi
1365 2561 1470 2624 addicti
1482 2577 1582 2644 essem,
1595 2564 1709 2628 inuete-

167 2670 270 2734 rentur,
288 2656 396 2717 insidiis
406 2669 572 2739 appeterent,
583 2669 610 2716 et
622 2656 650 2715 in
665 2655 795 2717 exsilium
804 2655 989 2717 amandarent.
1006 2677 1022 2710 a

206 2750 246 2809 Ut
257 2748 294 2808 ad
306 2749 410 2831 objecta
420 2749 456 2809 ab
466 2747 576 2808 Halesio
589 2746 742 2827 redeamus,
754 2768 784 2808 ea
798 2747 887 2809 omnia
900 2767 954 2809 non
967 2745 1038 2805 male
1045 2745 1175 2807 mutavit
1185 2747 1302 2808 lomnes
1308 2746 1426 2825 Boisitu,
1439 2768 1494 2809 uno
1506 2762 1619 2830 excepto
1627 2770 1708 2833 argu·
1777 2800 1783 2813 .

167 2854 257 2901 mento
275 2862 310 2901 ex
328 2841 395 2924 styli
413 2839 636 2901 dissimilitudine
653 2840 747 2921 petito,
763 2839 836 2919 quod
849 2839 896 2901 ille
911 2839 1100 2921 amplectitur;
1121 2853 1148 2900 et
1167 2852 1258 2900 umen
1276 2853 1317 2900 est
1337 2839 1459 2902 omnium
1471 2839 1661 2919 levissimum,
1677 2856 1709 2903 ut

168 2931 238 2991 iulra
251 2932 399 2993 videbitur.

208 3023 344 3084 Primoait
351 3024 773 3107 Halesinsseepistolaremillum
779 3023 960 3087 mareoterem
968 3024 1170 3108 inhacepistolu
1178 3045 1231 3087 ncn
1241 3023 1344 3101 videte,
1354 3026 1436 3105 quiin
1448 3025 1510 3087 eliis
1520 3024 1708 3111 Chrysostomi

167 3115 295 3196 operibus
307 3116 485 3195 observatum
500 3130 526 3177 et
537 3116 614 3197 quasi
624 3116 727 3179 oblitus
739 3116 1087 3197 eorumqueantedixerat,
1099 3116 1140 3176 ait
1153 3116 1316 3197 prooemium
1326 3116 1463 3179 idemlere
1475 3117 1585 3197 habere,
1598 3117 1708 3198 quodin

168 3208 280 3289 epistola
287 3208 375 3290 prima
381 3207 417 3270 ad
423 3208 626 3292 Olympiadem,
634 3231 716 3289 mam
723 3208 781 3291 ipse
789 3220 820 3269 ut
826 3209 971 3290 genuinam
984 3208 1121 3285 admittit3
1131 3207 1445 3292 illudveroprooemium
1455 3209 1708 3292 magnamcpistolae

166 3315 269 3381 partem
283 3301 488 3384 complectiturr
503 3302 601 3362 intuta
617 3300 703 3382 igitur
716 3301 765 3361 illa
779 3315 856 3383 parte
875 3300 1002 3362 admittat
1010 3314 1115 3383 oportet
1127 3301 1297 3383 epistolarem
1310 3302 1390 3363 illum
1406 3301 1593 3384 Chrysostomi
1606 3302 1707 3364 ebera·

165 3406 276 3471 cterem;
285 3395 313 3455 iu
322 3394 496 3474 sequentibus
505 3394 586 3456 etiam
594 3415 647 3455 non
655 3415 742 3475 pauca
752 3415 787 3454 ex
798 3394 919 3476 epistolis
928 3391 964 3453 ad
974 3393 1168 3476 Olympiadem
1178 3415 1267 3473 exque
1278 3393 1341 3455 aliis
1354 3394 1420 3455 item
1430 3395 1560 3476 reperias,
1573 3394 1704 3474 quoniam
1715 3423 1753 3463 aar

166 3486 193 3546 in
204 3487 249 3548 his
258 3487 391 3569 epistolis,
405 3502 437 3549 ut
451 3487 544 3549 statim
556 3486 681 3547 observes
692 3485 716 3545 si
729 3485 814 3567 legas,
824 3485 932 3546 eumad
943 3487 1066 3549 diversos
1080 3487 1185 3565 scribit,
1198 3485 1292 3547 eadem
1303 3488 1360 3547 lere
1368 3486 1475 3568 repetit,
1493 3500 1524 3547 ut
1533 3486 1705 3569 optimeani-

166 3578 314 3641 madvertit
326 3579 446 3641 Bcisius.
463 3578 541 3639 Nihil
552 3592 624 3639 certe
637 3578 682 3639 hic
692 3591 732 3639 est
746 3576 820 3658 quod
832 3579 1035 3660 compilatorem
1045 3579 1131 3660 sapiat
1137 3601 1147 3656 ς
1161 3578 1252 3639 omnia
1259 3578 1359 3657 lluuut,
1372 3577 1463 3638 omnia
1472 3591 1546 3640 recto
1555 3578 1708 3661 procedunt

166 3669 280 3732 ordine:
295 3692 357 3733 rum
374 3684 465 3731 autem
478 3683 617 3732 accusatus
633 3670 709 3750 quod
727 3690 790 3730 cum
809 3669 922 3730 muliere
936 3670 1111 3731 concubuerit
1132 3669 1277 3752 respondet
1294 3673 1428 3732 rExuite
1441 3691 1545 3752 corpus
1555 3690 1663 3748 meum,
1675 3685 1706 3734 et

166 3768 360 3826 membrorum
381 3785 512 3827 meorum
531 3764 786 3847 mortificationem
805 3767 963 3844 reperietis,
980 3763 1010 3824 id
1024 3764 1072 3842 ait,
1084 3762 1160 3843 quod
1172 3763 1201 3824 in
1215 3763 1276 3845 pari
1289 3784 1353 3823 casu
1366 3760 1511 3823 dicendum
1519 3764 1648 3845 oportuit.
1660 3767 1705 3825 An

165 3871 252 3918 tacere
264 3857 342 3919 licuit
351 3879 415 3921 cum
424 3858 454 3919 in
464 3857 546 3919 rebus
559 3854 727 3937 gravissimis
739 3856 808 3917 tanti
821 3854 937 3937 episcopi
951 3856 1023 3916 sama
1036 3854 1201 3917 lederetur?
1216 3858 1313 3916 Annon
1324 3855 1413 3938 potuit
1423 3854 1479 3929 ille,
1489 3854 1545 3915 imo
1557 3876 1647 3919 annon
1656 3856 1705 3919 de·

165 3948 266 4009 buitde
274 3962 348 4011 tanto
356 3950 468 4012 crimine
480 3961 621 4011 accusatus
633 3969 664 4008 ea
674 3948 802 4030 proferre,
813 3968 873 4027 quae
883 3947 919 4008 ad
927 3947 970 4009 sui
984 3947 1170 4029 purgationem
1178 3961 1330 4029 opportuna
1338 3947 1436 4009 erant?
1447 3946 1706 4030 Popularetneutem

167 4041 396 4119 acclamationem,
406 4042 460 4105 imo
470 4055 496 4102 et
506 4041 588 4103 verba
598 4040 666 4122 ipsa,
680 4041 767 4101 amico
777 4038 835 4100 sine
842 4040 971 4121 jactantia
985 4039 1074 4101 dicere
1083 4041 1170 4121 potuit
1181 4039 1404 4122 Chrysostomus:
1414 4039 1495 4103 amici
1503 4060 1628 4119 namque,
1636 4061 1705 4122 pre·

166 4133 257 4194 sertim
271 4133 292 4192 ii
305 4133 353 4214 qni
367 4132 460 4195 eadem
472 4132 508 4194 de
519 4154 600 4193 causa
614 4146 759 4207 vexantur,
773 4153 901 4192 areanum
917 4132 986 4191 nihil
997 4133 1067 4193 inter
1079 4154 1107 4192 se
1120 4132 1220 4193 habent
1233 4157 1240 4190 :
1253 4133 1385 4215 Cyriacus
1395 4154 1476 4214 porro
1489 4131 1568 4192 exsul
1577 4130 1613 4191 de
1622 4131 1705 4192 illatis

165 4226 261 4287 Joanni
277 4226 471 4308 Chrysostomo
481 4225 561 4286 malis
573 4224 723 4285 admodum
735 4224 862 4302 dolebat;
877 4224 939 4285 ideo
957 4246 1016 4304 quar
1035 4224 1089 4286 sibi
1101 4225 1189 4285 fausta
1201 4224 1348 4285 acciderint
1362 4237 1480 4287 recenset
1493 4223 1704 4304 Chryscstomus

162 4331 193 4378 ut
206 4319 297 4401 ipsum
310 4318 471 4393 consoletur,
486 4318 574 4398 iisque
592 4313 728 4378 recensitis
739 4317 778 4378 ita
788 4316 904 4378 claudit:
921 4319 1114 4399 Quamobrem
1128 4332 1157 4380 te
1175 4339 1256 4400 rogo,
1273 4340 1310 4379 ue
1328 4321 1451 4399 gerribm
1472 4321 1531 4377 tuis
1544 4316 1704 4377 advolutus

164 4415 298 4488 obtestor,
310 4423 341 4472 ut
352 4430 503 4471 moeroreru
513 4422 542 4469 et
554 4411 666 4470 luctum
676 4412 809 4490 abjicias.
820 4412 882 4473 Jam
894 4431 956 4470 cum
970 4409 1111 4471 Arcadum
1119 4410 1326 4492 sycophantam,
1341 4408 1389 4487 qui
1402 4408 1502 4471 oblatis
1513 4406 1566 4467 sibi
1576 4405 1704 4488 episcopo

163 4523 212 4562 suo
223 4503 300 4564 salsis
312 4501 558 4579 criminationibus,
580 4500 670 4562 sedem
681 4522 757 4562 suam
772 4502 914 4575 invaserat,
928 4501 972 4563 vir
981 4516 1070 4563 tamen
1083 4503 1269 4583 octogenarius
1279 4516 1305 4562 et
1314 4499 1477 4576 ineruditus,
1491 4520 1565 4580 oum,
1578 4499 1701 4580 inquam,

161 4594 242 4654 illum
251 4594 380 4671 delirum,
392 4595 530 4656 moechum
542 4607 568 4653 et
582 4594 679 4675 lupum
691 4607 778 4671 vocat,
789 4593 859 4653 illud
867 4594 923 4675 agit
932 4594 1005 4673 quod
1015 4593 1142 4676 praestitit
1151 4594 1324 4668 Athanasius,
1336 4614 1399 4652 eum
1407 4591 1556 4673 Gregorius
1568 4591 1704 4673 quispiam

163 4685 192 4745 in
203 4686 260 4766 ejus
272 4687 364 4747 locum
377 4686 540 4747 substitutus
553 4699 601 4763 est,
616 4700 642 4745 et
650 4699 742 4767 postca
752 4707 816 4746 cum
831 4686 966 4766 Georgius
979 4686 1064 4768 ipsius
1076 4686 1167 4746 sedem
1178 4685 1291 4762 invasit3
1304 4706 1367 4744 uam
1383 4684 1521 4766 improbos
1531 4681 1700 4766 hujusmodi,

162 4776 335 4853 facinorosos,
347 4777 430 4858 etqui
443 4799 536 4859 pacem
548 4777 675 4838 Ecclesia}
688 4777 914 4852 interturbabant,
929 4798 983 4839 nou
995 4777 1080 4839 sancti
1093 4777 1147 4840 viri
1164 4776 1253 4852 modo,
1268 4777 1316 4838 scd
1328 4776 1382 4859 ipsi
1396 4797 1504 4856 quoque
1516 4774 1632 4857 apostoli
1640 4796 1703 4835 ma-

162 4869 269 4930 ledictis
280 4869 456 4930 incessebant.
469 4869 514 4931 ud
527 4869 586 4929 hac
601 4890 663 4931 vero
675 4891 710 4930 an
721 4869 878 4931 clementius
897 4869 954 4952 agit
968 4870 1179 4952 Chrysostomus
1192 4889 1253 4928 cum
1267 4868 1378 4929 Arsacio
1388 4868 1418 4928 in
1430 4868 1502 4929 libro
1517 4867 1567 4928 illo
1581 4865 1626 4927 cui
1638 4866 1704 4927 titu-

163 4961 216 5039 lus,
233 4962 288 5022 Aa
303 4982 352 5022 eos
367 4966 419 5044 qui
428 4963 629 5023 scandalizati
639 4974 718 5036 suut,
733 4983 813 5042 quem
824 4983 905 5044 supra
915 4961 1073 5022 edidimus?
1087 4966 1128 5021 dn
1140 4960 1248 5022 mitiora
1260 4960 1304 5021 his
1313 4974 1375 5020 sunt
1389 4960 1471 5021 verba
1482 4980 1542 5039 que
1550 4957 1651 5021 ibidem
1664 4956 1704 5019 le·

163 5068 274 5131 guntur,
289 5076 316 5136 p.
326 5055 394 5131 507,
406 5075 432 5113 c.
448 5055 497 5127 20,
522 5053 605 5135 ἱερεὺς
616 5062 671 5130 νῦν,
682 5058 779 5137 φαῦλος
788 5054 976 5136 γεγενημένος,
987 5053 1032 5114 καὶ
1042 5051 1122 5112 λύκου
1133 5049 1230 5118 παντὸς
1241 5050 1401 5132 ἀγριώτερον
1410 5051 1547 5122 ἐπιπηδῶν
1560 5053 1593 5130 τῇ
1605 5046 1704 5130 egby,

164 5147 298 5207 sacerdos
311 5147 363 5207 itte
372 5149 529 5226 improbus,
546 5146 613 5225 lupo
624 5151 726 5226 qrtoris
736 5151 841 5208 servius
855 5150 885 5207 in
901 5167 1016 5227 gregem
1030 5146 1164 5206 insiliens
1176 5151 1190 5202 P
1203 5146 1244 5203 Λο
1260 5142 1328 5224 quid
1343 5142 1453 5223 gratius
1467 5141 1521 5203 dici
1530 5140 1645 5228 potuit?
