3810 6000
267 526 332 597 106
586 552 616 599 s.
646 547 785 600 solutus
810 543 993 596 cunrsosv.
1023 545 1182 599 rncnruv.
1210 550 1480 602 consrnnrruon.

260 684 329 731 ture
348 671 465 754 piscium
477 673 561 735 verbo
573 672 686 734 cedens?
705 670 783 734 vides
796 690 890 730 rursus
907 682 977 727 tem·
1036 672 1105 733 ἀλλὰ
1126 675 1165 732 δεῑ
1184 674 1312 755 πρότερον
1333 679 1430 735 ἐκεῖνον
1448 678 1658 747 ταπεινωθῆναι,
1674 676 1722 737 καὶ
1747 677 1804 738 σόει

259 783 358 843 porum
379 766 610 844 observationem,
621 781 647 825 ct
661 762 872 825 circumcisionis
883 759 976 820 indul·
1034 772 1125 825 τοῦτον
1139 767 1284 846 ὑψωθῆναι.
1304 764 1358 826 Διά
1375 771 1454 826 τοῦτο
1471 764 1621 838 κατίόησαν
1644 770 1669 826 ol
1684 767 1803 828 ἀπόσπα-

261 855 379 932 gentiam
396 878 428 916 ac
440 857 634 917 sacrificiorum
647 854 861 915 communionem
880 852 977 910 initam
1033 860 1076 917 λοι
1089 859 1142 919 ἀπὸ
1154 864 1200 919 τοῦ
1219 857 1298 938 ὕψους
1317 862 1365 929 τῆς
1385 857 1519 926 πολιτείας
1533 857 1604 930 θεῆς
1617 861 1800 938 stamme,

258 945 361 1007 idcirco
373 970 439 1021 esse,
456 971 508 1010 non
524 964 555 1009 ut
568 950 620 1030 lpsl
632 947 667 1008 ad
682 961 799 1008 velerem
818 944 974 1025 religionem
995 987 1020 1027 ω
1032 949 1076 1008 ἵνα
1089 950 1141 1010 ἀπὸ
1151 955 1199 1023 τῆς
1218 947 1404 1021 ταπεινότητος
1417 953 1466 1021 τῆς
1478 948 1612 1017 πολιτείας
1624 954 1673 1022 τῆς
1688 948 1802 1011 Ἰουδαῖ-

258 1038 385 1117 redirent,
399 1041 446 1101 sed
456 1056 488 1100 ut
501 1042 562 1101 illos
575 1041 623 1120 qni
633 1041 729 1120 figuris
740 1039 923 1111 adherebant,
938 1035 974 1095 ad
996 1042 1017 1089 Α
1033 1045 1083 1113 κῆς
1100 1041 1269 1123 ἀναγάγωσιν
1289 1045 1326 1110 εἰς
1344 1041 1376 1102 τδ
1392 1040 1456 1123 θψος
1474 1044 1558 1102 ἐκεῖνο
1577 1037 1639 1110 τοὺς
1652 1039 1799 1109 Ἰουδαίοις.

258 1131 399 1192 veritatem
417 1134 613 1214 proveherent?
637 1133 693 1207 Qui
716 1132 838 1191 enimin
862 1127 974 1190 sublimi

257 1223 317 1283 loeo
328 1226 411 1302 sedet,
421 1227 444 1286 si
457 1241 587 1308 perpetuo
598 1239 704 1286 maneat
716 1227 745 1284 in
755 1225 879 1298 sublimi,
894 1244 974 1283 num·

258 1338 339 1394 qnam
352 1319 450 1398 poterit
465 1341 536 1393 curn,
545 1319 592 1398 qni
606 1318 732 1377 deorsum
742 1318 823 1398 jacet,
837 1314 972 1389 evehere,

256 1408 303 1466 sed
317 1410 395 1470 illum
409 1412 485 1492 prius
498 1432 526 1470 se
542 1411 682 1471 demittere
693 1423 810 1491 oportet,
830 1429 863 1467 ac
875 1405 973 1466 deinde

255 1499 337 1561 istum
347 1502 472 1561 exaltari.
484 1504 627 1582 Propterea
639 1507 676 1561 en
686 1500 852 1563 sublimitate
863 1497 974 1576 religio-

255 1591 298 1650 nis
311 1593 471 1673 evangelice
485 1592 679 1653 desccnderunt
693 1590 817 1673 apostoli,
837 1605 896 1650 uta
911 1590 974 1649 reli-

256 1678 342 1756 gionis
353 1681 474 1742 Judaicae
484 1682 636 1741 humilitate
644 1682 681 1742 ad
692 1680 886 1741 sublimitatem
896 1678 974 1738 illam

255 1770 363 1831 Judaeos
376 1773 564 1853 proveherent.

294 1864 322 1923 5.
343 1863 398 1924 Sed
413 1879 564 1947 temporum
577 1865 690 1944 quidem
706 1864 920 1925 observationem
940 1885 973 1924 ae

252 1953 356 2033 reliqna
378 1956 467 2015 omnia
487 1957 591 2016 utiliter
612 1971 639 2016 et
659 1956 799 2018 commode
823 1957 894 2016 lacta
915 1978 972 2016 csse

253 2060 357 2106 constat
376 2048 501 2108 existis:
516 2050 651 2128 reliquum
665 2063 704 2108 est
720 2062 809 2108 autem
829 2062 861 2106 ut
873 2047 971 2107 viden-

252 2158 314 2198 mus
331 2160 385 2218 qua
403 2140 437 2199 dc
451 2162 530 2201 causa
545 2141 573 2207 in
592 2143 745 2201 Pentecoste
755 2140 828 2200 liber
841 2143 971 2200 Actorum

153 2256 200 2300 cu,
210 2256 243 2301 te·
253 2229 367 2311 legatur.
379 2234 436 2294 Hac
445 2234 516 2293 enim
527 2234 562 2294 de
570 2256 649 2293 causa
658 2234 717 2293 haec
728 2234 817 2293 omnia
827 2233 970 2314 proposui-

94 2329 180 2372 „noo
220 2323 243 2364 ⁵¹¹
253 2342 325 2401 mus,
339 2339 381 2402 ut,
397 2347 460 2385 eum
472 2340 624 2406 temporum
638 2326 853 2385 observationem
870 2325 970 2385 instare

101 2381 230 2425 l’enleeorle
273 2415 279 2428 .

101 2446 154 2486 seo
162 2442 241 2502 ψη,
254 2415 422 2493 videritis,ne
431 2418 589 2478 existimetis
598 2418 732 2499 apostolos
741 2417 863 2479 Judaicis
871 2418 970 2478 ritibus

1072 1858 1142 1920 Ἀλλ’
1156 1857 1197 1921 ότι
1212 1858 1289 1938 μὲνὴ
1304 1861 1477 1942 τῶνκαιρῶν
1495 1859 1682 1942 παρατήρησις
1701 1858 1747 1920 καί
1766 1855 1799 1920 τίς

1031 1952 1113 2013 λοιπδι
1132 1952 1220 2013 πάντα
1238 1951 1380 2034 χρησίμως
1400 1953 1445 2013 καί
1466 1952 1652 2035 συμφερόντως
1671 1951 1798 2033 ἐγίνοντο,

1032 2042 1085 2102 ἀπὸ
1098 2043 1197 2103 τούτων
1216 2045 1313 2114 δῆλον·
1328 2044 1424 2122 ίδιομεν
1440 2043 1469 2106 dl
1484 2045 1576 2105 λυιπδν
1586 2044 1656 2113 τίνος
1669 2043 1757 2106 ἕνεκεν
1769 2045 1798 2105 τό

1032 2133 1133 2213 βιόλίον
1151 2139 1203 2194 τῶν
1220 2135 1346 2216 Πράξεων
1366 2140 1420 2194 τῶν
1439 2135 1592 2197 ἀποστολων
1604 2139 1634 2196 ἐν
1655 2141 1696 2217 τῷ
1715 2137 1797 2215 καιρῷ

1028 2230 1077 2297 τῆς
1107 2229 1288 2301 πεντηκοστῆς
1320 2225 1538 2306 ἀναγινώσκεται.
1565 2227 1618 2287 Διά
1640 2228 1694 2309 γάρ
1724 2233 1797 2287 τοῦτο

1028 2323 1114 2378 ταῦτα
1139 2320 1227 2379 πάντα
1251 2319 1428 2397 ἓκινήσαμεν,
1445 2318 1497 2393 ἵν’,
1517 2319 1581 2380 ὅταν
1603 2319 1679 2390 ἴδητε
1702 2323 1796 2401 καιρῶν

1029 2409 1215 2491 παρατήρησιν
1244 2411 1414 2491 ἕγκειμένην,
1438 2409 1477 2488 μή
1508 2410 1636 2489 νομίσητε
1664 2409 1796 2471 πολιτείαν

250 2508 322 2568 velle
334 2531 361 2569 se
375 2511 660 2591 obstringereVerum
670 2508 800 2569 attendite
812 2507 969 2589 diligenter,

250 2621 342 2678 quaeso
363 2625 371 2658 ι
396 2624 480 2682 neque
508 2601 580 2661 enirn
607 2601 770 2661 mediocrem
797 2603 970 2680 quaestionem

239 2694 437 2774 complectitur
449 2693 479 2753 id
491 2693 564 2773 quod
577 2692 678 2754 dicturi
691 2715 793 2752 sumus.
808 2697 840 2753 ln
854 2694 898 2754 die
908 2716 970 2754 cru·

249 2784 289 2841 cis
302 2784 391 2843 omnio
404 2785 456 2864 legi
461 2806 520 2844 mus
531 2806 591 2863 quae
606 2784 641 2844 ad
659 2805 765 2843 erucem
776 2785 928 2865 pertinent:
940 2786 969 2844 in

1028 2513 1113 2562 νοσεῖν
1126 2502 1273 2574 Ἰαεδαῖκήν
1286 2501 1347 2571 τοὺς
1367 2502 1536 2569 ἀποστολους.
1555 2501 1635 2562 etth
1656 2501 1797 2583 προσάγετε

1029 2593 1097 2672 μετὰ
1123 2594 1272 2673 ἀκριόείας,
1297 2597 1468 2674 παρακαλῶ·
1487 2597 1521 2672 αθ
1542 2593 1594 2673 γδιρ
1621 2593 1718 2674 μικρόν
1744 2596 1795 2653 hrt

1028 2686 1134 2766 ζήτημα
1156 2687 1188 2747 τδ
1209 2686 1304 2765 μέλλον
1327 2687 1495 2766 ῥηθήσεσθαι.
1515 2685 1562 2746 Ἐν
1584 2689 1619 2765 τῇ
1640 2685 1733 2767 ήμίρρ
1753 2688 1794 2744 τυῖ

1028 2783 1142 2859 σταυροῦ
1155 2778 1190 2838 τὰ
1203 2778 1264 2858 περὶ
1275 2785 1322 2839 τοῦ
1334 2783 1446 2860 σταυροῦ
1464 2777 1552 2836 πάντα
1566 2775 1795 2855 ἀναγινώσκομεν·

251 2893 349 2951 magno
361 2875 473 2934 sabbato
483 2897 594 2949 rursus,
607 2876 738 2934 traditum
753 2896 809 2934 esse
821 2877 969 2937 Dominum
989 2880 1008 2927 B
1028 2870 1055 2928 ἓν
1075 2873 1115 2951 τῷ
1136 2870 1264 2951 συόόᾶτῳ
1284 2874 1323 2951 τῷ
1347 2868 1456 2951 μεγάλῳ
1479 2870 1579 2944 πάλιν,
1599 2866 1794 2949 ότι-παρεδόθη

250 2966 553 3039 nostrum,crucisrxum
568 2987 635 3041 esse,
649 2979 788 3024 mortuum
799 2987 856 3026 esse
875 2989 969 3028 sccun-

251 3053 319 3113 ‹lum
333 3077 439 3115 carnem
455 3070 481 3115 et
496 3058 620 3138 sepulcro
635 3056 776 3117 eonditum
793 3081 800 3115 ι
818 3079 867 3117 cur
886 3059 969 3138 igitur

250 3167 304 3205 non
318 3149 400 3207 ctiam
417 3150 607 3229 Apostolorum
625 3151 691 3208 dcta
702 3149 818 3228 legimus
827 3165 886 3232 post
900 3153 969 3212 Pen-

219 3307 221 3311 .
250 3251 377 3316 tecosten,
392 3240 501 3320 quando
513 3255 539 3300 ct
551 3254 706 3318 evenerunt,
722 3254 747 3300 et
761 3240 968 3304 initiumdnxe-

251 3331 336 3390 runt?
351 3335 391 3389 Ac
402 3333 456 3390 scio
468 3331 592 3410 equidem
602 3332 654 3391 hoc
664 3333 785 3411 ignotum
796 3354 853 3392 esse
862 3335 965 3412 multis,

250 3443 333 3500 quam
346 3423 381 3482 oh
392 3444 498 3483 causam
513 3444 547 3482 cx
560 3424 620 3506 ipso
632 3427 760 3482 Actorum
774 3424 844 3484 libro
855 3424 968 3486 demon-

250 3528 365 3575 stremus
379 3515 452 3575 istud
467 3536 571 3575 necesse
584 3528 634 3587 est,
650 3529 680 3573 ut
694 3536 747 3575 non
761 3538 776 3574 a
791 3516 964 3597 Pentecoste,

248 3605 297 3666 sed
311 3629 326 3665 a
341 3620 471 3689 tempore,
487 3605 560 3685 quod
574 3609 744 3666 Pentecosten
758 3621 901 3685 sequutum
915 3624 965 3683 est,

248 3699 431 3780 apostolorum
450 3712 509 3758 acta
533 3699 643 3759 initium
661 3698 772 3758 duxisse
800 3698 965 3780 intelligatis.

232 3816 236 3822 ¹
247 3792 380 3863 Quocirca
387 3794 483 3852 merito
492 3804 593 3871 qureret
601 3791 710 3870 aliquis,
719 3813 802 3872 quarn
813 3792 920 3854 tandem
930 3796 966 3855 ob

247 3901 356 3941 causam
370 3896 499 3941 statutum
518 3882 565 3958 sit,
580 3894 610 3941 nt
623 3880 763 3941 historiam
776 3884 864 3942 crucis
877 3882 906 3943 in
920 3883 966 3945 die

1027 2962 1105 3037 ήμῶν
1115 2965 1130 3020 δ
1141 2959 1250 3040 Κύριος,
1265 2959 1306 3020 ότι
1324 2959 1492 3042 ἐσταυρώθη,
1506 2960 1547 3020 ότι
1560 2960 1677 3020 ἀπέθανε
1690 2958 1794 3020 exeri

1028 3052 1134 3133 σάρκα,
1146 3052 1187 3112 ότι
1205 3054 1288 3135 ἑταίρη
1302 3077 1309 3091 ·
1325 3053 1393 3121 τίνος
1413 3043 1457 3112 cdv
1470 3052 1557 3112 ἕνεκεν
1567 3051 1614 3112 καί
1627 3051 1677 3120 cd<
1687 3051 1795 3131 Πράξεις

1026 3147 1079 3202 τῶν
1100 3145 1254 3206 ἀποστόλων
1272 3150 1302 3206 οὗ
1321 3146 1389 3223 μετὰ
1402 3145 1450 3218 τὴν
1469 3143 1649 3217 πεντηκοστήν
1665 3140 1793 3222 ἀναγινώ·

1027 3258 1138 3312 σκομεν,
1158 3236 1200 3296 ὅτε
1218 3237 1264 3296 καὶ
1278 3237 1413 3316 ἐγένοντο,
1432 3238 1477 3296 καὶ
1503 3236 1589 3317 ἀρχὴν
1603 3234 1720 3307 {ledon
1743 3233 1792 3295 Καί

1027 3318 1085 3387 οἶδα
1098 3327 1145 3406 μὲν
1154 3329 1195 3388 ότι
1205 3328 1298 3389 πολλοὶ
1311 3337 1388 3389 τοῦτο
1408 3333 1548 3407 ἀγνοοῦσι·
1565 3328 1658 3407 διόπερ
1680 3327 1734 3387 riteh
1751 3333 1793 3386 σοι’

1027 3419 1130 3496 βιόλίου
1145 3425 1197 3480 τῶν
1213 3420 1340 3500 Πράξεων
1357 3419 1420 3480 αὐτὸ
1444 3417 1630 3479 πιστώσασθαι
1643 3421 1793 3497 ἀναγκαῖον,

1025 3510 1067 3570 ἵνα
1084 3511 1200 3589 μάθητε,
1218 3512 1258 3572 ὅτι
1271 3512 1319 3585 τήν
1335 3512 1420 3594 ἀρχὴν
1439 3517 1492 3571 τῶν
1507 3510 1626 3591 πράξεων
1650 3514 1706 3570 τῶν
1726 3513 1792 3570 ἀπυ-

1026 3606 1153 3663 στολυιῶν
1176 3606 1260 3684 οὖχή
1286 3602 1451 3674 πεντηκοστὴ
1467 3604 1539 3685 ἔχει,
1564 3603 1624 3661 ἀλλ’
1645 3607 1660 3662 ὁ
1680 3601 1792 3681 καιρδςό

1026 3693 1094 3771 μετά
1109 3695 1158 3767 τὴν
1171 3695 1364 3768 πεντηκοστήν.
1379 3696 1427 3755 Διὸ
1446 3696 1491 3754 καί
1511 3692 1618 3760 δικαίως
1633 3694 1666 3752 ἀν
1687 3717 1728 3761 τις
1745 3696 1792 3765 ζη-

1024 3787 1128 3862 τήσειε,
1139 3788 1166 3846 τί
1185 3788 1282 3860 δήποτε
1304 3788 1347 3847 τὸν
1363 3786 1410 3864 μὲν
1425 3786 1537 3868 σταυρὸν
1552 3789 1579 3845 ἐν
1592 3788 1625 3863 τῇ
1640 3784 1731 3866 ήμίριρ
1749 3789 1791 3845 τῶ

1025 3886 1138 3960 σταυροῦ
1159 3878 1205 3938 καὶ
1226 3884 1271 3937 τοῦ
1295 3879 1394 3945 πάθους
1415 3877 1604 3956 ἀναγινώσκειν
1623 3875 1792 3954 νενομοθότις

161 4026 163 4028 ,
248 3968 336 4027 crucis
346 3983 371 4029 et
381 3968 512 4048 passionis
523 3969 861 4048 legamus31lpostolorum
873 3985 964 4032 autern
984 3982 1004 4031 c
1024 3994 1086 4029 ται·
1102 3969 1149 4037 τὰς
1174 3970 1201 4031 δὲ
1221 3968 1335 4050 Πράξεις
1358 3969 1406 4036 rh<
1427 3967 1605 4035 ἀποστολικδις
1630 3973 1680 4028 οὐκ
1704 3970 1791 4036 αὐτοῖς

247 4061 317 4116 Acta
333 4078 386 4116 non
403 4057 471 4138 ipsis
480 4056 640 4117 illisdiebus
649 4071 697 4115 aut
705 4057 752 4117 illo
764 4072 892 4140 tempore,
911 4083 965 4139 quo

246 4162 350 4228 patrata
360 4162 431 4223 sunt,
441 4148 571 4226 legamus,
582 4148 632 4208 sed
641 4162 747 4228 tempus
754 4151 965 4230 preveniamus?

246 4241 339 4321 Neque
352 4241 425 4301 enim
437 4240 588 4314 confestim,
605 4239 651 4298 ubi
666 4240 791 4300 Christus
804 4244 962 4319 resurrexit,

246 4330 320 4393 edite
333 4346 396 4392 sunt
416 4329 544 4390 miracula
559 4330 594 4389 ab
616 4329 753 4411 apostolis,
774 4329 822 4390 sed
841 4332 963 4410 quadra-

246 4423 321 4504 ginta
332 4422 429 4483 dicbus
440 4444 502 4483 curn
516 4422 582 4503 ipsis
593 4421 751 4481 vescebatur
763 4421 792 4481 in
805 4423 892 4482 terris.
908 4426 964 4485 Cur

244 4529 334 4575 autem
343 4514 439 4574 diebus
448 4511 625 4593 quadraginta
636 4512 716 4572 luerit
728 4534 790 4572 cum
804 4513 859 4573 illis
868 4535 961 4574 versa·

245 4622 289 4669 tus
308 4608 336 4667 in
350 4607 437 4681 terris,
453 4605 508 4664 alio
521 4618 641 4685 ternpore
657 4603 874 4683 declarabimus3
891 4627 962 4667 nunc

244 4700 280 4759 ed
290 4701 458 4782 propositum
469 4711 645 4771 revertamur,
662 4711 687 4756 ct
699 4697 871 4757 ostendamus
883 4699 962 4757 Chri·

243 4806 314 4851 stum
333 4812 386 4851 non
406 4791 496 4849 stetim
517 4802 579 4870 post
599 4789 819 4849 resurrectionem
834 4790 862 4848 in
883 4790 961 4850 crelos

243 4882 405 4959 ascendisse,
430 4902 525 4941 verum
547 4879 671 4939 interris
694 4895 889 4940 commoratum
905 4903 963 4943 esse

242 4973 340 5033 diebus
351 4973 529 5053 quodraginta
543 4992 606 5030 curn
619 4970 772 5052 discipulis,
792 4994 878 5052 neque
891 4973 959 5033 sim-

242 5065 350 5144 pliciter
373 5079 578 5136 commoratum,
608 5062 656 5123 sed
680 5077 706 5122 et
725 5079 873 5125 vescentem
898 5087 960 5126 cum

1023 4071 1082 4128 ταῖς
1105 4059 1217 4143 ἡμέραις
1238 4061 1468 4140 ἀναγινώσκομεν,
1482 4059 1542 4120 οὐδὲ
1563 4064 1603 4140 τῷ
1624 4062 1712 4140 καιρῷ
1733 4060 1789 4118 καθ’

1023 4152 1051 4212 όν
1083 4154 1274 4234 ἐπράχθησαν,
1304 4150 1373 4211 ἀλλά
1400 4152 1583 4232 προρθάνομεν
1605 4150 1651 4211 τὸν
1668 4148 1790 4236 ,καιρόνς

1023 4243 1093 4305 Οὐδὲ
1116 4243 1168 4325 γάρ
1197 4243 1291 4312 εὐθέως
1314 4243 1357 4303 ότε
1386 4244 1481 4316 ἀνέστη
1504 4243 1636 4324 Χριστός,
1669 4241 1789 4321 θαύματα

1022 4334 1124 4397 ἐποίουν
1149 4339 1172 4395 ol
1192 4335 1353 4410 ἀπόστολοι,
1381 4336 1449 4396 ἀλλά
1465 4334 1665 4413 τεσσαράκοντα
1689 4333 1790 4415 ἡμέρας

1023 4430 1110 4496 αὐτοῖς
1133 4428 1303 4499 Ισυνηλίζετο
1329 4427 1372 4486 ἐπὶ
1398 4431 1446 4498 τῆς
1466 4431 1524 4506 γῆς.
1549 4426 1628 4494 Τίνος
1653 4425 1682 4486 δδ
1705 4425 1788 4486 leuse

1022 4519 1069 4588 τάς
1098 4520 1295 4600 τεσσαράκοντα
1324 4519 1426 4600 ἡμέρας
1450 4523 1538 4587 αὐτοῖς
1566 4518 1719 4599 συνεγίνετο
1748 4516 1791 4580 ἀτί

1020 4614 1069 4681 τῆς
1098 4615 1167 4690 γῆς,
1187 4615 1213 4670 ἐν
1242 4609 1324 4691 ἑτέρῳ
1347 4613 1432 4688 καιρῷ
1456 4610 1639 4689 δηλώσομεν·
1670 4609 1736 4677 eho<
1761 4606 1789 4670 dl

1021 4703 1065 4761 ἐπὶ
1087 4701 1118 4760 τὸ
1137 4701 1308 4782 προκείμενον
1332 4702 1413 4779 ἴωμεν
1436 4708 1483 4761 τοῦ
1514 4702 1607 4782 λόγου,
1632 4700 1788 4773 δεικνύντες,

1020 4793 1060 4854 ότι
1083 4797 1132 4854 οὐκ
1157 4794 1251 4861 εὐθέως
1275 4796 1311 4860 εἷς
1335 4793 1380 4853 τδν
1404 4793 1512 4872 οὐρανὸν
1544 4791 1626 4864 ἀνέθη
1648 4790 1718 4870 μετά
1742 4789 1788 4865 τήν

1020 4885 1162 4945 ἀνάστασιν
1188 4891 1202 4946 ὁ
1223 4885 1339 4965 Χριστός
1350 4930 1359 4959 ,
1372 4885 1446 4943 ἀλλὰ
1465 4884 1668 4963 τεσσαράκοντα
1687 4883 1789 4964 ἡμέρας

1018 4977 1062 5037 ἐπὶ
1081 4983 1129 5049 τῆς
1148 4981 1197 5058 γῆς
1221 4976 1336 5056 διέτριψε
1359 4977 1497 5053 μετὰτῶν
1517 4980 1658 5054 μαθητῶν,
1674 4974 1721 5035 καὶ
1740 4977 1790 5056 uix

1017 5069 1109 5135 ἁπλῶς
1123 5069 1268 5149 διέτριψεν,
1283 5067 1351 5127 ἀλλὰ
1366 5069 1411 5127 καὶ
1431 5067 1652 5143 συναλιζόμενος,
1665 5064 1712 5126 καὶ
1726 5087 1790 5145 τρα·

241 5155 381 5238 ipsis,etin
390 5177 480 5216 mensa
490 5175 553 5215 cum
563 5154 619 5216 illis
629 5155 828 5218 recumbentem
838 5157 956 5218 familia·
975 5175 995 5222 n
1015 5159 1097 5232 πέζης
1117 5163 1261 5236 κοινωνῶν,
1281 5158 1327 5218 καὶ
1345 5159 1451 5244 ὁμιλίας
1465 5156 1635 5237 μεταδιδοὺς,
1648 5156 1695 5218 καὶ
1718 5153 1789 5236 pasl

270 5329 283 5368 Ι)
301 5324 374 5379 colb.
389 5337 429 5387 τῆς
441 5329 566 5400 ἀγγελικῆς.

983 5327 988 5334 ’
1055 5343 1067 5368 ·
1083 5325 1156 5381 colb.
1169 5337 1297 5396 συνεγίνετο.
