<?xml version="1.0" encoding="UTF-8"?>
<!DOCTYPE html PUBLIC "-//W3C//DTD XHTML 1.0 Transitional//EN"
    "http://www.w3.org/TR/xhtml1/DTD/xhtml1-transitional.dtd">
<html xmlns="http://www.w3.org/1999/xhtml" xml:lang="en" lang="en">
 <head>
  <title>
</title>
<meta http-equiv="Content-Type" content="text/html;charset=utf-8" />
  <meta name='ocr-system' content='tesseract 3.04.00' />
  <meta name='ocr-capabilities' content='ocr_page ocr_carea ocr_par ocr_line ocrx_word'/>
</head>
<body>
  <div class='ocr_page' id='page_1' title='image "./sanctipatrisnos03chrygoog/sanctipatrisnos03chrygoog_0576.png"; bbox 0 0 3764 5992; ppageno 0'>
   <div class='ocr_carea' id='block_1_1' title="bbox 525 458 1704 557">
    <p class='ocr_par' dir='ltr' id='par_1_1' title="bbox 525 458 1704 557">
     <span class='ocr_line' id='line_1_1' title="bbox 525 458 1704 557; baseline 0.003 -31"><span class='ocrx_word' id='word_1_1' title='bbox 525 477 572 527; x_wconf 85' lang='grc' dir='ltr'><strong>ιο</strong></span> <span class='ocrx_word' id='word_1_2' title='bbox 596 476 660 527; x_wconf 88' lang='lat' dir='ltr'><strong>sos</strong></span> <span class='ocrx_word' id='word_1_3' title='bbox 683 476 740 543; x_wconf 83' lang='lat' dir='ltr'><strong>our</strong></span> <span class='ocrx_word' id='word_1_4' title='bbox 764 474 1012 529; x_wconf 71' lang='lat' dir='ltr'><strong>surrentinum</strong></span> <span class='ocrx_word' id='word_1_5' title='bbox 1037 474 1137 529; x_wconf 86' lang='lat' dir='ltr'><strong>snur.</strong></span> <span class='ocrx_word' id='word_1_6' title='bbox 1164 478 1232 529; x_wconf 83' lang='grc' dir='ltr'>ιιι.</span> <span class='ocrx_word' id='word_1_7' title='bbox 1258 478 1359 529; x_wconf 80' lang='lat' dir='ltr'><strong>usus.</strong></span> <span class='ocrx_word' id='word_1_8' title='bbox 1511 460 1532 529; x_wconf 86' lang='lat'><strong>&#39;.</strong></span> <span class='ocrx_word' id='word_1_9' title='bbox 1636 458 1704 557; x_wconf 76' lang='lat'><strong>567</strong></span> 
     </span>
    </p>
   </div>
   <div class='ocr_carea' id='block_1_2' title="bbox 161 599 1868 5093">
    <p class='ocr_par' dir='ltr' id='par_1_2' title="bbox 161 599 1705 689">
     <span class='ocr_line' id='line_1_2' title="bbox 161 599 1705 689; baseline 0.003 -25"><span class='ocrx_word' id='word_1_10' title='bbox 161 602 247 672; x_wconf 70' lang='grc' dir='ltr'>οὕτως</span> <span class='ocrx_word' id='word_1_11' title='bbox 259 604 466 689; x_wconf 82' lang='grc' dir='ltr'>εθφρανθήσεται</span> <span class='ocrx_word' id='word_1_12' title='bbox 481 602 601 683; x_wconf 72' lang='grc' dir='ltr'><strong>ιΙίιίριος</strong></span> <span class='ocrx_word' id='word_1_13' title='bbox 614 602 659 663; x_wconf 75' lang='lat' dir='ltr'><strong>leel</strong></span> <span class='ocrx_word' id='word_1_14' title='bbox 673 602 732 663; x_wconf 90' lang='grc' dir='ltr'>αοί·</span> <span class='ocrx_word' id='word_1_15' title='bbox 752 602 794 664; x_wconf 77' lang='lat' dir='ltr'><strong>dee</strong></span> <span class='ocrx_word' id='word_1_16' title='bbox 815 602 933 685; x_wconf 81' lang='grc' dir='ltr'>μέλιοτα</span> <span class='ocrx_word' id='word_1_17' title='bbox 988 599 1109 683; x_wconf 83' lang='lat' dir='ltr'><strong>spioeris,</strong></span> <span class='ocrx_word' id='word_1_18' title='bbox 1118 600 1201 683; x_wconf 87' lang='lat' dir='ltr'><strong>absit,</strong></span> <span class='ocrx_word' id='word_1_19' title='bbox 1215 602 1263 663; x_wconf 86' lang='lat' dir='ltr'><strong>sed</strong></span> <span class='ocrx_word' id='word_1_20' title='bbox 1273 616 1305 664; x_wconf 91' lang='lat' dir='ltr'><strong>ut</strong></span> <span class='ocrx_word' id='word_1_21' title='bbox 1315 604 1369 664; x_wconf 85' lang='lat' dir='ltr'><strong>ime</strong></span> <span class='ocrx_word' id='word_1_22' title='bbox 1380 602 1506 665; x_wconf 73' lang='lat' dir='ltr'><strong>massiori</strong></span> <span class='ocrx_word' id='word_1_23' title='bbox 1517 604 1647 687; x_wconf 78' lang='lat' dir='ltr'><strong>loqueatdi</strong></span> <span class='ocrx_word' id='word_1_24' title='bbox 1657 628 1705 669; x_wconf 88' lang='lat' dir='ltr'><strong>ra·</strong></span> 
     </span>
    </p>

    <p class='ocr_par' dir='ltr' id='par_1_3' title="bbox 162 691 1704 778">
     <span class='ocr_line' id='line_1_3' title="bbox 162 691 1704 778; baseline 0.003 -22"><span class='ocrx_word' id='word_1_25' title='bbox 162 699 190 756; x_wconf 82' lang='grc' dir='ltr'>ἀν</span> <span class='ocrx_word' id='word_1_26' title='bbox 207 699 279 777; x_wconf 76' lang='grc' dir='ltr'>ἀργῇ</span> <span class='ocrx_word' id='word_1_27' title='bbox 293 696 447 778; x_wconf 75' lang='grc' dir='ltr'>θερμότεροι</span> <span class='ocrx_word' id='word_1_28' title='bbox 458 698 484 756; x_wconf 80' lang='lat' dir='ltr'><strong>ol</strong></span> <span class='ocrx_word' id='word_1_29' title='bbox 497 696 592 775; x_wconf 81' lang='grc' dir='ltr'>ίρεντει</span> <span class='ocrx_word' id='word_1_30' title='bbox 607 694 654 755; x_wconf 76' lang='grc' dir='ltr'>καί</span> <span class='ocrx_word' id='word_1_31' title='bbox 669 694 768 764; x_wconf 71' lang='grc' dir='ltr'>ζέοντες</span> <span class='ocrx_word' id='word_1_32' title='bbox 785 694 831 756; x_wconf 76' lang='grc' dir='ltr'>καί</span> <span class='ocrx_word' id='word_1_33' title='bbox 844 694 932 774; x_wconf 70' lang='grc' dir='ltr'>ἀεμό</span> <span class='ocrx_word' id='word_1_34' title='bbox 987 691 1061 753; x_wconf 89' lang='lat' dir='ltr'><strong>tione</strong></span> <span class='ocrx_word' id='word_1_35' title='bbox 1084 691 1223 755; x_wconf 81' lang='lat' dir='ltr'><strong>raritatem</strong></span> <span class='ocrx_word' id='word_1_36' title='bbox 1240 694 1386 774; x_wconf 88' lang='lat' dir='ltr'><strong>quamdam</strong></span> <span class='ocrx_word' id='word_1_37' title='bbox 1409 697 1468 757; x_wconf 84' lang='lat' dir='ltr'><strong>Deo</strong></span> <span class='ocrx_word' id='word_1_38' title='bbox 1488 710 1704 775; x_wconf 67' lang='lat' dir='ltr'><strong>metuentem,</strong></span> 
     </span>
    </p>

    <p class='ocr_par' dir='ltr' id='par_1_4' title="bbox 161 786 1706 965">
     <span class='ocr_line' id='line_1_4' title="bbox 161 786 1706 875; baseline 0.004 -27"><span class='ocrx_word' id='word_1_39' title='bbox 161 786 251 857; x_wconf 79' lang='grc' dir='ltr'>ζονιίς</span> <span class='ocrx_word' id='word_1_40' title='bbox 264 790 338 849; x_wconf 87' lang='grc' dir='ltr'>ιίσιν.</span> <span class='ocrx_word' id='word_1_41' title='bbox 350 788 432 850; x_wconf 75' lang='grc' dir='ltr'>Οὕτω</span> <span class='ocrx_word' id='word_1_42' title='bbox 445 788 473 848; x_wconf 82' lang='grc' dir='ltr'><strong>δέ</strong></span> <span class='ocrx_word' id='word_1_43' title='bbox 487 786 606 868; x_wconf 88' lang='grc' dir='ltr'>είρηται,</span> <span class='ocrx_word' id='word_1_44' title='bbox 616 789 665 868; x_wconf 44' lang='lat' dir='ltr'><strong>od,</strong></span> <span class='ocrx_word' id='word_1_45' title='bbox 677 787 721 847; x_wconf 84' lang='grc' dir='ltr'><strong>ίνα</strong></span> <span class='ocrx_word' id='word_1_46' title='bbox 730 811 759 848; x_wconf 87' lang='grc' dir='ltr'><strong>τι</strong></span> <span class='ocrx_word' id='word_1_47' title='bbox 771 786 933 870; x_wconf 75' lang='grc' dir='ltr'>ἀνθρώπινον</span> <span class='ocrx_word' id='word_1_48' title='bbox 988 788 1131 866; x_wconf 83' lang='lat' dir='ltr'><strong>sinceram,</strong></span> <span class='ocrx_word' id='word_1_49' title='bbox 1138 788 1608 873; x_wconf 65' lang='lat' dir='ltr'><strong>uindissoluhileminteltigultem</strong></span> <span class='ocrx_word' id='word_1_50' title='bbox 1613 814 1706 875; x_wconf 69' lang='lat' dir='ltr'><strong>quun·</strong></span> 
     </span>
     <span class='ocr_line' id='line_1_5' title="bbox 161 877 1705 965; baseline 0.004 -26"><span class='ocrx_word' id='word_1_51' title='bbox 161 878 436 959; x_wconf 80' lang='grc' dir='ltr'>θποπτεῦσῃς(πάλιν</span> <span class='ocrx_word' id='word_1_52' title='bbox 449 880 502 962; x_wconf 81' lang='grc' dir='ltr'><strong>γάρ</strong></span> <span class='ocrx_word' id='word_1_53' title='bbox 511 880 547 939; x_wconf 85' lang='grc' dir='ltr'>τά</span> <span class='ocrx_word' id='word_1_54' title='bbox 561 877 628 939; x_wconf 77' lang='lat' dir='ltr'><strong>edel</strong></span> <span class='ocrx_word' id='word_1_55' title='bbox 635 878 723 959; x_wconf 88' lang='grc' dir='ltr'>λέγειν</span> <span class='ocrx_word' id='word_1_56' title='bbox 732 883 762 939; x_wconf 78' lang='grc' dir='ltr'>οὐ</span> <span class='ocrx_word' id='word_1_57' title='bbox 771 879 934 959; x_wconf 78' lang='grc' dir='ltr'>παύσομαι),</span> <span class='ocrx_word' id='word_1_58' title='bbox 988 877 1135 939; x_wconf 69' lang='lat' dir='ltr'><strong>admodum</strong></span> <span class='ocrx_word' id='word_1_59' title='bbox 1148 879 1171 940; x_wconf 90' lang='lat' dir='ltr'><strong>si</strong></span> <span class='ocrx_word' id='word_1_60' title='bbox 1185 880 1248 960; x_wconf 80' lang='lat' dir='ltr'><strong>quis</strong></span> <span class='ocrx_word' id='word_1_61' title='bbox 1261 881 1355 942; x_wconf 87' lang='lat' dir='ltr'><strong>insano</strong></span> <span class='ocrx_word' id='word_1_62' title='bbox 1365 881 1521 965; x_wconf 70' lang='lat' dir='ltr'><strong>quempiam</strong></span> <span class='ocrx_word' id='word_1_63' title='bbox 1534 882 1705 945; x_wconf 82' lang='lat' dir='ltr'><strong>amoredili·</strong></span> 
     </span>
    </p>

    <p class='ocr_par' dir='ltr' id='par_1_5' title="bbox 162 970 1712 1151">
     <span class='ocr_line' id='line_1_6' title="bbox 162 970 1712 1052; baseline 0.005 -22"><span class='ocrx_word' id='word_1_64' title='bbox 162 972 224 1030; x_wconf 88' lang='grc' dir='ltr'>ἀλλ’</span> <span class='ocrx_word' id='word_1_65' title='bbox 236 970 280 1032; x_wconf 74' lang='lat' dir='ltr'><strong>be</strong></span> <span class='ocrx_word' id='word_1_66' title='bbox 288 971 426 1032; x_wconf 81' lang='grc' dir='ltr'>ἀετοιίτοεν</span> <span class='ocrx_word' id='word_1_67' title='bbox 437 972 468 1032; x_wconf 78' lang='lat' dir='ltr'><strong>el</strong></span> <span class='ocrx_word' id='word_1_68' title='bbox 479 971 586 1051; x_wconf 80' lang='grc' dir='ltr'>θερμὸν,</span> <span class='ocrx_word' id='word_1_69' title='bbox 599 970 630 1031; x_wconf 84' lang='grc' dir='ltr'><strong>ιθ</strong></span> <span class='ocrx_word' id='word_1_70' title='bbox 641 970 758 1051; x_wconf 79' lang='grc' dir='ltr'>γνήσιον,</span> <span class='ocrx_word' id='word_1_71' title='bbox 768 970 800 1031; x_wconf 87' lang='grc' dir='ltr'><strong>τθ</strong></span> <span class='ocrx_word' id='word_1_72' title='bbox 812 970 934 1052; x_wconf 81' lang='grc' dir='ltr'>οφοθρθν,</span> <span class='ocrx_word' id='word_1_73' title='bbox 989 982 1044 1050; x_wconf 75' lang='lat' dir='ltr'><strong>gat,</strong></span> <span class='ocrx_word' id='word_1_74' title='bbox 1055 990 1089 1030; x_wconf 91' lang='lat' dir='ltr'><strong>ne</strong></span> <span class='ocrx_word' id='word_1_75' title='bbox 1100 972 1246 1033; x_wconf 80' lang='lat' dir='ltr'><strong>verbomm</strong></span> <span class='ocrx_word' id='word_1_76' title='bbox 1260 971 1371 1052; x_wconf 85' lang='lat' dir='ltr'><strong>quidem</strong></span> <span class='ocrx_word' id='word_1_77' title='bbox 1390 988 1468 1035; x_wconf 89' lang='lat' dir='ltr'><strong>tenus</strong></span> <span class='ocrx_word' id='word_1_78' title='bbox 1483 994 1546 1035; x_wconf 87' lang='lat' dir='ltr'><strong>eum</strong></span> <span class='ocrx_word' id='word_1_79' title='bbox 1562 974 1644 1037; x_wconf 81' lang='lat' dir='ltr'><strong>vellet</strong></span> <span class='ocrx_word' id='word_1_80' title='bbox 1660 976 1712 1037; x_wconf 81' lang='lat' dir='ltr'><strong>of·-</strong></span> 
     </span>
     <span class='ocr_line' id='line_1_7' title="bbox 162 1053 1707 1151; baseline 0.005 -29"><span class='ocrx_word' id='word_1_81' title='bbox 162 1062 394 1143; x_wconf 77' lang='grc' dir='ltr'>τθπειωρωμίνον</span> <span class='ocrx_word' id='word_1_82' title='bbox 407 1068 455 1136; x_wconf 77' lang='grc' dir='ltr'>τῆς</span> <span class='ocrx_word' id='word_1_83' title='bbox 468 1060 650 1143; x_wconf 75' lang='grc' dir='ltr'>ἀγάπηςίδης.</span> <span class='ocrx_word' id='word_1_84' title='bbox 664 1053 734 1123; x_wconf 72' lang='grc' dir='ltr'>Εἶτα</span> <span class='ocrx_word' id='word_1_85' title='bbox 743 1061 835 1135; x_wconf 66' lang='lat' dir='ltr'><strong>etrus,</strong></span> <span class='ocrx_word' id='word_1_86' title='bbox 846 1060 888 1121; x_wconf 76' lang='lat' dir='ltr'><strong>dre</strong></span> <span class='ocrx_word' id='word_1_87' title='bbox 898 1064 935 1129; x_wconf 76' lang='grc' dir='ltr'><strong>ὡς</strong></span> <span class='ocrx_word' id='word_1_88' title='bbox 989 1060 1107 1142; x_wconf 71' lang='lat' dir='ltr'><strong>tendere,</strong></span> <span class='ocrx_word' id='word_1_89' title='bbox 1125 1083 1207 1143; x_wconf 78' lang='lat' dir='ltr'><strong>quern</strong></span> <span class='ocrx_word' id='word_1_90' title='bbox 1225 1063 1265 1124; x_wconf 81' lang='lat' dir='ltr'><strong>ita</strong></span> <span class='ocrx_word' id='word_1_91' title='bbox 1279 1063 1370 1145; x_wconf 73' lang='lat' dir='ltr'><strong>diligit</strong></span> <span class='ocrx_word' id='word_1_92' title='bbox 1385 1088 1393 1123; x_wconf 84' lang='grc' dir='ltr'>ι</span> <span class='ocrx_word' id='word_1_93' title='bbox 1407 1066 1447 1125; x_wconf 90' lang='lat' dir='ltr'><strong>sic</strong></span> <span class='ocrx_word' id='word_1_94' title='bbox 1460 1065 1590 1127; x_wconf 82' lang='lat' dir='ltr'><strong>nimirum</strong></span> <span class='ocrx_word' id='word_1_95' title='bbox 1601 1080 1630 1129; x_wconf 76' lang='lat' dir='ltr'><strong>ot</strong></span> <span class='ocrx_word' id='word_1_96' title='bbox 1647 1067 1707 1151; x_wconf 74' lang='lat' dir='ltr'><strong>ipoe</strong></span> 
     </span>
    </p>

    <p class='ocr_par' dir='ltr' id='par_1_6' title="bbox 162 1151 1843 1509">
     <span class='ocr_line' id='line_1_8' title="bbox 162 1151 1706 1237; baseline 0.002 -21"><span class='ocrx_word' id='word_1_97' title='bbox 162 1154 257 1237; x_wconf 71' lang='grc' dir='ltr'>πατὴρ</span> <span class='ocrx_word' id='word_1_98' title='bbox 273 1157 359 1237; x_wconf 84' lang='grc' dir='ltr'>φιλεῖ,</span> <span class='ocrx_word' id='word_1_99' title='bbox 381 1155 428 1217; x_wconf 84' lang='grc' dir='ltr'><strong>καλ</strong></span> <span class='ocrx_word' id='word_1_100' title='bbox 452 1152 569 1225; x_wconf 73' lang='grc' dir='ltr'>πλίσνῆ</span> <span class='ocrx_word' id='word_1_101' title='bbox 591 1153 691 1236; x_wconf 67' lang='grc' dir='ltr'>πατὴρ,</span> <span class='ocrx_word' id='word_1_102' title='bbox 704 1157 742 1223; x_wconf 74' lang='grc' dir='ltr'><strong>ὡς</strong></span> <span class='ocrx_word' id='word_1_103' title='bbox 765 1153 866 1234; x_wconf 79' lang='grc' dir='ltr'>μήτηρ,</span> <span class='ocrx_word' id='word_1_104' title='bbox 888 1153 935 1212; x_wconf 81' lang='grc' dir='ltr'>καὶ</span> <span class='ocrx_word' id='word_1_105' title='bbox 989 1151 1243 1232; x_wconf 75' lang='lat' dir='ltr'><strong>inquittQuoniam</strong></span> <span class='ocrx_word' id='word_1_106' title='bbox 1252 1153 1313 1215; x_wconf 86' lang='lat' dir='ltr'><strong>dixi</strong></span> <span class='ocrx_word' id='word_1_107' title='bbox 1324 1156 1583 1234; x_wconf 77' lang='lat' dir='ltr'><strong>tantnm‚etrerlsis</strong></span> <span class='ocrx_word' id='word_1_108' title='bbox 1592 1156 1706 1237; x_wconf 69' lang='lat' dir='ltr'><strong>offendi,</strong></span> 
     </span>
     <span class='ocr_line' id='line_1_9' title="bbox 163 1241 1706 1331; baseline 0.003 -24"><span class='ocrx_word' id='word_1_109' title='bbox 163 1246 277 1321; x_wconf 73' lang='grc' dir='ltr'>πλέονῆ</span> <span class='ocrx_word' id='word_1_110' title='bbox 291 1247 390 1331; x_wconf 69' lang='grc' dir='ltr'>μέπηρ,</span> <span class='ocrx_word' id='word_1_111' title='bbox 403 1249 440 1315; x_wconf 74' lang='grc' dir='ltr'><strong>ὥς</strong></span> <span class='ocrx_word' id='word_1_112' title='bbox 452 1244 563 1328; x_wconf 87' lang='grc' dir='ltr'>νυμφίος</span> <span class='ocrx_word' id='word_1_113' title='bbox 573 1245 619 1306; x_wconf 82' lang='grc' dir='ltr'>καὶ</span> <span class='ocrx_word' id='word_1_114' title='bbox 632 1244 878 1327; x_wconf 72' lang='grc' dir='ltr'>πλέονῆνυμφίος,</span> <span class='ocrx_word' id='word_1_115' title='bbox 893 1241 970 1305; x_wconf 71' lang='lat' dir='ltr'><strong>dull</strong></span> <span class='ocrx_word' id='word_1_116' title='bbox 990 1244 1168 1305; x_wconf 79' lang='lat' dir='ltr'><strong>Conversum</strong></span> <span class='ocrx_word' id='word_1_117' title='bbox 1177 1259 1221 1307; x_wconf 85' lang='lat' dir='ltr'><strong>est</strong></span> <span class='ocrx_word' id='word_1_118' title='bbox 1229 1266 1385 1307; x_wconf 86' lang='lat' dir='ltr'><strong>cormeum</strong></span> <span class='ocrx_word' id='word_1_119' title='bbox 1398 1251 1431 1308; x_wconf 83' lang='lat' dir='ltr'><strong>in</strong></span> <span class='ocrx_word' id='word_1_120' title='bbox 1441 1252 1515 1329; x_wconf 85' lang='lat' dir='ltr'><strong>ipso.</strong></span> <span class='ocrx_word' id='word_1_121' title='bbox 1527 1250 1622 1329; x_wconf 80' lang='lat' dir='ltr'><strong>Neque</strong></span> <span class='ocrx_word' id='word_1_122' title='bbox 1632 1248 1706 1312; x_wconf 82' lang='lat' dir='ltr'><strong>enim</strong></span> 
     </span>
     <span class='ocr_line' id='line_1_10' title="bbox 163 1335 1843 1421; baseline 0.002 -23"><span class='ocrx_word' id='word_1_123' title='bbox 163 1342 289 1398; x_wconf 65' lang='grc' dir='ltr'>τοσοῦτον</span> <span class='ocrx_word' id='word_1_124' title='bbox 298 1336 359 1399; x_wconf 81' lang='grc' dir='ltr'>θοον</span> <span class='ocrx_word' id='word_1_125' title='bbox 368 1339 400 1399; x_wconf 86' lang='grc' dir='ltr'><strong>τθ</strong></span> <span class='ocrx_word' id='word_1_126' title='bbox 416 1338 552 1417; x_wconf 72' lang='grc' dir='ltr'>διάστημα</span> <span class='ocrx_word' id='word_1_127' title='bbox 563 1343 611 1398; x_wconf 79' lang='grc' dir='ltr'><strong>τοῦ</strong></span> <span class='ocrx_word' id='word_1_128' title='bbox 619 1339 730 1417; x_wconf 80' lang='grc' dir='ltr'>οθρονοθ</span> <span class='ocrx_word' id='word_1_129' title='bbox 743 1335 797 1397; x_wconf 86' lang='grc' dir='ltr'>ἀπθ</span> <span class='ocrx_word' id='word_1_130' title='bbox 807 1339 857 1407; x_wconf 79' lang='grc' dir='ltr'>τῆς</span> <span class='ocrx_word' id='word_1_131' title='bbox 869 1339 934 1415; x_wconf 81' lang='grc' dir='ltr'>γῆς,</span> <span class='ocrx_word' id='word_1_132' title='bbox 990 1335 1131 1396; x_wconf 85' lang='lat' dir='ltr'><strong>crassiores</strong></span> <span class='ocrx_word' id='word_1_133' title='bbox 1143 1336 1209 1397; x_wconf 87' lang='lat' dir='ltr'><strong>istas</strong></span> <span class='ocrx_word' id='word_1_134' title='bbox 1221 1337 1432 1420; x_wconf 72' lang='lat' dir='ltr'><strong>comparationes</strong></span> <span class='ocrx_word' id='word_1_135' title='bbox 1443 1340 1563 1421; x_wconf 83' lang='lat' dir='ltr'><strong>prolerre</strong></span> <span class='ocrx_word' id='word_1_136' title='bbox 1571 1338 1707 1421; x_wconf 71' lang='lat' dir='ltr'><strong>dedigns-</strong></span> <span class='ocrx_word' id='word_1_137' title='bbox 1840 1336 1843 1340; x_wconf 67' lang='grc'><strong>’</strong></span> 
     </span>
     <span class='ocr_line' id='line_1_11' title="bbox 163 1427 1707 1509; baseline 0.003 -22"><span class='ocrx_word' id='word_1_138' title='bbox 163 1428 213 1488; x_wconf 80' lang='grc' dir='ltr'>καὶ</span> <span class='ocrx_word' id='word_1_139' title='bbox 227 1428 307 1490; x_wconf 91' lang='grc' dir='ltr'>πλέον</span> <span class='ocrx_word' id='word_1_140' title='bbox 320 1428 339 1502; x_wconf 75' lang='grc' dir='ltr'>ἢ</span> <span class='ocrx_word' id='word_1_141' title='bbox 351 1437 484 1505; x_wconf 77' lang='grc' dir='ltr'>τοσοῦτον,</span> <span class='ocrx_word' id='word_1_142' title='bbox 499 1427 540 1489; x_wconf 77' lang='grc' dir='ltr'><strong>ὅτι</strong></span> <span class='ocrx_word' id='word_1_143' title='bbox 562 1431 727 1504; x_wconf 74' lang='grc' dir='ltr'>τηλικοῦτον,</span> <span class='ocrx_word' id='word_1_144' title='bbox 741 1427 802 1489; x_wconf 76' lang='lat' dir='ltr'><strong>does</strong></span> <span class='ocrx_word' id='word_1_145' title='bbox 816 1427 937 1507; x_wconf 75' lang='grc' dir='ltr'>ἀπέχου·</span> <span class='ocrx_word' id='word_1_146' title='bbox 989 1438 1046 1504; x_wconf 87' lang='lat' dir='ltr'><strong>tur,</strong></span> <span class='ocrx_word' id='word_1_147' title='bbox 1057 1438 1089 1485; x_wconf 94' lang='lat' dir='ltr'><strong>ut</strong></span> <span class='ocrx_word' id='word_1_148' title='bbox 1101 1447 1220 1487; x_wconf 86' lang='lat' dir='ltr'><strong>amorem</strong></span> <span class='ocrx_word' id='word_1_149' title='bbox 1232 1427 1366 1507; x_wconf 88' lang='lat' dir='ltr'><strong>ostendat,</strong></span> <span class='ocrx_word' id='word_1_150' title='bbox 1378 1428 1452 1509; x_wconf 91' lang='lat' dir='ltr'><strong>qnod</strong></span> <span class='ocrx_word' id='word_1_151' title='bbox 1464 1429 1707 1491; x_wconf 78' lang='lat' dir='ltr'><strong>estmaximedili·</strong></span> 
     </span>
    </p>

    <p class='ocr_par' dir='ltr' id='par_1_7' title="bbox 164 1516 1706 1603">
     <span class='ocr_line' id='line_1_12' title="bbox 164 1516 1706 1603; baseline 0.003 -24"><span class='ocrx_word' id='word_1_152' title='bbox 164 1542 209 1579; x_wconf 90' lang='grc' dir='ltr'><strong>σιν</strong></span> <span class='ocrx_word' id='word_1_153' title='bbox 220 1520 411 1583; x_wconf 58' lang='lat' dir='ltr'><strong>temtatori</strong></span> <span class='ocrx_word' id='word_1_154' title='bbox 433 1523 550 1602; x_wconf 77' lang='grc' dir='ltr'>δυσμῶν,</span> <span class='ocrx_word' id='word_1_155' title='bbox 566 1519 613 1580; x_wconf 83' lang='grc' dir='ltr'>καί</span> <span class='ocrx_word' id='word_1_156' title='bbox 634 1519 714 1581; x_wconf 89' lang='grc' dir='ltr'>πλέον</span> <span class='ocrx_word' id='word_1_157' title='bbox 734 1519 753 1592; x_wconf 70' lang='grc' dir='ltr'>ἢ</span> <span class='ocrx_word' id='word_1_158' title='bbox 771 1522 936 1593; x_wconf 75' lang='grc' dir='ltr'>τηλικῶευν,</span> <span class='ocrx_word' id='word_1_159' title='bbox 990 1516 1087 1597; x_wconf 78' lang='lat' dir='ltr'><strong>gentis.</strong></span> <span class='ocrx_word' id='word_1_160' title='bbox 1102 1519 1196 1598; x_wconf 83' lang='lat' dir='ltr'><strong>Neque</strong></span> <span class='ocrx_word' id='word_1_161' title='bbox 1209 1519 1255 1579; x_wconf 84' lang='lat' dir='ltr'><strong>bio</strong></span> <span class='ocrx_word' id='word_1_162' title='bbox 1268 1517 1401 1599; x_wconf 79' lang='lat' dir='ltr'><strong>substitit,</strong></span> <span class='ocrx_word' id='word_1_163' title='bbox 1416 1520 1464 1581; x_wconf 87' lang='lat' dir='ltr'><strong>sed</strong></span> <span class='ocrx_word' id='word_1_164' title='bbox 1480 1522 1570 1603; x_wconf 57' lang='lat' dir='ltr'><strong>pergit</strong></span> <span class='ocrx_word' id='word_1_165' title='bbox 1582 1522 1706 1601; x_wconf 85' lang='lat' dir='ltr'><strong>ulterius,</strong></span> 
     </span>
    </p>

    <p class='ocr_par' dir='ltr' id='par_1_8' title="bbox 164 1608 1704 1695">
     <span class='ocr_line' id='line_1_13' title="bbox 164 1608 1704 1695; baseline 0.001 -23"><span class='ocrx_word' id='word_1_166' title='bbox 164 1612 225 1673; x_wconf 73' lang='lat' dir='ltr'><strong>esst</strong></span> <span class='ocrx_word' id='word_1_167' title='bbox 245 1614 357 1673; x_wconf 79' lang='grc' dir='ltr'>ίντιιῦθσ</span> <span class='ocrx_word' id='word_1_168' title='bbox 376 1612 483 1674; x_wconf 85' lang='grc' dir='ltr'>ίσταται</span> <span class='ocrx_word' id='word_1_169' title='bbox 495 1617 548 1672; x_wconf 85' lang='grc' dir='ltr'><strong>τῶν</strong></span> <span class='ocrx_word' id='word_1_170' title='bbox 561 1610 678 1686; x_wconf 73' lang='grc' dir='ltr'>εἰκόνων,</span> <span class='ocrx_word' id='word_1_171' title='bbox 692 1610 761 1671; x_wconf 81' lang='grc' dir='ltr'>ἀλλά</span> <span class='ocrx_word' id='word_1_172' title='bbox 779 1609 826 1672; x_wconf 77' lang='grc' dir='ltr'>καί</span> <span class='ocrx_word' id='word_1_173' title='bbox 839 1632 936 1691; x_wconf 83' lang='grc' dir='ltr'>περαι-</span> <span class='ocrx_word' id='word_1_174' title='bbox 989 1620 1017 1666; x_wconf 93' lang='lat' dir='ltr'><strong>et</strong></span> <span class='ocrx_word' id='word_1_175' title='bbox 1028 1608 1145 1669; x_wconf 83' lang='lat' dir='ltr'><strong>alterurn</strong></span> <span class='ocrx_word' id='word_1_176' title='bbox 1157 1630 1251 1670; x_wconf 91' lang='lat' dir='ltr'><strong>rursus</strong></span> <span class='ocrx_word' id='word_1_177' title='bbox 1263 1611 1380 1671; x_wconf 76' lang='lat' dir='ltr'>crassius</span> <span class='ocrx_word' id='word_1_178' title='bbox 1392 1613 1548 1692; x_wconf 85' lang='lat' dir='ltr'><strong>exemplum</strong></span> <span class='ocrx_word' id='word_1_179' title='bbox 1561 1612 1704 1695; x_wconf 76' lang='lat' dir='ltr'><strong>adjungit,</strong></span> 
     </span>
    </p>

    <p class='ocr_par' dir='ltr' id='par_1_9' title="bbox 164 1696 1856 1879">
     <span class='ocr_line' id='line_1_14' title="bbox 164 1696 1856 1787; baseline 0.004 -27"><span class='ocrx_word' id='word_1_180' title='bbox 164 1703 236 1784; x_wconf 82' lang='grc' dir='ltr'>τέρω</span> <span class='ocrx_word' id='word_1_181' title='bbox 248 1704 366 1785; x_wconf 81' lang='grc' dir='ltr'>πρόεισιν</span> <span class='ocrx_word' id='word_1_182' title='bbox 379 1708 417 1774; x_wconf 83' lang='grc' dir='ltr'>είς</span> <span class='ocrx_word' id='word_1_183' title='bbox 429 1703 552 1773; x_wconf 71' lang='grc' dir='ltr'>ἐπίδειξιν</span> <span class='ocrx_word' id='word_1_184' title='bbox 564 1706 656 1785; x_wconf 80' lang='grc' dir='ltr'>πολλῷ</span> <span class='ocrx_word' id='word_1_185' title='bbox 671 1702 856 1785; x_wconf 75' lang='grc' dir='ltr'>ταπεινοτέρου</span> <span class='ocrx_word' id='word_1_186' title='bbox 867 1706 937 1761; x_wconf 79' lang='grc' dir='ltr'>θειο-</span> <span class='ocrx_word' id='word_1_187' title='bbox 990 1697 1028 1758; x_wconf 78' lang='lat' dir='ltr'><strong>its</strong></span> <span class='ocrx_word' id='word_1_188' title='bbox 1036 1696 1130 1759; x_wconf 87' lang='lat' dir='ltr'><strong>dioens</strong></span> <span class='ocrx_word' id='word_1_189' title='bbox 1139 1722 1146 1758; x_wconf 80' lang='grc' dir='ltr'>ι</span> <span class='ocrx_word' id='word_1_190' title='bbox 1156 1701 1308 1780; x_wconf 77' lang='lat' dir='ltr'><em>Quomodo</em></span> <span class='ocrx_word' id='word_1_191' title='bbox 1321 1702 1473 1763; x_wconf 77' lang='lat' dir='ltr'><strong>laetobs&#39;tur</strong></span> <span class='ocrx_word' id='word_1_192' title='bbox 1485 1724 1608 1785; x_wconf 80' lang='lat' dir='ltr'><strong>sponsus</strong></span> <span class='ocrx_word' id='word_1_193' title='bbox 1620 1724 1708 1787; x_wconf 71' lang='lat' dir='ltr'><strong>stepo·</strong></span> <span class='ocrx_word' id='word_1_194' title='bbox 1714 1724 1821 1779; x_wconf 61' lang='grc' dir='ltr'>Μαι,</span> <span class='ocrx_word' id='word_1_195' title='bbox 1831 1726 1856 1773; x_wconf 75' lang='lat'><strong>5.</strong></span> 
     </span>
     <span class='ocr_line' id='line_1_15' title="bbox 167 1792 1708 1879; baseline 0 -25"><span class='ocrx_word' id='word_1_196' title='bbox 167 1794 318 1875; x_wconf 83' lang='grc' dir='ltr'>δείγματος.</span> <span class='ocrx_word' id='word_1_197' title='bbox 333 1797 390 1858; x_wconf 79' lang='grc' dir='ltr'><strong>Τῶ</strong></span> <span class='ocrx_word' id='word_1_198' title='bbox 404 1794 456 1878; x_wconf 87' lang='grc' dir='ltr'><strong>γάρ</strong></span> <span class='ocrx_word' id='word_1_199' title='bbox 469 1796 548 1855; x_wconf 71' lang='lat' dir='ltr'><strong>’tuso</strong></span> <span class='ocrx_word' id='word_1_200' title='bbox 568 1793 637 1874; x_wconf 66' lang='grc' dir='ltr'>μετὰ</span> <span class='ocrx_word' id='word_1_201' title='bbox 656 1794 706 1867; x_wconf 71' lang='grc' dir='ltr'><strong>τὴν</strong></span> <span class='ocrx_word' id='word_1_202' title='bbox 727 1793 813 1875; x_wconf 75' lang='grc' dir='ltr'>φυγὴν</span> <span class='ocrx_word' id='word_1_203' title='bbox 832 1792 937 1853; x_wconf 63' lang='lat' dir='ltr'><strong>notent</strong></span> <span class='ocrx_word' id='word_1_204' title='bbox 990 1810 1108 1871; x_wconf 75' lang='lat' dir='ltr'><strong>sponso,</strong></span> <span class='ocrx_word' id='word_1_205' title='bbox 1123 1793 1325 1854; x_wconf 79' lang='lat' dir='ltr'><strong>sioloetobitro·</strong></span> <span class='ocrx_word' id='word_1_206' title='bbox 1334 1795 1708 1879; x_wconf 68' lang='lat' dir='ltr'><strong>Christussrspoetssquod</strong></span> 
     </span>
    </p>

    <p class='ocr_par' dir='ltr' id='par_1_10' title="bbox 167 1883 1709 1969">
     <span class='ocr_line' id='line_1_16' title="bbox 167 1883 1709 1969; baseline 0.002 -20"><span class='ocrx_word' id='word_1_207' title='bbox 167 1888 240 1949; x_wconf 78' lang='grc' dir='ltr'>Θεοῦ</span> <span class='ocrx_word' id='word_1_208' title='bbox 252 1887 302 1962; x_wconf 72' lang='grc' dir='ltr'><strong>τὴν</strong></span> <span class='ocrx_word' id='word_1_209' title='bbox 314 1888 485 1967; x_wconf 74' lang='grc' dir='ltr'>καταλλαγὴν</span> <span class='ocrx_word' id='word_1_210' title='bbox 500 1886 549 1960; x_wconf 72' lang='grc' dir='ltr'><strong>τὴν</strong></span> <span class='ocrx_word' id='word_1_211' title='bbox 567 1887 633 1967; x_wconf 82' lang='grc' dir='ltr'>πρθς</span> <span class='ocrx_word' id='word_1_212' title='bbox 645 1886 784 1954; x_wconf 67' lang='lat' dir='ltr'><strong>Numito&lt;</strong></span> <span class='ocrx_word' id='word_1_213' title='bbox 804 1884 937 1966; x_wconf 77' lang='grc' dir='ltr'>έξαπορη-</span> <span class='ocrx_word' id='word_1_214' title='bbox 991 1883 1070 1944; x_wconf 86' lang='lat' dir='ltr'><strong>initio</strong></span> <span class='ocrx_word' id='word_1_215' title='bbox 1085 1884 1237 1965; x_wconf 68' lang='lat' dir='ltr'><strong>prasertim</strong></span> <span class='ocrx_word' id='word_1_216' title='bbox 1254 1886 1419 1946; x_wconf 85' lang='lat' dir='ltr'><strong>ardentiores</strong></span> <span class='ocrx_word' id='word_1_217' title='bbox 1430 1908 1463 1947; x_wconf 87' lang='lat' dir='ltr'><strong>ac</strong></span> <span class='ocrx_word' id='word_1_218' title='bbox 1476 1888 1661 1969; x_wconf 69' lang='lat' dir='ltr'><strong>fenmtiom,</strong></span> <span class='ocrx_word' id='word_1_219' title='bbox 1680 1902 1709 1951; x_wconf 82' lang='lat' dir='ltr'><strong>et</strong></span> 
     </span>
    </p>

    <p class='ocr_par' dir='ltr' id='par_1_11' title="bbox 165 1974 1707 2073">
     <span class='ocr_line' id='line_1_17' title="bbox 165 1974 1707 2073; baseline 0.004 -35"><span class='ocrx_word' id='word_1_220' title='bbox 165 1978 270 2053; x_wconf 84' lang='grc' dir='ltr'>θέντος,</span> <span class='ocrx_word' id='word_1_221' title='bbox 280 1982 317 2047; x_wconf 76' lang='grc' dir='ltr'><strong>ὥς</strong></span> <span class='ocrx_word' id='word_1_222' title='bbox 327 1981 376 2038; x_wconf 84' lang='grc' dir='ltr'>οθοι</span> <span class='ocrx_word' id='word_1_223' title='bbox 386 1978 514 2039; x_wconf 72' lang='grc' dir='ltr'><strong>ἐλθόντων</strong></span> <span class='ocrx_word' id='word_1_224' title='bbox 527 1981 563 2046; x_wconf 81' lang='grc' dir='ltr'>εἰς</span> <span class='ocrx_word' id='word_1_225' title='bbox 576 1981 651 2060; x_wconf 82' lang='grc' dir='ltr'>έργον</span> <span class='ocrx_word' id='word_1_226' title='bbox 664 1982 718 2038; x_wconf 77' lang='grc' dir='ltr'><strong>τῶν</strong></span> <span class='ocrx_word' id='word_1_227' title='bbox 731 1975 936 2050; x_wconf 83' lang='grc' dir='ltr'>ἀπειληθέντων,</span> <span class='ocrx_word' id='word_1_228' title='bbox 945 2032 982 2073; x_wconf 63' lang='lat' dir='ltr'><strong><em>m</em></strong></span> <span class='ocrx_word' id='word_1_229' title='bbox 991 1974 1139 2037; x_wconf 78' lang='lat' dir='ltr'><strong>viridiores</strong></span> <span class='ocrx_word' id='word_1_230' title='bbox 1153 1976 1208 2036; x_wconf 89' lang='lat' dir='ltr'><strong>sint</strong></span> <span class='ocrx_word' id='word_1_231' title='bbox 1226 1998 1340 2038; x_wconf 80' lang='lat' dir='ltr'><strong>amores.</strong></span> <span class='ocrx_word' id='word_1_232' title='bbox 1363 1979 1403 2038; x_wconf 89' lang='lat' dir='ltr'><strong>lta</strong></span> <span class='ocrx_word' id='word_1_233' title='bbox 1417 2000 1500 2061; x_wconf 86' lang='lat' dir='ltr'><strong>porro</strong></span> <span class='ocrx_word' id='word_1_234' title='bbox 1514 1980 1644 2061; x_wconf 81' lang='lat' dir='ltr'><strong>loquutus</strong></span> <span class='ocrx_word' id='word_1_235' title='bbox 1655 1996 1707 2063; x_wconf 86' lang='lat' dir='ltr'><strong>est,</strong></span> 
     </span>
    </p>

    <p class='ocr_par' dir='ltr' id='par_1_12' title="bbox 165 2067 1709 2154">
     <span class='ocr_line' id='line_1_18' title="bbox 165 2067 1709 2154; baseline 0.005 -25"><span class='ocrx_word' id='word_1_236' title='bbox 165 2069 214 2130; x_wconf 78' lang='grc' dir='ltr'>καί</span> <span class='ocrx_word' id='word_1_237' title='bbox 226 2068 353 2138; x_wconf 81' lang='grc' dir='ltr'>ταθέντος</span> <span class='ocrx_word' id='word_1_238' title='bbox 362 2094 388 2130; x_wconf 89' lang='grc' dir='ltr'><strong>τι</strong></span> <span class='ocrx_word' id='word_1_239' title='bbox 401 2068 564 2153; x_wconf 80' lang='grc' dir='ltr'>ἀνθρώπινον</span> <span class='ocrx_word' id='word_1_240' title='bbox 572 2068 723 2145; x_wconf 83' lang='grc' dir='ltr'>παίθος,ειοιλ</span> <span class='ocrx_word' id='word_1_241' title='bbox 731 2068 938 2149; x_wconf 81' lang='grc' dir='ltr'>ακυθριυπέσαν·</span> <span class='ocrx_word' id='word_1_242' title='bbox 955 2087 976 2134; x_wconf 73' lang='grc' dir='ltr'><strong>Α</strong></span> <span class='ocrx_word' id='word_1_243' title='bbox 992 2086 1046 2127; x_wconf 89' lang='lat' dir='ltr'><strong>non</strong></span> <span class='ocrx_word' id='word_1_244' title='bbox 1061 2081 1092 2127; x_wconf 93' lang='lat' dir='ltr'><strong>ut</strong></span> <span class='ocrx_word' id='word_1_245' title='bbox 1104 2067 1255 2129; x_wconf 81' lang='lat' dir='ltr'><strong>humanum</strong></span> <span class='ocrx_word' id='word_1_246' title='bbox 1268 2068 1409 2153; x_wconf 81' lang='lat' dir='ltr'><strong>quidpiam</strong></span> <span class='ocrx_word' id='word_1_247' title='bbox 1427 2071 1572 2154; x_wconf 87' lang='lat' dir='ltr'><strong>suspioeris</strong></span> <span class='ocrx_word' id='word_1_248' title='bbox 1586 2073 1709 2148; x_wconf 87' lang='lat' dir='ltr'><strong>(iterum</strong></span> 
     </span>
    </p>

    <p class='ocr_par' dir='ltr' id='par_1_13' title="bbox 165 2158 1709 2245">
     <span class='ocr_line' id='line_1_19' title="bbox 165 2158 1709 2245; baseline 0.005 -24"><span class='ocrx_word' id='word_1_249' title='bbox 165 2183 225 2233; x_wconf 88' lang='grc' dir='ltr'>τος,</span> <span class='ocrx_word' id='word_1_250' title='bbox 233 2162 358 2231; x_wconf 71' lang='grc' dir='ltr'>ἐπιτάξας</span> <span class='ocrx_word' id='word_1_251' title='bbox 367 2165 400 2242; x_wconf 86' lang='grc' dir='ltr'>τῇ</span> <span class='ocrx_word' id='word_1_252' title='bbox 410 2166 496 2222; x_wconf 80' lang='grc' dir='ltr'>ἀκτῖνι</span> <span class='ocrx_word' id='word_1_253' title='bbox 504 2161 664 2245; x_wconf 77' lang='grc' dir='ltr'>θερμοτέραν</span> <span class='ocrx_word' id='word_1_254' title='bbox 673 2165 777 2242; x_wconf 85' lang='grc' dir='ltr'>ἀφεῖναι</span> <span class='ocrx_word' id='word_1_255' title='bbox 784 2160 834 2234; x_wconf 70' lang='grc' dir='ltr'>τὴν</span> <span class='ocrx_word' id='word_1_256' title='bbox 843 2158 938 2242; x_wconf 87' lang='grc' dir='ltr'>φλόγα,</span> <span class='ocrx_word' id='word_1_257' title='bbox 992 2159 1064 2219; x_wconf 84' lang='lat' dir='ltr'><strong>onim</strong></span> <span class='ocrx_word' id='word_1_258' title='bbox 1072 2159 1143 2219; x_wconf 89' lang='lat' dir='ltr'><strong>illud</strong></span> <span class='ocrx_word' id='word_1_259' title='bbox 1151 2159 1241 2220; x_wconf 81' lang='lat' dir='ltr'>dicere</span> <span class='ocrx_word' id='word_1_260' title='bbox 1249 2181 1302 2221; x_wconf 91' lang='lat' dir='ltr'><strong>non</strong></span> <span class='ocrx_word' id='word_1_261' title='bbox 1312 2161 1460 2243; x_wconf 75' lang='lat' dir='ltr'><strong>(lesinam),</strong></span> <span class='ocrx_word' id='word_1_262' title='bbox 1468 2162 1517 2223; x_wconf 88' lang='lat' dir='ltr'><strong>sed</strong></span> <span class='ocrx_word' id='word_1_263' title='bbox 1525 2177 1556 2224; x_wconf 88' lang='lat' dir='ltr'><strong>ut</strong></span> <span class='ocrx_word' id='word_1_264' title='bbox 1566 2184 1602 2225; x_wconf 87' lang='lat' dir='ltr'><strong>ex</strong></span> <span class='ocrx_word' id='word_1_265' title='bbox 1609 2164 1653 2226; x_wconf 86' lang='lat' dir='ltr'><strong>his</strong></span> <span class='ocrx_word' id='word_1_266' title='bbox 1663 2188 1709 2228; x_wconf 76' lang='lat' dir='ltr'><strong>ar·</strong></span> 
     </span>
    </p>

    <p class='ocr_par' dir='ltr' id='par_1_14' title="bbox 166 2244 1710 2433">
     <span class='ocr_line' id='line_1_20' title="bbox 168 2244 1710 2335; baseline 0.005 -24"><span class='ocrx_word' id='word_1_267' title='bbox 168 2244 228 2313; x_wconf 84' lang='grc' dir='ltr'>ε’ίτα</span> <span class='ocrx_word' id='word_1_268' title='bbox 245 2253 370 2321; x_wconf 72' lang='grc' dir='ltr'>κελεύσας</span> <span class='ocrx_word' id='word_1_269' title='bbox 391 2258 425 2335; x_wconf 77' lang='grc' dir='ltr'>τῇ</span> <span class='ocrx_word' id='word_1_270' title='bbox 447 2257 483 2335; x_wconf 82' lang='grc' dir='ltr'>γῇ</span> <span class='ocrx_word' id='word_1_271' title='bbox 508 2254 650 2334; x_wconf 85' lang='grc' dir='ltr'>οχιθιέσαι</span> <span class='ocrx_word' id='word_1_272' title='bbox 673 2254 744 2334; x_wconf 59' lang='lat' dir='ltr'><strong>oieb</strong></span> <span class='ocrx_word' id='word_1_273' title='bbox 766 2251 863 2333; x_wconf 87' lang='grc' dir='ltr'>στέγην</span> <span class='ocrx_word' id='word_1_274' title='bbox 885 2249 939 2312; x_wconf 76' lang='lat' dir='ltr'><strong>oet</strong></span> <span class='ocrx_word' id='word_1_275' title='bbox 992 2250 1710 2332; x_wconf 79' lang='lat' dir='ltr'><strong>dorem,sinoeritatem,vebementiam‚flammsmde·</strong></span> 
     </span>
     <span class='ocr_line' id='line_1_21' title="bbox 166 2344 1709 2433; baseline 0.007 -29"><span class='ocrx_word' id='word_1_276' title='bbox 166 2345 301 2426; x_wconf 76' lang='grc' dir='ltr'>λαχάνου,</span> <span class='ocrx_word' id='word_1_277' title='bbox 311 2345 358 2407; x_wconf 75' lang='grc' dir='ltr'>καί</span> <span class='ocrx_word' id='word_1_278' title='bbox 371 2349 473 2426; x_wconf 80' lang='grc' dir='ltr'>θάλψας</span> <span class='ocrx_word' id='word_1_279' title='bbox 485 2347 561 2406; x_wconf 80' lang='grc' dir='ltr'>αὐτὸν</span> <span class='ocrx_word' id='word_1_280' title='bbox 574 2347 632 2424; x_wconf 83' lang='grc' dir='ltr'>μεθ’</span> <span class='ocrx_word' id='word_1_281' title='bbox 643 2344 792 2425; x_wconf 72' lang='grc' dir='ltr'>θπερέολῆι</span> <span class='ocrx_word' id='word_1_282' title='bbox 810 2344 857 2404; x_wconf 78' lang='grc' dir='ltr'><strong>καί</strong></span> <span class='ocrx_word' id='word_1_283' title='bbox 875 2346 940 2403; x_wconf 72' lang='grc' dir='ltr'>ἄνα·</span> <span class='ocrx_word' id='word_1_284' title='bbox 993 2350 1076 2429; x_wconf 88' lang='lat' dir='ltr'><strong>nique</strong></span> <span class='ocrx_word' id='word_1_285' title='bbox 1090 2349 1209 2409; x_wconf 71' lang='lat' dir='ltr'><strong>oeriutis</strong></span> <span class='ocrx_word' id='word_1_286' title='bbox 1222 2349 1368 2433; x_wconf 79' lang='lat' dir='ltr'><strong>intelligas.</strong></span> <span class='ocrx_word' id='word_1_287' title='bbox 1383 2350 1488 2412; x_wconf 78' lang='lat' dir='ltr'><strong>Deinde</strong></span> <span class='ocrx_word' id='word_1_288' title='bbox 1508 2374 1572 2413; x_wconf 83' lang='lat' dir='ltr'><strong>rum</strong></span> <span class='ocrx_word' id='word_1_289' title='bbox 1584 2352 1709 2431; x_wconf 77' lang='lat' dir='ltr'><strong>dixisset,</strong></span> 
     </span>
    </p>

    <p class='ocr_par' dir='ltr' id='par_1_15' title="bbox 166 2428 1711 2522">
     <span class='ocr_line' id='line_1_22' title="bbox 166 2428 1711 2522; baseline 0.002 -24"><span class='ocrx_word' id='word_1_290' title='bbox 166 2437 287 2511; x_wconf 77' lang='grc' dir='ltr'>παίσας,</span> <span class='ocrx_word' id='word_1_291' title='bbox 301 2428 359 2498; x_wconf 78' lang='grc' dir='ltr'>εἶτα</span> <span class='ocrx_word' id='word_1_292' title='bbox 370 2439 491 2512; x_wconf 77' lang='grc' dir='ltr'>λυπήσας</span> <span class='ocrx_word' id='word_1_293' title='bbox 501 2440 540 2519; x_wconf 81' lang='grc' dir='ltr'>τῷ</span> <span class='ocrx_word' id='word_1_294' title='bbox 559 2437 658 2510; x_wconf 80' lang='grc' dir='ltr'>ταύτην</span> <span class='ocrx_word' id='word_1_295' title='bbox 672 2436 799 2517; x_wconf 88' lang='grc' dir='ltr'>ἀφανίσαι</span> <span class='ocrx_word' id='word_1_296' title='bbox 817 2435 867 2509; x_wconf 73' lang='grc' dir='ltr'><strong>τὴν</strong></span> <span class='ocrx_word' id='word_1_297' title='bbox 880 2434 940 2497; x_wconf 82' lang='grc' dir='ltr'>ατί·</span> <span class='ocrx_word' id='word_1_298' title='bbox 993 2438 1071 2501; x_wconf 84' lang='lat' dir='ltr'><strong>Sient</strong></span> <span class='ocrx_word' id='word_1_299' title='bbox 1080 2436 1173 2517; x_wconf 73' lang='lat' dir='ltr'><strong>diligit</strong></span> <span class='ocrx_word' id='word_1_300' title='bbox 1182 2449 1268 2519; x_wconf 82' lang='lat' dir='ltr'><strong>pater,</strong></span> <span class='ocrx_word' id='word_1_301' title='bbox 1280 2451 1307 2497; x_wconf 92' lang='lat' dir='ltr'><strong>et</strong></span> <span class='ocrx_word' id='word_1_302' title='bbox 1318 2438 1438 2520; x_wconf 85' lang='lat' dir='ltr'><strong>amplius</strong></span> <span class='ocrx_word' id='word_1_303' title='bbox 1449 2460 1532 2519; x_wconf 78' lang='lat' dir='ltr'><strong>quum</strong></span> <span class='ocrx_word' id='word_1_304' title='bbox 1540 2452 1628 2522; x_wconf 83' lang='lat' dir='ltr'><strong>peter,</strong></span> <span class='ocrx_word' id='word_1_305' title='bbox 1639 2440 1711 2501; x_wconf 85' lang='lat' dir='ltr'><strong>siout</strong></span> 
     </span>
    </p>

    <p class='ocr_par' dir='ltr' id='par_1_16' title="bbox 167 2520 1712 2612">
     <span class='ocr_line' id='line_1_23' title="bbox 167 2520 1712 2612; baseline 0.002 -23"><span class='ocrx_word' id='word_1_306' title='bbox 167 2552 230 2609; x_wconf 85' lang='grc' dir='ltr'>γην,</span> <span class='ocrx_word' id='word_1_307' title='bbox 243 2529 335 2603; x_wconf 71' lang='grc' dir='ltr'>έπειθὴ</span> <span class='ocrx_word' id='word_1_308' title='bbox 346 2533 405 2610; x_wconf 76' lang='grc' dir='ltr'>’τῷ</span> <span class='ocrx_word' id='word_1_309' title='bbox 427 2528 475 2609; x_wconf 82' lang='grc' dir='ltr'><strong>μίν</strong></span> <span class='ocrx_word' id='word_1_310' title='bbox 491 2520 558 2588; x_wconf 84' lang='grc' dir='ltr'>είδεν</span> <span class='ocrx_word' id='word_1_311' title='bbox 572 2527 712 2603; x_wconf 82' lang='grc' dir='ltr'>ἀνεθέντα,</span> <span class='ocrx_word' id='word_1_312' title='bbox 723 2531 762 2607; x_wconf 77' lang='grc' dir='ltr'>τῷ</span> <span class='ocrx_word' id='word_1_313' title='bbox 778 2527 939 2589; x_wconf 66' lang='lat' dir='ltr'><strong>diamant·</strong></span> <span class='ocrx_word' id='word_1_314' title='bbox 995 2543 1091 2608; x_wconf 81' lang='lat' dir='ltr'><strong>meter,</strong></span> <span class='ocrx_word' id='word_1_315' title='bbox 1101 2541 1128 2590; x_wconf 90' lang='lat' dir='ltr'><strong>et</strong></span> <span class='ocrx_word' id='word_1_316' title='bbox 1140 2528 1259 2610; x_wconf 81' lang='lat' dir='ltr'><strong>unplius</strong></span> <span class='ocrx_word' id='word_1_317' title='bbox 1272 2550 1354 2607; x_wconf 86' lang='lat' dir='ltr'><strong>quam</strong></span> <span class='ocrx_word' id='word_1_318' title='bbox 1367 2543 1461 2607; x_wconf 87' lang='lat' dir='ltr'><strong>mater,</strong></span> <span class='ocrx_word' id='word_1_319' title='bbox 1474 2528 1545 2591; x_wconf 80' lang='lat' dir='ltr'><strong>siunt</strong></span> <span class='ocrx_word' id='word_1_320' title='bbox 1558 2550 1673 2612; x_wconf 82' lang='lat' dir='ltr'><strong>sponsos</strong></span> <span class='ocrx_word' id='word_1_321' title='bbox 1683 2544 1712 2593; x_wconf 86' lang='lat' dir='ltr'><strong>et</strong></span> 
     </span>
    </p>

    <p class='ocr_par' dir='ltr' id='par_1_17' title="bbox 168 2617 1712 2705">
     <span class='ocr_line' id='line_1_24' title="bbox 168 2617 1712 2705; baseline 0.003 -23"><span class='ocrx_word' id='word_1_322' title='bbox 168 2620 288 2699; x_wconf 87' lang='grc' dir='ltr'>νόμενον,</span> <span class='ocrx_word' id='word_1_323' title='bbox 302 2621 382 2682; x_wconf 69' lang='grc' dir='ltr'>ἄκουε</span> <span class='ocrx_word' id='word_1_324' title='bbox 396 2620 424 2680; x_wconf 87' lang='grc' dir='ltr'>τί</span> <span class='ocrx_word' id='word_1_325' title='bbox 440 2645 505 2702; x_wconf 86' lang='grc' dir='ltr'>φησι</span> <span class='ocrx_word' id='word_1_326' title='bbox 527 2620 593 2700; x_wconf 87' lang='grc' dir='ltr'>πρθς</span> <span class='ocrx_word' id='word_1_327' title='bbox 606 2619 699 2680; x_wconf 78' lang='grc' dir='ltr'>αὐτόν·</span> <span class='ocrx_word' id='word_1_328' title='bbox 715 2617 754 2680; x_wconf 85' lang='grc' dir='ltr'>Σθ</span> <span class='ocrx_word' id='word_1_329' title='bbox 775 2619 823 2700; x_wconf 81' lang='grc' dir='ltr'><strong>μίν</strong></span> <span class='ocrx_word' id='word_1_330' title='bbox 844 2619 941 2701; x_wconf 76' lang='grc' dir='ltr'>ἀφιίσυ</span> <span class='ocrx_word' id='word_1_331' title='bbox 994 2621 1112 2705; x_wconf 85' lang='lat' dir='ltr'><strong>amplius</strong></span> <span class='ocrx_word' id='word_1_332' title='bbox 1128 2640 1211 2700; x_wconf 79' lang='lat' dir='ltr'><strong>quam</strong></span> <span class='ocrx_word' id='word_1_333' title='bbox 1229 2640 1353 2702; x_wconf 84' lang='lat' dir='ltr'><strong>sponsus,</strong></span> <span class='ocrx_word' id='word_1_334' title='bbox 1376 2635 1560 2701; x_wconf 77' lang='lat' dir='ltr'><strong>quantumst</strong></span> <span class='ocrx_word' id='word_1_335' title='bbox 1582 2624 1712 2686; x_wconf 84' lang='lat' dir='ltr'><strong>interval-</strong></span> 
     </span>
    </p>

    <p class='ocr_par' dir='ltr' id='par_1_18' title="bbox 168 2704 1712 2796">
     <span class='ocr_line' id='line_1_25' title="bbox 168 2704 1712 2796; baseline 0.004 -25"><span class='ocrx_word' id='word_1_336' title='bbox 168 2713 238 2795; x_wconf 79' lang='grc' dir='ltr'>θπθρ</span> <span class='ocrx_word' id='word_1_337' title='bbox 258 2716 307 2786; x_wconf 83' lang='grc' dir='ltr'>τῆς</span> <span class='ocrx_word' id='word_1_338' title='bbox 327 2711 499 2784; x_wconf 83' lang='grc' dir='ltr'>αολοκιίνεης,</span> <span class='ocrx_word' id='word_1_339' title='bbox 513 2710 580 2795; x_wconf 74' lang='grc' dir='ltr'>θπλρ</span> <span class='ocrx_word' id='word_1_340' title='bbox 604 2704 636 2784; x_wconf 76' lang='grc' dir='ltr'><strong>ἧς</strong></span> <span class='ocrx_word' id='word_1_341' title='bbox 660 2714 708 2772; x_wconf 76' lang='grc' dir='ltr'>οὐκ</span> <span class='ocrx_word' id='word_1_342' title='bbox 725 2712 941 2788; x_wconf 74' lang='grc' dir='ltr'>έκαεεοπᾶθησας,</span> <span class='ocrx_word' id='word_1_343' title='bbox 994 2712 1053 2772; x_wconf 89' lang='lat' dir='ltr'><strong>lum</strong></span> <span class='ocrx_word' id='word_1_344' title='bbox 1068 2712 1127 2773; x_wconf 71' lang='lat' dir='ltr'><strong>ceti</strong></span> <span class='ocrx_word' id='word_1_345' title='bbox 1139 2734 1156 2772; x_wconf 85' lang='lat' dir='ltr'><strong>a</strong></span> <span class='ocrx_word' id='word_1_346' title='bbox 1168 2725 1248 2789; x_wconf 77' lang='lat' dir='ltr'><strong>terra,</strong></span> <span class='ocrx_word' id='word_1_347' title='bbox 1261 2726 1288 2772; x_wconf 88' lang='lat' dir='ltr'><strong>et</strong></span> <span class='ocrx_word' id='word_1_348' title='bbox 1301 2714 1419 2795; x_wconf 89' lang='lat' dir='ltr'><strong>amplius</strong></span> <span class='ocrx_word' id='word_1_349' title='bbox 1431 2734 1517 2796; x_wconf 62' lang='lat' dir='ltr'><strong>qnam,</strong></span> <span class='ocrx_word' id='word_1_350' title='bbox 1526 2713 1610 2792; x_wconf 82' lang='lat' dir='ltr'><strong>illud,</strong></span> <span class='ocrx_word' id='word_1_351' title='bbox 1624 2734 1712 2795; x_wconf 83' lang='lat' dir='ltr'><strong>quan·</strong></span> 
     </span>
    </p>

    <p class='ocr_par' dir='ltr' id='par_1_19' title="bbox 170 2801 1713 2980">
     <span class='ocr_line' id='line_1_26' title="bbox 170 2801 1713 2889; baseline 0.001 -23"><span class='ocrx_word' id='word_1_352' title='bbox 170 2804 231 2866; x_wconf 81' lang='grc' dir='ltr'>οθθθ</span> <span class='ocrx_word' id='word_1_353' title='bbox 243 2804 396 2886; x_wconf 73' lang='grc' dir='ltr'>έξέθριψας·</span> <span class='ocrx_word' id='word_1_354' title='bbox 411 2804 465 2883; x_wconf 62' lang='lat' dir='ltr'><strong>uu</strong></span> <span class='ocrx_word' id='word_1_355' title='bbox 478 2802 506 2864; x_wconf 78' lang='lat' dir='ltr'><strong>di</strong></span> <span class='ocrx_word' id='word_1_356' title='bbox 524 2806 553 2864; x_wconf 83' lang='grc' dir='ltr'><strong>αθ</strong></span> <span class='ocrx_word' id='word_1_357' title='bbox 569 2802 694 2884; x_wconf 76' lang='grc' dir='ltr'><strong>φείσομαι</strong></span> <span class='ocrx_word' id='word_1_358' title='bbox 708 2802 774 2884; x_wconf 79' lang='grc' dir='ltr'>θπθρ</span> <span class='ocrx_word' id='word_1_359' title='bbox 784 2801 883 2876; x_wconf 58' lang='lat' dir='ltr'><strong>Numi</strong></span> <span class='ocrx_word' id='word_1_360' title='bbox 893 2807 942 2874; x_wconf 80' lang='grc' dir='ltr'>τῆς</span> <span class='ocrx_word' id='word_1_361' title='bbox 995 2815 1054 2863; x_wconf 93' lang='lat' dir='ltr'><strong>tum</strong></span> <span class='ocrx_word' id='word_1_362' title='bbox 1066 2803 1149 2864; x_wconf 79' lang='lat' dir='ltr'><strong>distat</strong></span> <span class='ocrx_word' id='word_1_363' title='bbox 1158 2816 1233 2863; x_wconf 83' lang='lat' dir='ltr'><strong>ortus</strong></span> <span class='ocrx_word' id='word_1_364' title='bbox 1243 2804 1280 2863; x_wconf 86' lang='lat' dir='ltr'><strong>ab</strong></span> <span class='ocrx_word' id='word_1_365' title='bbox 1291 2804 1437 2884; x_wconf 83' lang='lat' dir='ltr'><strong>occidente,</strong></span> <span class='ocrx_word' id='word_1_366' title='bbox 1447 2819 1474 2866; x_wconf 90' lang='lat' dir='ltr'><strong>et</strong></span> <span class='ocrx_word' id='word_1_367' title='bbox 1486 2806 1606 2889; x_wconf 84' lang='lat' dir='ltr'><strong>amplius</strong></span> <span class='ocrx_word' id='word_1_368' title='bbox 1629 2826 1713 2887; x_wconf 76' lang='lat' dir='ltr'><strong>quam</strong></span> 
     </span>
     <span class='ocr_line' id='line_1_27' title="bbox 170 2886 1713 2980; baseline 0.003 -24"><span class='ocrx_word' id='word_1_369' title='bbox 170 2896 329 2969; x_wconf 79' lang='grc' dir='ltr'>πέλεωςτῆς</span> <span class='ocrx_word' id='word_1_370' title='bbox 342 2895 473 2976; x_wconf 66' lang='grc' dir='ltr'>μεγάλης,</span> <span class='ocrx_word' id='word_1_371' title='bbox 486 2886 942 2974; x_wconf 71' lang='grc' dir='ltr'>ένῇκατυικοῧσινέναθτῇπλιίυυς</span> <span class='ocrx_word' id='word_1_372' title='bbox 995 2894 1076 2971; x_wconf 89' lang='lat' dir='ltr'><strong>illud,</strong></span> <span class='ocrx_word' id='word_1_373' title='bbox 1095 2915 1131 2954; x_wconf 86' lang='lat' dir='ltr'><strong>ne</strong></span> <span class='ocrx_word' id='word_1_374' title='bbox 1156 2893 1203 2954; x_wconf 90' lang='lat' dir='ltr'><strong>bic</strong></span> <span class='ocrx_word' id='word_1_375' title='bbox 1224 2894 1335 2974; x_wconf 84' lang='lat' dir='ltr'><strong>quidem</strong></span> <span class='ocrx_word' id='word_1_376' title='bbox 1358 2895 1479 2957; x_wconf 78' lang='lat' dir='ltr'><strong>substitit</strong></span> <span class='ocrx_word' id='word_1_377' title='bbox 1503 2898 1713 2980; x_wconf 76' lang='lat' dir='ltr'><strong>comparationi·</strong></span> 
     </span>
    </p>

    <p class='ocr_par' dir='ltr' id='par_1_20' title="bbox 172 2985 1713 3070">
     <span class='ocr_line' id='line_1_28' title="bbox 172 2985 1713 3070; baseline 0.001 -20"><span class='ocrx_word' id='word_1_378' title='bbox 172 2989 191 3061; x_wconf 72' lang='grc' dir='ltr'>ἢ</span> <span class='ocrx_word' id='word_1_379' title='bbox 205 2988 307 3050; x_wconf 81' lang='grc' dir='ltr'>δώδεκα</span> <span class='ocrx_word' id='word_1_380' title='bbox 324 2989 448 3070; x_wconf 77' lang='grc' dir='ltr'>μυριάδες</span> <span class='ocrx_word' id='word_1_381' title='bbox 463 2988 575 3068; x_wconf 80' lang='grc' dir='ltr'>ἀνδρῶν,</span> <span class='ocrx_word' id='word_1_382' title='bbox 587 2987 680 3054; x_wconf 87' lang='grc' dir='ltr'>οίτινες</span> <span class='ocrx_word' id='word_1_383' title='bbox 699 2990 747 3047; x_wconf 85' lang='grc' dir='ltr'>οθει</span> <span class='ocrx_word' id='word_1_384' title='bbox 764 2987 881 3068; x_wconf 87' lang='grc' dir='ltr'>ίγνωοαν</span> <span class='ocrx_word' id='word_1_385' title='bbox 897 2988 942 3046; x_wconf 85' lang='grc' dir='ltr'>δε·</span> <span class='ocrx_word' id='word_1_386' title='bbox 995 2985 1047 3047; x_wconf 90' lang='lat' dir='ltr'><strong>bus</strong></span> <span class='ocrx_word' id='word_1_387' title='bbox 1059 2999 1145 3063; x_wconf 85' lang='lat' dir='ltr'><strong>utens,</strong></span> <span class='ocrx_word' id='word_1_388' title='bbox 1155 2985 1325 3047; x_wconf 86' lang='lat' dir='ltr'><strong>sedulterius</strong></span> <span class='ocrx_word' id='word_1_389' title='bbox 1333 2987 1517 3069; x_wconf 78' lang='lat' dir='ltr'><strong>progreditur,</strong></span> <span class='ocrx_word' id='word_1_390' title='bbox 1529 3002 1559 3049; x_wconf 93' lang='lat' dir='ltr'><strong>ut</strong></span> <span class='ocrx_word' id='word_1_391' title='bbox 1568 2990 1656 3051; x_wconf 89' lang='lat' dir='ltr'><strong>multo</strong></span> <span class='ocrx_word' id='word_1_392' title='bbox 1665 2990 1713 3051; x_wconf 80' lang='lat' dir='ltr'><strong>nb·</strong></span> 
     </span>
    </p>

    <p class='ocr_par' dir='ltr' id='par_1_21' title="bbox 172 3077 1866 3438">
     <span class='ocr_line' id='line_1_29' title="bbox 173 3077 1866 3167; baseline 0.002 -26"><span class='ocrx_word' id='word_1_393' title='bbox 173 3080 230 3150; x_wconf 78' lang='grc' dir='ltr'>ξιάν</span> <span class='ocrx_word' id='word_1_394' title='bbox 248 3079 267 3153; x_wconf 74' lang='grc' dir='ltr'>ἢ</span> <span class='ocrx_word' id='word_1_395' title='bbox 288 3079 445 3162; x_wconf 65' lang='grc' dir='ltr'>ἀριστερένς</span> <span class='ocrx_word' id='word_1_396' title='bbox 459 3077 498 3139; x_wconf 87' lang='grc' dir='ltr'>Ὃ</span> <span class='ocrx_word' id='word_1_397' title='bbox 518 3078 546 3137; x_wconf 76' lang='grc' dir='ltr'><strong>δέ</strong></span> <span class='ocrx_word' id='word_1_398' title='bbox 561 3078 633 3158; x_wconf 84' lang='grc' dir='ltr'>λέγει</span> <span class='ocrx_word' id='word_1_399' title='bbox 652 3079 767 3139; x_wconf 70' lang='grc' dir='ltr'>τοιοῦτόν</span> <span class='ocrx_word' id='word_1_400' title='bbox 790 3081 878 3139; x_wconf 78' lang='grc' dir='ltr'>έοτιν·</span> <span class='ocrx_word' id='word_1_401' title='bbox 892 3080 943 3159; x_wconf 83' lang='grc' dir='ltr'><strong>οθχ</strong></span> <span class='ocrx_word' id='word_1_402' title='bbox 958 3096 978 3144; x_wconf 81' lang='lat' dir='ltr'><strong>ts</strong></span> <span class='ocrx_word' id='word_1_403' title='bbox 992 3078 1091 3161; x_wconf 83' lang='lat' dir='ltr'><strong>jeetius</strong></span> <span class='ocrx_word' id='word_1_404' title='bbox 1103 3079 1259 3160; x_wconf 85' lang='lat' dir='ltr'><strong>exemplum</strong></span> <span class='ocrx_word' id='word_1_405' title='bbox 1273 3092 1394 3140; x_wconf 83' lang='lat' dir='ltr'><strong>ostentet.</strong></span> <span class='ocrx_word' id='word_1_406' title='bbox 1403 3080 1474 3140; x_wconf 84' lang='lat' dir='ltr'><strong>Cum</strong></span> <span class='ocrx_word' id='word_1_407' title='bbox 1483 3080 1642 3145; x_wconf 76' lang='lat' dir='ltr'><strong>enimJonss</strong></span> <span class='ocrx_word' id='word_1_408' title='bbox 1651 3096 1713 3167; x_wconf 85' lang='lat' dir='ltr'><strong>post</strong></span> <span class='ocrx_word' id='word_1_409' title='bbox 1721 3107 1774 3155; x_wconf 76' lang='lat' dir='ltr'><strong>tuo</strong></span> <span class='ocrx_word' id='word_1_410' title='bbox 1786 3124 1866 3155; x_wconf 73' lang='lat' dir='ltr'><strong>arem·</strong></span> 
     </span>
     <span class='ocr_line' id='line_1_30' title="bbox 172 3169 1866 3279; baseline 0.002 -46"><span class='ocrx_word' id='word_1_411' title='bbox 172 3172 253 3243; x_wconf 82' lang='grc' dir='ltr'>οθτιος</span> <span class='ocrx_word' id='word_1_412' title='bbox 266 3171 399 3233; x_wconf 87' lang='grc' dir='ltr'>ἀνέπαυσέ</span> <span class='ocrx_word' id='word_1_413' title='bbox 417 3195 447 3232; x_wconf 89' lang='grc' dir='ltr'>σε</span> <span class='ocrx_word' id='word_1_414' title='bbox 461 3177 479 3245; x_wconf 74' lang='grc' dir='ltr'>ἡ</span> <span class='ocrx_word' id='word_1_415' title='bbox 493 3173 557 3232; x_wconf 60' lang='lat' dir='ltr'><strong>nrt</strong></span> <span class='ocrx_word' id='word_1_416' title='bbox 571 3178 616 3232; x_wconf 81' lang='grc' dir='ltr'><strong>τοῦ</strong></span> <span class='ocrx_word' id='word_1_417' title='bbox 638 3171 756 3252; x_wconf 77' lang='grc' dir='ltr'>λαχάνου</span> <span class='ocrx_word' id='word_1_418' title='bbox 775 3174 811 3238; x_wconf 82' lang='grc' dir='ltr'><strong>ὡς</strong></span> <span class='ocrx_word' id='word_1_419' title='bbox 834 3169 882 3250; x_wconf 65' lang='lat' dir='ltr'><strong>uu</strong></span> <span class='ocrx_word' id='word_1_420' title='bbox 898 3169 943 3231; x_wconf 80' lang='grc' dir='ltr'>εί·</span> <span class='ocrx_word' id='word_1_421' title='bbox 996 3172 1100 3251; x_wconf 73' lang='lat' dir='ltr'><strong>lugam,</strong></span> <span class='ocrx_word' id='word_1_422' title='bbox 1127 3170 1231 3250; x_wconf 86' lang='lat' dir='ltr'><strong>Deique</strong></span> <span class='ocrx_word' id='word_1_423' title='bbox 1264 3192 1327 3231; x_wconf 87' lang='lat' dir='ltr'><strong>eum</strong></span> <span class='ocrx_word' id='word_1_424' title='bbox 1353 3170 1485 3233; x_wconf 81' lang='lat' dir='ltr'><strong>Ninivitis</strong></span> <span class='ocrx_word' id='word_1_425' title='bbox 1513 3173 1759 3279; x_wconf 55' lang='lat' dir='ltr'><strong>reconciliatio-3¹⁰</strong></span> <span class='ocrx_word' id='word_1_426' title='bbox 1793 3174 1866 3219; x_wconf 58' lang='lat' dir='ltr'><strong>“iu&#39;‘</strong></span> 
     </span>
     <span class='ocr_line' id='line_1_31' title="bbox 173 3249 1792 3347; baseline 0.003 -24"><span class='ocrx_word' id='word_1_427' title='bbox 173 3288 270 3346; x_wconf 86' lang='grc' dir='ltr'>φρανεν</span> <span class='ocrx_word' id='word_1_428' title='bbox 290 3268 307 3336; x_wconf 79' lang='grc' dir='ltr'><strong>ἡ</strong></span> <span class='ocrx_word' id='word_1_429' title='bbox 329 3263 448 3344; x_wconf 78' lang='grc' dir='ltr'>σωτηρία</span> <span class='ocrx_word' id='word_1_430' title='bbox 472 3265 525 3323; x_wconf 80' lang='grc' dir='ltr'><strong>τῶν</strong></span> <span class='ocrx_word' id='word_1_431' title='bbox 546 3264 707 3323; x_wconf 81' lang='grc' dir='ltr'>Νινευιτῶν·</span> <span class='ocrx_word' id='word_1_432' title='bbox 722 3261 781 3321; x_wconf 82' lang='grc' dir='ltr'>υθθέ</span> <span class='ocrx_word' id='word_1_433' title='bbox 805 3261 888 3331; x_wconf 68' lang='grc' dir='ltr'>οὕτως</span> <span class='ocrx_word' id='word_1_434' title='bbox 912 3284 943 3322; x_wconf 81' lang='grc' dir='ltr'>σε</span> <span class='ocrx_word' id='word_1_435' title='bbox 997 3283 1059 3322; x_wconf 85' lang='lat' dir='ltr'><strong>nem</strong></span> <span class='ocrx_word' id='word_1_436' title='bbox 1085 3262 1163 3343; x_wconf 88' lang='lat' dir='ltr'><strong>inops</strong></span> <span class='ocrx_word' id='word_1_437' title='bbox 1191 3263 1298 3323; x_wconf 86' lang='lat' dir='ltr'><strong>consilii</strong></span> <span class='ocrx_word' id='word_1_438' title='bbox 1320 3276 1398 3339; x_wconf 83' lang='lat' dir='ltr'><strong>esset,</strong></span> <span class='ocrx_word' id='word_1_439' title='bbox 1425 3276 1451 3323; x_wconf 83' lang='lat' dir='ltr'><strong>et</strong></span> <span class='ocrx_word' id='word_1_440' title='bbox 1479 3277 1614 3345; x_wconf 71' lang='lat' dir='ltr'><strong>aestttnm,</strong></span> <span class='ocrx_word' id='word_1_441' title='bbox 1639 3264 1715 3347; x_wconf 81' lang='lat' dir='ltr'><strong>quod</strong></span> <span class='ocrx_word' id='word_1_442' title='bbox 1736 3249 1792 3280; x_wconf 58' lang='grc' dir='ltr'><strong>Μ’</strong></span> 
     </span>
     <span class='ocr_line' id='line_1_32' title="bbox 172 3352 1716 3438; baseline 0.003 -23"><span class='ocrx_word' id='word_1_443' title='bbox 172 3356 304 3428; x_wconf 77' lang='grc' dir='ltr'>ἐλύπησεν</span> <span class='ocrx_word' id='word_1_444' title='bbox 322 3359 340 3427; x_wconf 74' lang='grc' dir='ltr'>ἡ</span> <span class='ocrx_word' id='word_1_445' title='bbox 361 3355 498 3438; x_wconf 82' lang='grc' dir='ltr'>ἀφαίρεσις</span> <span class='ocrx_word' id='word_1_446' title='bbox 512 3357 604 3427; x_wconf 77' lang='grc' dir='ltr'>αὐτοῦ,</span> <span class='ocrx_word' id='word_1_447' title='bbox 618 3357 653 3421; x_wconf 81' lang='grc' dir='ltr'><strong>ὡς</strong></span> <span class='ocrx_word' id='word_1_448' title='bbox 671 3353 719 3433; x_wconf 77' lang='grc' dir='ltr'>ἐμὲ</span> <span class='ocrx_word' id='word_1_449' title='bbox 739 3352 865 3415; x_wconf 67' lang='lat' dir='ltr'><strong>tutem</strong></span> <span class='ocrx_word' id='word_1_450' title='bbox 880 3353 943 3414; x_wconf 81' lang='grc' dir='ltr'>ἀλε-</span> <span class='ocrx_word' id='word_1_451' title='bbox 997 3374 1028 3414; x_wconf 85' lang='lat' dir='ltr'><strong>oa</strong></span> <span class='ocrx_word' id='word_1_452' title='bbox 1051 3376 1112 3435; x_wconf 75' lang='lat' dir='ltr'><strong>qnae</strong></span> <span class='ocrx_word' id='word_1_453' title='bbox 1135 3355 1253 3415; x_wconf 81' lang='lat' dir='ltr'><strong>minatus</strong></span> <span class='ocrx_word' id='word_1_454' title='bbox 1276 3368 1341 3431; x_wconf 78' lang='lat' dir='ltr'><strong>erat,</strong></span> <span class='ocrx_word' id='word_1_455' title='bbox 1364 3355 1393 3414; x_wconf 93' lang='lat' dir='ltr'><strong>in</strong></span> <span class='ocrx_word' id='word_1_456' title='bbox 1416 3376 1485 3437; x_wconf 83' lang='lat' dir='ltr'><strong>opus</strong></span> <span class='ocrx_word' id='word_1_457' title='bbox 1508 3376 1562 3416; x_wconf 89' lang='lat' dir='ltr'><strong>non</strong></span> <span class='ocrx_word' id='word_1_458' title='bbox 1584 3357 1716 3438; x_wconf 74' lang='lat' dir='ltr'><strong>prosede-</strong></span> 
     </span>
    </p>

    <p class='ocr_par' dir='ltr' id='par_1_22' title="bbox 173 3437 1716 3528">
     <span class='ocr_line' id='line_1_33' title="bbox 173 3437 1716 3528; baseline 0.002 -22"><span class='ocrx_word' id='word_1_459' title='bbox 173 3452 242 3528; x_wconf 88' lang='grc' dir='ltr'>θρος.</span> <span class='ocrx_word' id='word_1_460' title='bbox 255 3446 336 3508; x_wconf 63' lang='lat' dir='ltr'><strong>otro</strong></span> <span class='ocrx_word' id='word_1_461' title='bbox 353 3446 428 3526; x_wconf 85' lang='grc' dir='ltr'>παρά</span> <span class='ocrx_word' id='word_1_462' title='bbox 441 3446 551 3527; x_wconf 82' lang='grc' dir='ltr'>γνώμην</span> <span class='ocrx_word' id='word_1_463' title='bbox 564 3468 616 3525; x_wconf 88' lang='grc' dir='ltr'><strong>μου</strong></span> <span class='ocrx_word' id='word_1_464' title='bbox 631 3449 648 3517; x_wconf 80' lang='grc' dir='ltr'>ἡ</span> <span class='ocrx_word' id='word_1_465' title='bbox 663 3444 783 3506; x_wconf 81' lang='grc' dir='ltr'>ἀπώλεια</span> <span class='ocrx_word' id='word_1_466' title='bbox 798 3450 884 3506; x_wconf 76' lang='grc' dir='ltr'>αὐτῶν</span> <span class='ocrx_word' id='word_1_467' title='bbox 898 3437 941 3519; x_wconf 76' lang='grc' dir='ltr'>ἥν.</span> <span class='ocrx_word' id='word_1_468' title='bbox 998 3460 1067 3525; x_wconf 82' lang='lat' dir='ltr'><strong>rent,</strong></span> <span class='ocrx_word' id='word_1_469' title='bbox 1079 3460 1106 3508; x_wconf 88' lang='lat' dir='ltr'><strong>et</strong></span> <span class='ocrx_word' id='word_1_470' title='bbox 1122 3447 1242 3507; x_wconf 85' lang='lat' dir='ltr'><strong>humano</strong></span> <span class='ocrx_word' id='word_1_471' title='bbox 1252 3447 1370 3527; x_wconf 87' lang='lat' dir='ltr'><strong>quodam</strong></span> <span class='ocrx_word' id='word_1_472' title='bbox 1387 3448 1543 3507; x_wconf 77' lang='lat' dir='ltr'><strong>turbaretur</strong></span> <span class='ocrx_word' id='word_1_473' title='bbox 1555 3448 1665 3524; x_wconf 75' lang='lat' dir='ltr'><strong>affectet,</strong></span> <span class='ocrx_word' id='word_1_474' title='bbox 1684 3468 1716 3509; x_wconf 84' lang='lat' dir='ltr'><strong>ao</strong></span> 
     </span>
    </p>

    <p class='ocr_par' dir='ltr' id='par_1_23' title="bbox 174 3536 1717 3621">
     <span class='ocr_line' id='line_1_34' title="bbox 174 3536 1717 3621; baseline 0 -21"><span class='ocrx_word' id='word_1_475' title='bbox 174 3538 259 3619; x_wconf 61' lang='grc' dir='ltr'><strong>Ὁρᾷς</strong></span> <span class='ocrx_word' id='word_1_476' title='bbox 278 3543 336 3606; x_wconf 81' lang='grc' dir='ltr'><strong>πῶς</strong></span> <span class='ocrx_word' id='word_1_477' title='bbox 355 3539 402 3599; x_wconf 78' lang='grc' dir='ltr'>καί</span> <span class='ocrx_word' id='word_1_478' title='bbox 415 3542 526 3599; x_wconf 72' lang='grc' dir='ltr'>ἐνταῦθα</span> <span class='ocrx_word' id='word_1_479' title='bbox 549 3536 763 3620; x_wconf 74' lang='grc' dir='ltr'>θπερὸαίνιιτλν</span> <span class='ocrx_word' id='word_1_480' title='bbox 784 3537 882 3599; x_wconf 77' lang='grc' dir='ltr'>εἰκόνα.</span> <span class='ocrx_word' id='word_1_481' title='bbox 902 3540 944 3598; x_wconf 81' lang='lat' dir='ltr'><strong>ot</strong></span> <span class='ocrx_word' id='word_1_482' title='bbox 999 3553 1111 3598; x_wconf 84' lang='lat' dir='ltr'><strong>moestus</strong></span> <span class='ocrx_word' id='word_1_483' title='bbox 1135 3552 1214 3616; x_wconf 80' lang='lat' dir='ltr'><strong>esset,</strong></span> <span class='ocrx_word' id='word_1_484' title='bbox 1238 3558 1301 3598; x_wconf 90' lang='lat' dir='ltr'><strong>cum</strong></span> <span class='ocrx_word' id='word_1_485' title='bbox 1322 3537 1372 3598; x_wconf 90' lang='lat' dir='ltr'><strong>soli</strong></span> <span class='ocrx_word' id='word_1_486' title='bbox 1397 3538 1554 3621; x_wconf 81' lang='lat' dir='ltr'><strong>imperasset</strong></span> <span class='ocrx_word' id='word_1_487' title='bbox 1571 3540 1655 3618; x_wconf 88' lang='lat' dir='ltr'><strong>Deus,</strong></span> <span class='ocrx_word' id='word_1_488' title='bbox 1685 3553 1717 3600; x_wconf 90' lang='lat' dir='ltr'><strong>ut</strong></span> 
     </span>
    </p>

    <p class='ocr_par' dir='ltr' id='par_1_24' title="bbox 175 3619 1717 3805">
     <span class='ocr_line' id='line_1_35' title="bbox 175 3619 1717 3710; baseline 0.004 -21"><span class='ocrx_word' id='word_1_489' title='bbox 175 3629 228 3710; x_wconf 67' lang='lat' dir='ltr'><strong>,tp</strong></span> <span class='ocrx_word' id='word_1_490' title='bbox 243 3619 317 3702; x_wconf 78' lang='grc' dir='ltr'>ιθπε,</span> <span class='ocrx_word' id='word_1_491' title='bbox 331 3628 370 3690; x_wconf 62' lang='lat' dir='ltr'><strong>Dr</strong></span> <span class='ocrx_word' id='word_1_492' title='bbox 391 3628 439 3708; x_wconf 72' lang='grc' dir='ltr'><strong>μέν</strong></span> <span class='ocrx_word' id='word_1_493' title='bbox 455 3628 550 3710; x_wconf 82' lang='grc' dir='ltr'>ἀφείαω</span> <span class='ocrx_word' id='word_1_494' title='bbox 560 3628 626 3709; x_wconf 74' lang='grc' dir='ltr'>ὑπὲρ</span> <span class='ocrx_word' id='word_1_495' title='bbox 639 3632 686 3700; x_wconf 80' lang='grc' dir='ltr'>τῆς</span> <span class='ocrx_word' id='word_1_496' title='bbox 705 3628 878 3701; x_wconf 79' lang='grc' dir='ltr'>κολοκύντης,</span> <span class='ocrx_word' id='word_1_497' title='bbox 898 3628 945 3690; x_wconf 80' lang='grc' dir='ltr'>καί</span> <span class='ocrx_word' id='word_1_498' title='bbox 999 3630 1164 3691; x_wconf 88' lang='lat' dir='ltr'><strong>ardentiores</strong></span> <span class='ocrx_word' id='word_1_499' title='bbox 1185 3628 1316 3690; x_wconf 85' lang='lat' dir='ltr'><strong>emitteret</strong></span> <span class='ocrx_word' id='word_1_500' title='bbox 1339 3628 1440 3708; x_wconf 76' lang='lat' dir='ltr'><strong>radios,</strong></span> <span class='ocrx_word' id='word_1_501' title='bbox 1460 3650 1493 3690; x_wconf 87' lang='lat' dir='ltr'><strong>ac</strong></span> <span class='ocrx_word' id='word_1_502' title='bbox 1514 3630 1615 3693; x_wconf 88' lang='lat' dir='ltr'><strong>deinde</strong></span> <span class='ocrx_word' id='word_1_503' title='bbox 1639 3646 1717 3695; x_wconf 73' lang='lat' dir='ltr'><strong>tetro</strong></span> 
     </span>
     <span class='ocr_line' id='line_1_36' title="bbox 176 3712 1717 3805; baseline 0.003 -24"><span class='ocrx_word' id='word_1_504' title='bbox 176 3721 308 3800; x_wconf 76' lang='grc' dir='ltr'>ἐσίγησεν,</span> <span class='ocrx_word' id='word_1_505' title='bbox 322 3723 381 3781; x_wconf 89' lang='grc' dir='ltr'>ἀλλ’</span> <span class='ocrx_word' id='word_1_506' title='bbox 391 3720 537 3802; x_wconf 73' lang='grc' dir='ltr'>ἀπήγαγεν·</span> <span class='ocrx_word' id='word_1_507' title='bbox 551 3721 612 3800; x_wconf 85' lang='grc' dir='ltr'><strong>Ἐφ’</strong></span> <span class='ocrx_word' id='word_1_508' title='bbox 630 3712 707 3795; x_wconf 68' lang='grc' dir='ltr'>ἥσθε</span> <span class='ocrx_word' id='word_1_509' title='bbox 728 3722 944 3795; x_wconf 78' lang='grc' dir='ltr'>ἕκαοιοπιίθηοσς,</span> <span class='ocrx_word' id='word_1_510' title='bbox 996 3723 1130 3805; x_wconf 82' lang='lat' dir='ltr'><strong>jussisset,</strong></span> <span class='ocrx_word' id='word_1_511' title='bbox 1158 3734 1190 3782; x_wconf 89' lang='lat' dir='ltr'><strong>ut</strong></span> <span class='ocrx_word' id='word_1_512' title='bbox 1213 3720 1256 3780; x_wconf 93' lang='lat' dir='ltr'><strong>illi</strong></span> <span class='ocrx_word' id='word_1_513' title='bbox 1283 3734 1388 3803; x_wconf 79' lang='lat' dir='ltr'><strong>tegmen</strong></span> <span class='ocrx_word' id='word_1_514' title='bbox 1420 3742 1456 3783; x_wconf 88' lang='lat' dir='ltr'><strong>ex</strong></span> <span class='ocrx_word' id='word_1_515' title='bbox 1479 3722 1563 3783; x_wconf 87' lang='lat' dir='ltr'><strong>herba</strong></span> <span class='ocrx_word' id='word_1_516' title='bbox 1585 3723 1717 3785; x_wconf 88' lang='lat' dir='ltr'><strong>subitario</strong></span> 
     </span>
    </p>

    <p class='ocr_par' dir='ltr' id='par_1_25' title="bbox 176 3810 1718 3894">
     <span class='ocr_line' id='line_1_37' title="bbox 176 3810 1718 3894; baseline 0.003 -23"><span class='ocrx_word' id='word_1_517' title='bbox 176 3810 236 3871; x_wconf 83' lang='grc' dir='ltr'>οθδλ</span> <span class='ocrx_word' id='word_1_518' title='bbox 255 3810 394 3893; x_wconf 75' lang='grc' dir='ltr'>ἀξέθρεψας</span> <span class='ocrx_word' id='word_1_519' title='bbox 413 3812 503 3885; x_wconf 65' lang='grc' dir='ltr'>αὐτόν.</span> <span class='ocrx_word' id='word_1_520' title='bbox 515 3810 627 3885; x_wconf 69' lang='grc' dir='ltr'>Ἐπειδὴ</span> <span class='ocrx_word' id='word_1_521' title='bbox 648 3812 700 3894; x_wconf 74' lang='grc' dir='ltr'>γὰρ</span> <span class='ocrx_word' id='word_1_522' title='bbox 722 3814 808 3872; x_wconf 74' lang='grc' dir='ltr'>ἐκεῖνα</span> <span class='ocrx_word' id='word_1_523' title='bbox 828 3812 945 3891; x_wconf 72' lang='grc' dir='ltr'>μάλιστα</span> <span class='ocrx_word' id='word_1_524' title='bbox 1000 3832 1081 3893; x_wconf 78' lang='grc' dir='ltr'>αρσια</span> <span class='ocrx_word' id='word_1_525' title='bbox 1096 3824 1225 3890; x_wconf 81' lang='lat' dir='ltr'><strong>strueret,</strong></span> <span class='ocrx_word' id='word_1_526' title='bbox 1242 3830 1305 3871; x_wconf 86' lang='lat' dir='ltr'><strong>cnm</strong></span> <span class='ocrx_word' id='word_1_527' title='bbox 1326 3831 1488 3893; x_wconf 77' lang='lat' dir='ltr'><strong>magnopere</strong></span> <span class='ocrx_word' id='word_1_528' title='bbox 1507 3812 1588 3873; x_wconf 88' lang='lat' dir='ltr'><strong>illum</strong></span> <span class='ocrx_word' id='word_1_529' title='bbox 1603 3813 1718 3875; x_wconf 83' lang='lat' dir='ltr'><strong>levasset</strong></span> 
     </span>
    </p>

    <p class='ocr_par' dir='ltr' id='par_1_26' title="bbox 176 3900 1717 3986">
     <span class='ocr_line' id='line_1_38' title="bbox 176 3900 1717 3986; baseline 0.003 -22"><span class='ocrx_word' id='word_1_530' title='bbox 176 3905 280 3985; x_wconf 78' lang='grc' dir='ltr'>φιλοῦσι</span> <span class='ocrx_word' id='word_1_531' title='bbox 289 3906 343 3963; x_wconf 81' lang='grc' dir='ltr'><strong>τῶν</strong></span> <span class='ocrx_word' id='word_1_532' title='bbox 357 3906 445 3984; x_wconf 84' lang='grc' dir='ltr'>φυτῶν</span> <span class='ocrx_word' id='word_1_533' title='bbox 457 3904 482 3961; x_wconf 89' lang='grc' dir='ltr'>οί</span> <span class='ocrx_word' id='word_1_534' title='bbox 502 3901 630 3981; x_wconf 85' lang='grc' dir='ltr'>γηπόνοι,</span> <span class='ocrx_word' id='word_1_535' title='bbox 642 3902 704 3986; x_wconf 85' lang='grc' dir='ltr'>περὶ</span> <span class='ocrx_word' id='word_1_536' title='bbox 716 3902 734 3962; x_wconf 85' lang='grc' dir='ltr'>ἀ</span> <span class='ocrx_word' id='word_1_537' title='bbox 748 3901 831 3964; x_wconf 84' lang='grc' dir='ltr'>πολθν</span> <span class='ocrx_word' id='word_1_538' title='bbox 845 3903 946 3963; x_wconf 76' lang='grc' dir='ltr'>ἀπεθεί-</span> <span class='ocrx_word' id='word_1_539' title='bbox 1000 3916 1082 3982; x_wconf 82' lang='lat' dir='ltr'><strong>atque</strong></span> <span class='ocrx_word' id='word_1_540' title='bbox 1094 3914 1246 3978; x_wconf 85' lang='lat' dir='ltr'><strong>recreasset,</strong></span> <span class='ocrx_word' id='word_1_541' title='bbox 1256 3900 1354 3962; x_wconf 88' lang='lat' dir='ltr'><strong>deinde</strong></span> <span class='ocrx_word' id='word_1_542' title='bbox 1361 3922 1454 3963; x_wconf 86' lang='lat' dir='ltr'><strong>rursus</strong></span> <span class='ocrx_word' id='word_1_543' title='bbox 1462 3924 1525 3963; x_wconf 91' lang='lat' dir='ltr'><strong>cum</strong></span> <span class='ocrx_word' id='word_1_544' title='bbox 1535 3903 1571 3964; x_wconf 93' lang='lat' dir='ltr'><strong>ob</strong></span> <span class='ocrx_word' id='word_1_545' title='bbox 1579 3904 1717 3969; x_wconf 84' lang='lat' dir='ltr'><strong>sublatum</strong></span> 
     </span>
    </p>

    <p class='ocr_par' dir='ltr' id='par_1_27' title="bbox 176 3993 1727 4079">
     <span class='ocr_line' id='line_1_39' title="bbox 176 3993 1727 4079; baseline 0.001 -23"><span class='ocrx_word' id='word_1_546' title='bbox 176 3996 254 4065; x_wconf 80' lang='grc' dir='ltr'>ξαντα</span> <span class='ocrx_word' id='word_1_547' title='bbox 264 3994 355 4070; x_wconf 86' lang='grc' dir='ltr'>πένυν,</span> <span class='ocrx_word' id='word_1_548' title='bbox 369 3993 453 4064; x_wconf 77' lang='grc' dir='ltr'>δεῖξαι</span> <span class='ocrx_word' id='word_1_549' title='bbox 462 3994 544 4054; x_wconf 88' lang='grc' dir='ltr'>θέλων</span> <span class='ocrx_word' id='word_1_550' title='bbox 553 3993 594 4054; x_wconf 78' lang='lat' dir='ltr'><strong>du</strong></span> <span class='ocrx_word' id='word_1_551' title='bbox 606 3995 652 4055; x_wconf 84' lang='grc' dir='ltr'>καὶ</span> <span class='ocrx_word' id='word_1_552' title='bbox 666 3996 734 4055; x_wconf 85' lang='grc' dir='ltr'>κατά</span> <span class='ocrx_word' id='word_1_553' title='bbox 744 4001 822 4056; x_wconf 79' lang='grc' dir='ltr'>τοῦτο</span> <span class='ocrx_word' id='word_1_554' title='bbox 836 3996 946 4076; x_wconf 84' lang='grc' dir='ltr'>φιλεῖτθ</span> <span class='ocrx_word' id='word_1_555' title='bbox 1000 3995 1112 4055; x_wconf 84' lang='lat' dir='ltr'><strong>emedio</strong></span> <span class='ocrx_word' id='word_1_556' title='bbox 1120 4006 1226 4075; x_wconf 76' lang='lat' dir='ltr'><strong>tegmen</strong></span> <span class='ocrx_word' id='word_1_557' title='bbox 1235 3993 1304 4053; x_wconf 89' lang='lat' dir='ltr'><strong>illud</strong></span> <span class='ocrx_word' id='word_1_558' title='bbox 1310 4014 1373 4054; x_wconf 86' lang='lat' dir='ltr'><strong>oum</strong></span> <span class='ocrx_word' id='word_1_559' title='bbox 1383 3995 1727 4079; x_wconf 66' lang='lat' dir='ltr'><strong>contristassetpostquam.</strong></span> 
     </span>
    </p>

    <p class='ocr_par' dir='ltr' id='par_1_28' title="bbox 176 4077 1714 4169">
     <span class='ocr_line' id='line_1_40' title="bbox 176 4077 1714 4169; baseline 0.003 -22"><span class='ocrx_word' id='word_1_560' title='bbox 176 4077 242 4155; x_wconf 74' lang='lat' dir='ltr'><strong>sido&lt;</strong></span> <span class='ocrx_word' id='word_1_561' title='bbox 254 4092 301 4147; x_wconf 73' lang='grc' dir='ltr'>τῶ</span> <span class='ocrx_word' id='word_1_562' title='bbox 314 4085 424 4167; x_wconf 78' lang='grc' dir='ltr'>φίλτρου</span> <span class='ocrx_word' id='word_1_563' title='bbox 433 4084 493 4153; x_wconf 85' lang='grc' dir='ltr'>τυθς</span> <span class='ocrx_word' id='word_1_564' title='bbox 503 4085 668 4165; x_wconf 83' lang='grc' dir='ltr'>ἀνθρώπους,</span> <span class='ocrx_word' id='word_1_565' title='bbox 679 4092 757 4147; x_wconf 76' lang='grc' dir='ltr'>τοῦτο</span> <span class='ocrx_word' id='word_1_566' title='bbox 768 4087 945 4169; x_wconf 86' lang='grc' dir='ltr'>προσέθηκεν·</span> <span class='ocrx_word' id='word_1_567' title='bbox 997 4088 1082 4148; x_wconf 89' lang='lat' dir='ltr'><strong>altero</strong></span> <span class='ocrx_word' id='word_1_568' title='bbox 1095 4100 1257 4164; x_wconf 76' lang='lat' dir='ltr'><strong>recreatum,</strong></span> <span class='ocrx_word' id='word_1_569' title='bbox 1270 4100 1297 4147; x_wconf 81' lang='lat' dir='ltr'><strong>et</strong></span> <span class='ocrx_word' id='word_1_570' title='bbox 1314 4088 1399 4148; x_wconf 83' lang='lat' dir='ltr'><strong>altero</strong></span> <span class='ocrx_word' id='word_1_571' title='bbox 1413 4088 1561 4148; x_wconf 83' lang='lat' dir='ltr'><strong>cruciatum</strong></span> <span class='ocrx_word' id='word_1_572' title='bbox 1574 4088 1655 4149; x_wconf 87' lang='lat' dir='ltr'><strong>illum</strong></span> <span class='ocrx_word' id='word_1_573' title='bbox 1668 4090 1714 4151; x_wconf 83' lang='lat' dir='ltr'><strong>vi-</strong></span> 
     </span>
    </p>

    <p class='ocr_par' dir='ltr' id='par_1_29' title="bbox 175 4176 1868 4353">
     <span class='ocr_line' id='line_1_41' title="bbox 176 4176 1868 4262; baseline 0.001 -24"><span class='ocrx_word' id='word_1_574' title='bbox 176 4181 199 4238; x_wconf 84' lang='grc' dir='ltr'>εί</span> <span class='ocrx_word' id='word_1_575' title='bbox 211 4177 263 4257; x_wconf 83' lang='grc' dir='ltr'><strong>γάρ</strong></span> <span class='ocrx_word' id='word_1_576' title='bbox 276 4176 309 4239; x_wconf 69' lang='lat' dir='ltr'><strong>sis</strong></span> <span class='ocrx_word' id='word_1_577' title='bbox 322 4181 370 4237; x_wconf 80' lang='grc' dir='ltr'><strong>τοῦ</strong></span> <span class='ocrx_word' id='word_1_578' title='bbox 382 4176 520 4257; x_wconf 79' lang='grc' dir='ltr'>ἀλλοτρίου</span> <span class='ocrx_word' id='word_1_579' title='bbox 533 4178 609 4259; x_wconf 75' lang='grc' dir='ltr'>ἔργου</span> <span class='ocrx_word' id='word_1_580' title='bbox 619 4176 701 4246; x_wconf 75' lang='grc' dir='ltr'>οὕτως</span> <span class='ocrx_word' id='word_1_581' title='bbox 714 4178 850 4260; x_wconf 81' lang='grc' dir='ltr'>ἀντείχου,</span> <span class='ocrx_word' id='word_1_582' title='bbox 863 4179 945 4262; x_wconf 82' lang='grc' dir='ltr'>φησὶ,</span> <span class='ocrx_word' id='word_1_583' title='bbox 963 4198 982 4245; x_wconf 87' lang='lat' dir='ltr'>c</span> <span class='ocrx_word' id='word_1_584' title='bbox 997 4178 1050 4259; x_wconf 90' lang='lat' dir='ltr'><strong>dit,</strong></span> <span class='ocrx_word' id='word_1_585' title='bbox 1065 4179 1130 4239; x_wconf 85' lang='lat' dir='ltr'><strong>audi</strong></span> <span class='ocrx_word' id='word_1_586' title='bbox 1144 4176 1211 4258; x_wconf 92' lang='lat' dir='ltr'><strong>quid</strong></span> <span class='ocrx_word' id='word_1_587' title='bbox 1224 4178 1249 4237; x_wconf 91' lang='lat' dir='ltr'><strong>ei</strong></span> <span class='ocrx_word' id='word_1_588' title='bbox 1262 4178 1354 4239; x_wconf 83' lang='lat' dir='ltr'><strong>dicat:</strong></span> <span class='ocrx_word' id='word_1_589' title='bbox 1373 4181 1417 4238; x_wconf 82' lang='lat' dir='ltr'><strong>Tu</strong></span> <span class='ocrx_word' id='word_1_590' title='bbox 1431 4180 1548 4261; x_wconf 80' lang='lat' dir='ltr'><strong>quidem</strong></span> <span class='ocrx_word' id='word_1_591' title='bbox 1558 4185 1715 4261; x_wconf 74' lang='lat' dir='ltr'><strong>pepmistr&#39;</strong></span> <span class='ocrx_word' id='word_1_592' title='bbox 1722 4195 1776 4240; x_wconf 75' lang='grc' dir='ltr'>Ιοιι.</span> <span class='ocrx_word' id='word_1_593' title='bbox 1788 4194 1812 4252; x_wconf 71' lang='lat' dir='ltr'><strong>t.</strong></span> <span class='ocrx_word' id='word_1_594' title='bbox 1828 4206 1868 4240; x_wconf 83' lang='grc' dir='ltr'><strong>ιο,</strong></span> 
     </span>
     <span class='ocr_line' id='line_1_42' title="bbox 175 4261 1762 4353; baseline 0.004 -27"><span class='ocrx_word' id='word_1_595' title='bbox 175 4270 266 4345; x_wconf 78' lang='grc' dir='ltr'>πολλῷ</span> <span class='ocrx_word' id='word_1_596' title='bbox 282 4269 385 4347; x_wconf 71' lang='grc' dir='ltr'>μᾶλλον</span> <span class='ocrx_word' id='word_1_597' title='bbox 398 4267 451 4347; x_wconf 75' lang='grc' dir='ltr'>ἐγὼ</span> <span class='ocrx_word' id='word_1_598' title='bbox 463 4272 509 4328; x_wconf 73' lang='grc' dir='ltr'><strong>τοῦ</strong></span> <span class='ocrx_word' id='word_1_599' title='bbox 523 4268 636 4343; x_wconf 80' lang='grc' dir='ltr'>οἰκείου,</span> <span class='ocrx_word' id='word_1_600' title='bbox 650 4268 696 4329; x_wconf 81' lang='grc' dir='ltr'>καί</span> <span class='ocrx_word' id='word_1_601' title='bbox 709 4261 738 4329; x_wconf 73' lang='grc' dir='ltr'>οὗ</span> <span class='ocrx_word' id='word_1_602' title='bbox 756 4271 869 4344; x_wconf 71' lang='grc' dir='ltr'>ποιητής</span> <span class='ocrx_word' id='word_1_603' title='bbox 879 4274 944 4350; x_wconf 86' lang='grc' dir='ltr'>είμι.</span> <span class='ocrx_word' id='word_1_604' title='bbox 998 4293 1084 4353; x_wconf 82' lang='lat' dir='ltr'><strong>super</strong></span> <span class='ocrx_word' id='word_1_605' title='bbox 1095 4274 1257 4338; x_wconf 81' lang='lat' dir='ltr'><strong>cucurbita,</strong></span> <span class='ocrx_word' id='word_1_606' title='bbox 1270 4291 1324 4351; x_wconf 87' lang='lat' dir='ltr'><strong>pro</strong></span> <span class='ocrx_word' id='word_1_607' title='bbox 1339 4292 1398 4351; x_wconf 84' lang='lat' dir='ltr'><strong>qua</strong></span> <span class='ocrx_word' id='word_1_608' title='bbox 1414 4293 1474 4330; x_wconf 84' lang='lat' dir='ltr'><strong>non</strong></span> <span class='ocrx_word' id='word_1_609' title='bbox 1488 4272 1642 4344; x_wconf 78' lang='lat' dir='ltr'><strong>laborasti,</strong></span> <span class='ocrx_word' id='word_1_610' title='bbox 1659 4294 1713 4332; x_wconf 82' lang='lat' dir='ltr'><strong>rte·</strong></span> <span class='ocrx_word' id='word_1_611' title='bbox 1725 4270 1762 4303; x_wconf 88' lang='lat'><strong>¹¹·</strong></span> 
     </span>
    </p>

    <p class='ocr_par' dir='ltr' id='par_1_30' title="bbox 174 4351 1715 4446">
     <span class='ocr_line' id='line_1_43' title="bbox 174 4351 1715 4446; baseline 0.003 -25"><span class='ocrx_word' id='word_1_612' title='bbox 174 4351 246 4421; x_wconf 79' lang='lat' dir='ltr'><strong>Elea</strong></span> <span class='ocrx_word' id='word_1_613' title='bbox 256 4359 303 4419; x_wconf 79' lang='grc' dir='ltr'><strong>καλ</strong></span> <span class='ocrx_word' id='word_1_614' title='bbox 314 4358 491 4438; x_wconf 84' lang='grc' dir='ltr'>θοιοτέμνιταί</span> <span class='ocrx_word' id='word_1_615' title='bbox 509 4383 535 4420; x_wconf 89' lang='grc' dir='ltr'><strong>τι</strong></span> <span class='ocrx_word' id='word_1_616' title='bbox 555 4365 603 4433; x_wconf 76' lang='grc' dir='ltr'>τῆς</span> <span class='ocrx_word' id='word_1_617' title='bbox 626 4361 785 4445; x_wconf 86' lang='grc' dir='ltr'>κατηγορίας</span> <span class='ocrx_word' id='word_1_618' title='bbox 799 4364 885 4423; x_wconf 77' lang='grc' dir='ltr'>αὐτῶν</span> <span class='ocrx_word' id='word_1_619' title='bbox 897 4363 944 4423; x_wconf 85' lang='grc' dir='ltr'>λέ·</span> <span class='ocrx_word' id='word_1_620' title='bbox 999 4382 1054 4444; x_wconf 85' lang='lat' dir='ltr'><strong>que</strong></span> <span class='ocrx_word' id='word_1_621' title='bbox 1069 4367 1200 4423; x_wconf 81' lang='lat' dir='ltr'><strong>nutriisti</strong></span> <span class='ocrx_word' id='word_1_622' title='bbox 1214 4386 1224 4419; x_wconf 92' lang='grc'><strong>.·</strong></span> <span class='ocrx_word' id='word_1_623' title='bbox 1239 4382 1291 4444; x_wconf 79' lang='lat' dir='ltr'><strong>ego</strong></span> <span class='ocrx_word' id='word_1_624' title='bbox 1307 4375 1406 4422; x_wconf 83' lang='lat' dir='ltr'><strong>autem</strong></span> <span class='ocrx_word' id='word_1_625' title='bbox 1421 4383 1481 4422; x_wconf 87' lang='lat' dir='ltr'><strong>non</strong></span> <span class='ocrx_word' id='word_1_626' title='bbox 1492 4384 1616 4443; x_wconf 78' lang='lat' dir='ltr'><strong>parcam</strong></span> <span class='ocrx_word' id='word_1_627' title='bbox 1628 4385 1715 4446; x_wconf 81' lang='lat' dir='ltr'><strong>super</strong></span> 
     </span>
    </p>

    <p class='ocr_par' dir='ltr' id='par_1_31' title="bbox 174 4450 1714 4537">
     <span class='ocr_line' id='line_1_44' title="bbox 174 4450 1714 4537; baseline 0.006 -27"><span class='ocrx_word' id='word_1_628' title='bbox 174 4474 240 4531; x_wconf 82' lang='grc' dir='ltr'>γιον,</span> <span class='ocrx_word' id='word_1_629' title='bbox 254 4450 364 4511; x_wconf 80' lang='grc' dir='ltr'>θιιθῦει</span> <span class='ocrx_word' id='word_1_630' title='bbox 382 4450 499 4531; x_wconf 84' lang='grc' dir='ltr'>έγνωααν</span> <span class='ocrx_word' id='word_1_631' title='bbox 521 4450 606 4522; x_wconf 77' lang='grc' dir='ltr'>θιῑεάν</span> <span class='ocrx_word' id='word_1_632' title='bbox 624 4450 643 4523; x_wconf 77' lang='grc' dir='ltr'>ἢ</span> <span class='ocrx_word' id='word_1_633' title='bbox 662 4453 818 4537; x_wconf 80' lang='grc' dir='ltr'>ἀριστεράν·</span> <span class='ocrx_word' id='word_1_634' title='bbox 835 4453 945 4536; x_wconf 83' lang='grc' dir='ltr'>ἀφιλείφι</span> <span class='ocrx_word' id='word_1_635' title='bbox 997 4456 1106 4515; x_wconf 72' lang='lat' dir='ltr'><strong>Ninive</strong></span> <span class='ocrx_word' id='word_1_636' title='bbox 1113 4458 1234 4515; x_wconf 81' lang='lat' dir='ltr'><strong>cr‘vitote</strong></span> <span class='ocrx_word' id='word_1_637' title='bbox 1241 4459 1464 4535; x_wconf 78' lang='lat' dir='ltr'><strong>mogoo,inquo</strong></span> <span class='ocrx_word' id='word_1_638' title='bbox 1472 4456 1714 4536; x_wconf 76' lang='lat' dir='ltr'><strong>lobitontpltoes</strong></span> 
     </span>
    </p>

    <p class='ocr_par' dir='ltr' id='par_1_32' title="bbox 176 4539 1715 4630">
     <span class='ocr_line' id='line_1_45' title="bbox 176 4539 1715 4630; baseline 0.005 -29"><span class='ocrx_word' id='word_1_639' title='bbox 176 4541 278 4620; x_wconf 69' lang='grc' dir='ltr'>μᾶλλον</span> <span class='ocrx_word' id='word_1_640' title='bbox 290 4539 309 4614; x_wconf 73' lang='grc' dir='ltr'>ἢ</span> <span class='ocrx_word' id='word_1_641' title='bbox 321 4540 691 4625; x_wconf 68' lang='grc' dir='ltr'>’καίρπεπλημμιληιιέναι</span> <span class='ocrx_word' id='word_1_642' title='bbox 703 4544 795 4614; x_wconf 82' lang='grc' dir='ltr'>αθτοθς</span> <span class='ocrx_word' id='word_1_643' title='bbox 804 4546 945 4627; x_wconf 83' lang='grc' dir='ltr'>ἀποφηνά-</span> <span class='ocrx_word' id='word_1_644' title='bbox 997 4566 1088 4628; x_wconf 75' lang='lat' dir='ltr'><strong>quom</strong></span> <span class='ocrx_word' id='word_1_645' title='bbox 1104 4560 1221 4606; x_wconf 87' lang='lat' dir='ltr'><strong>eentum</strong></span> <span class='ocrx_word' id='word_1_646' title='bbox 1237 4550 1347 4627; x_wconf 80' lang='lat' dir='ltr'><strong>viginti</strong></span> <span class='ocrx_word' id='word_1_647' title='bbox 1368 4547 1465 4606; x_wconf 78' lang='lat' dir='ltr'><strong>millio</strong></span> <span class='ocrx_word' id='word_1_648' title='bbox 1480 4548 1641 4621; x_wconf 76' lang='lat' dir='ltr'><strong>hominum,</strong></span> <span class='ocrx_word' id='word_1_649' title='bbox 1662 4552 1715 4630; x_wconf 78' lang='lat' dir='ltr'><strong>oui</strong></span> 
     </span>
    </p>

    <p class='ocr_par' dir='ltr' id='par_1_33' title="bbox 175 4632 1714 4715">
     <span class='ocr_line' id='line_1_46' title="bbox 175 4632 1714 4715; baseline 0.005 -21"><span class='ocrx_word' id='word_1_650' title='bbox 175 4652 268 4711; x_wconf 86' lang='grc' dir='ltr'>μενος,</span> <span class='ocrx_word' id='word_1_651' title='bbox 281 4633 296 4694; x_wconf 87' lang='grc' dir='ltr'>θ</span> <span class='ocrx_word' id='word_1_652' title='bbox 308 4632 355 4695; x_wconf 81' lang='grc' dir='ltr'><strong>καλ</strong></span> <span class='ocrx_word' id='word_1_653' title='bbox 367 4633 448 4704; x_wconf 74' lang='grc' dir='ltr'>ἔδειξε</span> <span class='ocrx_word' id='word_1_654' title='bbox 460 4635 493 4695; x_wconf 85' lang='grc' dir='ltr'><strong>τθ</strong></span> <span class='ocrx_word' id='word_1_655' title='bbox 505 4640 552 4708; x_wconf 77' lang='grc' dir='ltr'>τῆς</span> <span class='ocrx_word' id='word_1_656' title='bbox 564 4635 704 4715; x_wconf 85' lang='grc' dir='ltr'>μετανοίας</span> <span class='ocrx_word' id='word_1_657' title='bbox 722 4636 805 4707; x_wconf 85' lang='grc' dir='ltr'>τέλος.</span> <span class='ocrx_word' id='word_1_658' title='bbox 823 4637 876 4698; x_wconf 81' lang='lat' dir='ltr'><strong>Kel</strong></span> <span class='ocrx_word' id='word_1_659' title='bbox 887 4637 943 4699; x_wconf 80' lang='grc' dir='ltr'>ἐτέ-</span> <span class='ocrx_word' id='word_1_660' title='bbox 998 4658 1058 4698; x_wconf 82' lang='lat' dir='ltr'><strong>ooo</strong></span> <span class='ocrx_word' id='word_1_661' title='bbox 1068 4650 1211 4699; x_wconf 82' lang='lat' dir='ltr'><strong>noverunt</strong></span> <span class='ocrx_word' id='word_1_662' title='bbox 1226 4637 1362 4697; x_wconf 65' lang='lat' dir='ltr'><strong>oseam</strong></span> <span class='ocrx_word' id='word_1_663' title='bbox 1375 4650 1428 4698; x_wconf 84' lang='lat' dir='ltr'><strong>out</strong></span> <span class='ocrx_word' id='word_1_664' title='bbox 1441 4642 1594 4699; x_wconf 82' lang='lat' dir='ltr'><strong>sinistram</strong></span> <span class='ocrx_word' id='word_1_665' title='bbox 1608 4648 1714 4701; x_wconf 78' lang='lat' dir='ltr'><strong>suom?</strong></span> 
     </span>
    </p>

    <p class='ocr_par' dir='ltr' id='par_1_34' title="bbox 174 4723 1711 4813">
     <span class='ocr_line' id='line_1_47' title="bbox 174 4723 1711 4813; baseline 0.008 -30"><span class='ocrx_word' id='word_1_666' title='bbox 174 4747 229 4804; x_wconf 91' lang='grc' dir='ltr'>ροις</span> <span class='ocrx_word' id='word_1_667' title='bbox 256 4723 284 4785; x_wconf 82' lang='grc' dir='ltr'>δθ</span> <span class='ocrx_word' id='word_1_668' title='bbox 312 4727 443 4806; x_wconf 82' lang='grc' dir='ltr'>έπετιμῶν</span> <span class='ocrx_word' id='word_1_669' title='bbox 472 4732 610 4809; x_wconf 78' lang='grc' dir='ltr'>θρηνοῦσιν</span> <span class='ocrx_word' id='word_1_670' title='bbox 637 4732 673 4794; x_wconf 85' lang='grc' dir='ltr'><strong>ὡς</strong></span> <span class='ocrx_word' id='word_1_671' title='bbox 699 4730 944 4813; x_wconf 74' lang='grc' dir='ltr'>ἀγεαταλειφθεῖσι,</span> <span class='ocrx_word' id='word_1_672' title='bbox 997 4730 1102 4791; x_wconf 86' lang='lat' dir='ltr'><strong>Horum</strong></span> <span class='ocrx_word' id='word_1_673' title='bbox 1116 4745 1207 4790; x_wconf 86' lang='lat' dir='ltr'><strong>autern</strong></span> <span class='ocrx_word' id='word_1_674' title='bbox 1219 4729 1711 4795; x_wconf 73' lang='lat' dir='ltr'><strong>verborumbaecestsententiazlion</strong></span> 
     </span>
    </p>

    <p class='ocr_par' dir='ltr' id='par_1_35' title="bbox 171 4814 1711 4902">
     <span class='ocr_line' id='line_1_48' title="bbox 171 4814 1711 4902; baseline 0.008 -28"><span class='ocrx_word' id='word_1_675' title='bbox 171 4820 257 4876; x_wconf 74' lang='grc' dir='ltr'>τιῶτα</span> <span class='ocrx_word' id='word_1_676' title='bbox 267 4814 341 4898; x_wconf 82' lang='grc' dir='ltr'>λέγει</span> <span class='ocrx_word' id='word_1_677' title='bbox 358 4816 393 4878; x_wconf 76' lang='lat' dir='ltr'><strong>el</strong></span> <span class='ocrx_word' id='word_1_678' title='bbox 411 4816 538 4899; x_wconf 76' lang='grc' dir='ltr'>ῥήματα·</span> <span class='ocrx_word' id='word_1_679' title='bbox 552 4818 726 4902; x_wconf 77' lang='grc' dir='ltr'>Ἔριινπίσατέ</span> <span class='ocrx_word' id='word_1_680' title='bbox 745 4844 779 4901; x_wconf 88' lang='grc' dir='ltr'><strong>με</strong></span> <span class='ocrx_word' id='word_1_681' title='bbox 804 4821 866 4902; x_wconf 80' lang='grc' dir='ltr'>περί</span> <span class='ocrx_word' id='word_1_682' title='bbox 890 4825 944 4884; x_wconf 81' lang='grc' dir='ltr'><strong>τῶν</strong></span> <span class='ocrx_word' id='word_1_683' title='bbox 996 4823 1034 4883; x_wconf 91' lang='lat' dir='ltr'><strong>ita</strong></span> <span class='ocrx_word' id='word_1_684' title='bbox 1045 4820 1174 4883; x_wconf 67' lang='lat' dir='ltr'><strong>removit</strong></span> <span class='ocrx_word' id='word_1_685' title='bbox 1188 4835 1214 4881; x_wconf 89' lang='lat' dir='ltr'><strong>te</strong></span> <span class='ocrx_word' id='word_1_686' title='bbox 1227 4821 1323 4881; x_wconf 87' lang='lat' dir='ltr'><strong>umbra</strong></span> <span class='ocrx_word' id='word_1_687' title='bbox 1338 4820 1429 4898; x_wconf 89' lang='lat' dir='ltr'><strong>oleris,</strong></span> <span class='ocrx_word' id='word_1_688' title='bbox 1442 4834 1473 4880; x_wconf 85' lang='lat' dir='ltr'><strong>ut</strong></span> <span class='ocrx_word' id='word_1_689' title='bbox 1486 4842 1530 4883; x_wconf 86' lang='lat' dir='ltr'><strong>rne</strong></span> <span class='ocrx_word' id='word_1_690' title='bbox 1543 4823 1616 4884; x_wconf 89' lang='lat' dir='ltr'><strong>salus</strong></span> <span class='ocrx_word' id='word_1_691' title='bbox 1626 4824 1711 4886; x_wconf 86' lang='lat' dir='ltr'><strong>Nini-</strong></span> 
     </span>
    </p>

    <p class='ocr_par' dir='ltr' id='par_1_36' title="bbox 171 4906 1712 5000">
     <span class='ocr_line' id='line_1_49' title="bbox 171 4906 1712 5000; baseline 0.009 -35"><span class='ocrx_word' id='word_1_692' title='bbox 171 4908 236 4967; x_wconf 77' lang='grc' dir='ltr'>υἱῶν</span> <span class='ocrx_word' id='word_1_693' title='bbox 249 4930 315 4986; x_wconf 88' lang='grc' dir='ltr'>μου,</span> <span class='ocrx_word' id='word_1_694' title='bbox 328 4906 375 4969; x_wconf 76' lang='grc' dir='ltr'>καί</span> <span class='ocrx_word' id='word_1_695' title='bbox 393 4909 456 4991; x_wconf 82' lang='grc' dir='ltr'>περί</span> <span class='ocrx_word' id='word_1_696' title='bbox 467 4914 521 4971; x_wconf 77' lang='grc' dir='ltr'><strong>τῶν</strong></span> <span class='ocrx_word' id='word_1_697' title='bbox 542 4910 625 4993; x_wconf 85' lang='grc' dir='ltr'>ίργιον</span> <span class='ocrx_word' id='word_1_698' title='bbox 644 4916 697 4972; x_wconf 82' lang='grc' dir='ltr'><strong>τῶν</strong></span> <span class='ocrx_word' id='word_1_699' title='bbox 710 4918 808 4998; x_wconf 77' lang='grc' dir='ltr'>χειρῶν</span> <span class='ocrx_word' id='word_1_700' title='bbox 826 4940 876 4994; x_wconf 78' lang='grc' dir='ltr'><strong>μου</strong></span> <span class='ocrx_word' id='word_1_701' title='bbox 897 4917 942 4976; x_wconf 86' lang='grc' dir='ltr'>έν·</span> <span class='ocrx_word' id='word_1_702' title='bbox 996 4912 1113 4975; x_wconf 77' lang='lat' dir='ltr'><strong>vitarum</strong></span> <span class='ocrx_word' id='word_1_703' title='bbox 1124 4912 1401 4991; x_wconf 79' lang='grc' dir='ltr'>ειθιὶίαιανὶιιιιοφιιε</span> <span class='ocrx_word' id='word_1_704' title='bbox 1411 4912 1448 4972; x_wconf 90' lang='lat' dir='ltr'><strong>ita</strong></span> <span class='ocrx_word' id='word_1_705' title='bbox 1461 4927 1487 4973; x_wconf 86' lang='lat' dir='ltr'><strong>te</strong></span> <span class='ocrx_word' id='word_1_706' title='bbox 1497 4913 1644 4978; x_wconf 76' lang='lat' dir='ltr'><strong>destructio</strong></span> <span class='ocrx_word' id='word_1_707' title='bbox 1652 4918 1712 5000; x_wconf 79' lang='lat' dir='ltr'><strong>ejus</strong></span> 
     </span>
    </p>

    <p class='ocr_par' dir='ltr' id='par_1_37' title="bbox 170 4996 1712 5093">
     <span class='ocr_line' id='line_1_50' title="bbox 170 4996 1712 5093; baseline 0.009 -36"><span class='ocrx_word' id='word_1_708' title='bbox 170 4996 295 5060; x_wconf 83' lang='grc' dir='ltr'>τεέλαοθέ</span> <span class='ocrx_word' id='word_1_709' title='bbox 314 5020 371 5077; x_wconf 91' lang='grc' dir='ltr'>μοι.</span> <span class='ocrx_word' id='word_1_710' title='bbox 387 4996 474 5061; x_wconf 73' lang='lat' dir='ltr'><strong>‘Odi</strong></span> <span class='ocrx_word' id='word_1_711' title='bbox 497 5001 569 5083; x_wconf 88' lang='grc' dir='ltr'>λέγει</span> <span class='ocrx_word' id='word_1_712' title='bbox 590 5003 708 5064; x_wconf 78' lang='grc' dir='ltr'>τοιοῦτόν</span> <span class='ocrx_word' id='word_1_713' title='bbox 730 5007 799 5067; x_wconf 82' lang='grc' dir='ltr'>έοτι·</span> <span class='ocrx_word' id='word_1_714' title='bbox 825 5006 865 5076; x_wconf 87' lang='grc' dir='ltr'>τίς</span> <span class='ocrx_word' id='word_1_715' title='bbox 887 5030 942 5068; x_wconf 88' lang='grc' dir='ltr'>πο-</span> <span class='ocrx_word' id='word_1_716' title='bbox 996 5005 1175 5084; x_wconf 82' lang='lat' dir='ltr'><strong>contristavit,</strong></span> <span class='ocrx_word' id='word_1_717' title='bbox 1192 5017 1222 5065; x_wconf 93' lang='lat' dir='ltr'><strong>ut</strong></span> <span class='ocrx_word' id='word_1_718' title='bbox 1233 5024 1276 5066; x_wconf 89' lang='lat' dir='ltr'><strong>me</strong></span> <span class='ocrx_word' id='word_1_719' title='bbox 1291 5005 1402 5066; x_wconf 91' lang='lat' dir='ltr'><strong>illorum</strong></span> <span class='ocrx_word' id='word_1_720' title='bbox 1413 5005 1544 5069; x_wconf 87' lang='lat' dir='ltr'><strong>interitus.</strong></span> <span class='ocrx_word' id='word_1_721' title='bbox 1557 5008 1598 5070; x_wconf 85' lang='lat' dir='ltr'><strong>ltn</strong></span> <span class='ocrx_word' id='word_1_722' title='bbox 1612 5024 1712 5093; x_wconf 76' lang='lat' dir='ltr'><strong>praeter</strong></span> 
     </span>
    </p>
   </div>
   <div class='ocr_carea' id='block_1_3' title="bbox 169 5180 1586 5342">
    <p class='ocr_par' dir='ltr' id='par_1_38' title="bbox 169 5180 1586 5342">
     <span class='ocr_line' id='line_1_51' title="bbox 199 5180 1586 5325; baseline 0.009 -91"><span class='ocrx_word' id='word_1_723' title='bbox 199 5180 330 5325; x_wconf 50' lang='grc' dir='ltr'>ἑγλθριος</span> <span class='ocrx_word' id='word_1_724' title='bbox 347 5182 465 5238; x_wconf 80' lang='lat' dir='ltr'><strong>dedimus</strong></span> <span class='ocrx_word' id='word_1_725' title='bbox 477 5204 535 5239; x_wconf 85' lang='lat' dir='ltr'><strong>oum</strong></span> <span class='ocrx_word' id='word_1_726' title='bbox 555 5185 631 5241; x_wconf 79' lang='lat' dir='ltr'><strong>Sutil.</strong></span> <span class='ocrx_word' id='word_1_727' title='bbox 645 5201 671 5241; x_wconf 83' lang='lat' dir='ltr'><strong>et</strong></span> <span class='ocrx_word' id='word_1_728' title='bbox 687 5189 752 5243; x_wconf 73' lang='lat' dir='ltr'><strong>Biltl.</strong></span> <span class='ocrx_word' id='word_1_729' title='bbox 770 5191 860 5244; x_wconf 74' lang='lat' dir='ltr'><strong>Motus.</strong></span> <span class='ocrx_word' id='word_1_730' title='bbox 875 5208 930 5266; x_wconf 71' lang='grc' dir='ltr'>ιρι·</span> <span class='ocrx_word' id='word_1_731' title='bbox 991 5190 1111 5324; x_wconf 63' lang='grc' dir='ltr'>·[ῗινὶ1.</span> <span class='ocrx_word' id='word_1_732' title='bbox 1125 5200 1151 5246; x_wconf 87' lang='grc' dir='ltr'><strong>τθ</strong></span> <span class='ocrx_word' id='word_1_733' title='bbox 1162 5197 1478 5266; x_wconf 77' lang='grc' dir='ltr'>μάνιῖθινοθνοιιριθθν,τθθέ</span> <span class='ocrx_word' id='word_1_734' title='bbox 1490 5198 1586 5265; x_wconf 66' lang='lat' dir='ltr'><strong>sorori]</strong></span> 
     </span>
     <span class='ocr_line' id='line_1_52' title="bbox 169 5272 1183 5342; baseline 0.01 -31"><span class='ocrx_word' id='word_1_735' title='bbox 169 5280 198 5311; x_wconf 86' lang='grc' dir='ltr'><strong>ετ</strong></span> <span class='ocrx_word' id='word_1_736' title='bbox 214 5282 230 5307; x_wconf 77' lang='grc'><strong>·.</strong></span> <span class='ocrx_word' id='word_1_737' title='bbox 989 5272 1183 5342; x_wconf 74' lang='grc' dir='ltr'>θλίὶπονπρίρι.</span> 
     </span>
    </p>
   </div>
   <div class='ocr_carea' id='block_1_4' title="bbox 0 0 1910 5992">
    <p class='ocr_par' dir='ltr' id='par_1_39' title="bbox 0 0 1910 5992">
     <span class='ocr_line' id='line_1_53' title="bbox 0 0 1910 5992; baseline 0 0"><span class='ocrx_word' id='word_1_738' title='bbox 0 0 1910 5992; x_wconf 95' lang='lat' dir='ltr'><strong> </strong></span> 
     </span>
    </p>
   </div>
  </div>
 </body>
</html>
