3810 6000
254 392 326 466 236
576 415 605 463 S·
633 414 772 463 touuuts
797 410 978 460 CHRYSOST·
1005 407 1162 455 sucutssr.
1189 404 1457 454 cousruurtuor.

253 562 316 601 cum
330 539 516 599 meretricibus
529 502 800 618 domumocompieas,
814 549 841 595 et
850 533 964 606 efficias,
1020 533 1091 602 λεῖνς
1103 530 1197 595 Βούλει
1207 528 1358 611 φιλοτιμίαν
1367 527 1545 598 ἐπιδείξασθαι
1560 527 1654 607 κίρδος
1665 527 1791 607 όχουσσνς

253 630 424 691 uttotusillic
436 624 892 704 daemonumcoetuslasciviat,quid
898 623 967 695 sani,
1022 621 1140 682 Κάλεσον
1154 620 1248 702 χοροὺς
1260 621 1390 693 πενήτων.
1403 620 1472 680 Ἀλλ’
1488 618 1600 699 αἰσχύνῃ
1613 618 1737 690 πάντως,
1747 618 1789 679 καλ

254 743 355 799 quaeso,
367 720 492 801 deinceps
501 733 576 801 potes
588 719 763 800 exspectare?
780 721 843 793 Qua
857 737 922 776 vtuo
933 713 969 773 dc
1022 717 1157 795 ἐρυθριᾷςς
1168 715 1220 775 ίίσί
1244 714 1270 773 τί
1291 714 1388 786 ταύτης
1412 717 1459 785 τῆς
1483 712 1591 792 ἀλογίας
1613 719 1719 793 χεῖρον,
1730 709 1787 771 όταν

255 834 334 872 causa
348 827 374 872 ct
388 812 541 872 sacerdotes
552 809 711 881 introducis,
727 830 790 869 cum
799 822 905 889 postero
924 805 969 866 die
1021 807 1065 866 τὸν
1079 805 1126 884 μὲν
1138 805 1258 867 διάόολον
1273 805 1356 866 ἴλκων
1375 808 1411 872 εἰς
1434 802 1482 878 τήν
1506 802 1607 874 οἰκίαν,
1622 800 1707 882 μηδέν
1719 799 1788 880 νομί-

253 904 319 962 talia
326 905 361 964 sis
372 902 597 984 perpetraturus?
609 901 661 963 Vis
673 899 900 981 magnificentiam
910 900 967 958 fru-
1022 903 1067 979 ζης
1082 899 1190 978 αἰσχρὸν
1211 906 1305 972 ποιεῖν,
1316 897 1360 957 τὸν
1373 897 1400 956 δέ
1416 895 1531 976 Χριστόν
1546 893 1651 972 μέλλων
1664 892 1787 971 εἰσάγων,

254 1011 373 1055 ctuosam
385 994 536 1055 ostentare?
553 996 627 1056 Vota
637 1013 785 1075 pauperum
801 988 969 1052 choros.Sed
986 996 1005 1043 C
1023 992 1156 1070 ἐρυθριᾷςς
1167 987 1272 1068 Ὥσπερ
1288 987 1341 1069 γάρ
1360 987 1480 1061 πενήτων
1494 985 1629 1046 εἰσιόντων
1644 989 1659 1044 ό
1679 981 1786 1064 Χριστὸς

253 1086 443 1146 verecundaris
454 1099 480 1144 ct
494 1084 648 1144 crubescis?
659 1084 695 1142 Et
706 1081 772 1162 quid
780 1083 831 1141 hac
844 1079 968 1141 absurdi-
1023 1080 1207 1159 παραγίνεται,
1215 1080 1284 1141 οὕτω
1298 1083 1426 1159 μαλακῶν
1436 1079 1482 1138 καλ
1490 1077 1581 1156 μίμων
1590 1079 1648 1137 ἐκεῖ
1671 1073 1785 1156 χορωύν-

255 1191 308 1236 tate
329 1178 414 1257 pejus,
437 1197 500 1234 cum
524 1175 632 1234 inaedcs
656 1173 796 1234 diabolum
816 1172 966 1254 pelliciens,
1021 1194 1073 1230 των
1091 1176 1105 1230 θ
1121 1170 1240 1238 διάδολος
1255 1173 1281 1230 ἐν
1302 1175 1340 1251 τῷ
1354 1170 1428 1251 μέσῳ
1446 1169 1573 1247 κωμάζει.
1595 1165 1652 1227 Καὶ
1669 1166 1723 1226 tet
1742 1162 1785 1242 ρλι

254 1266 321 1326 nibil
333 1281 447 1348 turpetc
459 1287 537 1347 agere
551 1287 668 1340 censens,
682 1286 815 1324 cumrero
829 1264 968 1323 Christum
1021 1266 1068 1333 τῆς
1083 1261 1201 1335 δαπάνης
1212 1262 1312 1336 ἐκείνης
1333 1261 1423 1340 κέρδος
1439 1261 1526 1333 οὐδὲν,
1547 1257 1617 1319 utut
1637 1255 1684 1316 καὶ
1705 1254 1783 1329 πολλλ

253 1358 610 1431 inducturussis,crubcscas
619 1358 633 1415 Ρ
643 1355 757 1416 Uteuim
770 1356 968 1415 introeuntibus
1020 1355 1115 1433 γένοιτ’
1131 1352 1162 1412 ἃν
1177 1359 1195 1425 ἡ
1208 1353 1295 1432 βλόόη
1306 1355 1378 1415 “dub
1391 1353 1419 1414 δὲ
1433 1351 1532 1413 τούτων
1542 1355 1595 1410 τῶν
1608 1346 1783 1426 ardentm

253 1449 418 1530 pauperibus
436 1447 546 1507 advenit
558 1447 692 1524 Christus,
710 1447 746 1506 itu
761 1468 824 1507 cum
834 1447 928 1507 molles
936 1467 968 1505 ac
1021 1445 1103 1505 πολύν
1130 1469 1189 1505 τινα
1213 1447 1285 1527 λήψη
1305 1447 1349 1506 τὸν
1369 1447 1462 1525 μισθὸν
1481 1443 1594 1525 ταχίως.
1608 1439 1691 1502 Ἀλλά
1709 1438 1784 1505 Φλδῑλ

254 1540 330 1598 mimi
341 1539 450 1598 choreas
458 1538 515 1598 illic
524 1537 637 1615 ducunt,
649 1537 790 1598 lascivitin
805 1536 894 1597 modio
905 1537 968 1596 itto-
1022 1539 1067 1597 ἐπὶ
1079 1542 1126 1609 τῆς
1139 1538 1240 1606 πολεως
1250 1544 1327 1597 τοῦτο
1340 1538 1495 1618 είργάσατο;
1509 1534 1589 1595 ’utut
1612 1532 1646 1594 cb
1664 1530 1783 1613 κατάρξαι

254 1651 315 1689 rum
329 1629 465 1690 diabolus.
485 1632 573 1708 Atque
594 1650 629 1688 cx
647 1627 703 1689 illis
713 1627 824 1707 quidem
845 1627 968 1708 expensis
1021 1628 1188 1690 ’σπούδασον
1202 1629 1247 1688 καί
1259 1630 1375 1711 ἀρχηγὸς
1394 1629 1515 1709 γενέσθαι
1531 1630 1579 1698 τῆς
1599 1621 1784 1697 καλῆςταύτος

253 1720 360 1780 nullum
373 1720 491 1797 lucrum,
503 1718 550 1778 scd
563 1732 589 1778 ot
600 1719 716 1779 multum
723 1718 809 1778 oritur
817 1718 964 1778 damnum:
1022 1720 1172 1795 συνηθείας,
1184 1720 1227 1781 ίνα
1240 1723 1321 1783 καλοί
1335 1721 1402 1800 μετδ
1421 1726 1506 1780 ταῦτα
1522 1723 1558 1787 είς
1579 1717 1610 1778 oi
1632 1715 1783 1799 άναφίριισι.

254 1833 287 1870 οι
298 1811 341 1871 bis
355 1826 444 1871 autem
465 1811 600 1870 sumtibus
616 1810 730 1870 multam
743 1809 796 1869 cito
818 1807 968 1870 mercedem
1023 1813 1079 1872 Κᾶν
1090 1813 1197 1893 ζηλώσῃ
1211 1839 1267 1887 τις,
1278 1814 1328 1873 κάν
1339 1813 1492 1893 μιμήσηται
1504 1816 1582 1870 τοῦτο
1597 1809 1631 1870 τὸ
1645 1808 1715 1879 ίθοτ,
1727 1805 1784 1887 ποθι

160 1968 164 1975 ,
253 1902 499 1984 reportabisbtqui
513 1902 604 1961 nullus
617 1900 802 1980 eorumquiin
817 1902 883 1961 urbe
892 1914 965 1976 snut,
1020 1905 1080 1971 τοὺς
1094 1905 1259 1974 ἐξετάζοντας
1272 1906 1358 1975 ἕξουσι
1366 1906 1451 1984 λίγειν
1464 1909 1488 1964 οἱ
1497 1905 1598 1984 ἔγγονοι
1615 1901 1662 1961 καὶ
1676 1903 1701 1960 οἱ
1714 1896 1785 1976 ἐξέγ·

251 1993 304 2053 boc
321 1993 463 2076 prostitit?
489 1995 534 2052 Tu
552 2014 617 2052 vero
637 1992 756 2072 incipero
776 2005 803 2051 ct
831 1991 967 2073 praeclarae
984 2005 1004 2051 lt
1020 2000 1118 2075 γόνων,
1138 1996 1179 2056 ότι
1205 2003 1219 2057 θ
1245 1999 1318 2057 δεῖνα
1330 1997 1374 2057 τόν
1391 1996 1471 2056 καλὸν
1490 2001 1582 2056 τῶι-ον
1595 1993 1678 2072 νόμον
1691 1994 1785 2073 πρῶτοι

251 2084 330 2144 istius
339 2084 540 2145 consuetudinis
551 2082 855 2161 auctorcssecontende,
869 2098 898 2143 ut
907 2105 966 2142 earu
1021 2088 1169 2169 εἰσήγαγεν.
1185 2091 1219 2149 Εἰ
1230 2087 1282 2168 γάρ
1309 2089 1353 2148 ἐπὶ
1374 2093 1427 2147 τῶν
1441 2087 1535 2156 ἔξωθεν
1549 2068 1677 2165 ἀγώνοιν,
1697 2084 1725 2143 ἐν
1739 2088 1786 2149 τοῖς

251 2175 301 2234 tibi
311 2176 413 2257 posteri
421 2189 557 2256 acceptam
571 2175 668 2234 ferant.
680 2173 764 2248 Quod
777 2175 800 2233 si
826 2175 967 2234 aemulctur
1022 2179 1191 2257 συμποσίοις,
1211 2185 1235 2240 οἱ
1249 2180 1314 2262 πρὸς
1327 2180 1357 2239 τὸ
1378 2176 1576 2260 φιλοτιμότερον
1588 2176 1638 2245 τίς
1655 2174 1785 2249 ἀνονήτοις

250 2266 358 2345 aliquis,
372 2280 398 2327 ct
408 2266 530 2327 imitetur
545 2264 616 2325 banc
629 2265 860 2341 consuetudinem,
873 2265 908 2326 nd
923 2287 967 2326 eos
1020 2273 1119 2339 ταύτας
1129 2271 1291 2354 λειτουργίας
1313 2272 1460 2350 ἐξάγοντες,
1471 2270 1546 2350 παρὰ
1555 2271 1661 2329 πολλῶν
1670 2267 1784 2349 ᾅδονται·

162 2425 171 2441 .
251 2359 297 2435 qui
307 2358 522 2438 interrogabunt,
542 2356 630 2417 dicere
650 2371 774 2438 poterunt
798 2371 916 2438 nepotes,
936 2379 968 2417 ac
1021 2366 1112 2445 πολλῷ
1134 2366 1235 2443 μᾶλλον
1246 2364 1291 2424 ἐπὶ
1313 2367 1362 2434 τῆς
1376 2361 1538 2442 λειτουργίας
1552 2364 1600 2432 τῆς
1613 2358 1786 2439 πνευματικῆς

250 2463 377 2529 nepotum
391 2450 452 2523 filii,
469 2449 548 2509 illum
563 2449 643 2509 talem
657 2449 727 2508 banc
736 2448 866 2529 optimam
880 2449 967 2530 legem
996 2490 1000 2501 ι
1022 2458 1135 2525 ἅπαντες
1156 2455 1351 2530 ἐπαινέσονται,
1370 2454 1416 2515 καί
1438 2456 1517 2534 χάριν
1541 2450 1735 2532 ὁμολογήσουσι
1753 2446 1786 2529 ιῇ

248 2542 367 2622 [trimum
382 2540 525 2602 invexisse.
543 2541 573 2600 Si
587 2540 660 2600 cuim
668 2540 786 2600 exterius
801 2541 829 2600 in
843 2542 966 2601 certami-
1021 2546 1119 2630 ιιρώτιρ
1147 2547 1195 2618 τ-λι
1219 2546 1375 2627 naum-pv
1395 2547 1494 2618 οοόιηι
1509 2543 1595 2625 ἀρχὴν
1605 2539 1784 2621 ιῐοοιγογόιιτ,

250 2632 341 2710 nibus,
355 2633 423 2692 dum
447 2633 572 2692 convivia
592 2633 773 2711 instruuntur,
790 2631 837 2710 qui
859 2632 966 2693 inutilia
1022 2639 1154 2700 χολέοτοιι
1165 2639 1195 2699 τὸ
1208 2640 1271 2699 αὐτὸ
1286 2639 1332 2698 χαλ
1346 2635 1484 2718 φιλοτιμία
1497 2635 1544 2696 ml
1560 2634 1661 2716 χέρδος,
1677 2631 1730 2694 [ολ
1741 2628 1785 2712 γλρ

250 2723 424 2795 istnmuncra
436 2724 545 2804 publica
557 2721 725 2804 majoremad
739 2723 966 2803 magnificentiam
1022 2734 1065 2813 ὑφ’
1085 2731 1181 2814 ἐτέρων
1192 2737 1269 2791 τοῦτο
1282 2730 1498 2811 κατορθούμενον,
1513 2728 1568 2800 σοί,
1582 2731 1622 2808 τῷ
1634 2723 1735 2806 πρύτιρ
1745 2746 1784 2805 γυ·

251 2814 837 2895 provexerint,avulgocelebrantur2multo
847 2817 967 2895 magisin
1022 2824 1188 2904 τευσαμένιρ,
1203 2826 1256 2882 τῶν
1269 2826 1379 2901 καρπῶν
1396 2820 1501 2880 ἐκείνων
1516 2818 1583 2879 οἴσει
1600 2816 1650 2889 τήν
1664 2813 1782 2896 όμοιάήι·

250 2907 303 2966 boc
312 2905 423 2987 publico
434 2925 544 2963 munere.
554 2904 689 2985 spirituali
705 2905 857 2965 laudabunt
867 2929 967 2986 omnes,
1022 2918 1099 2979 τοῦτό
1116 2941 1145 2977 οι
1159 2917 1205 2976 καί
1220 2916 1322 2997 πατέρα
1333 2915 1440 2988 ποιήσει
1450 2912 1659 2996 ταχέως,τοῐ’νισ
1679 2908 1725 2971 καί
1740 2908 1783 2967 ιῦι

250 2994 801 3078 etgrutiamhabebuntei,quiprincipium
811 2997 885 3058 istud
896 3021 968 3081 prae·
1023 3010 1183 3089 οιχιομίοωι
1194 3009 1387 3090 προστήσεται,
1409 3007 1455 3067 χαλ
1468 3007 1512 3067 ιλ,
1528 3003 1687 3087 ,ομρίοοιῇ
1707 2999 1782 3081 *tm

251 3089 354 3148 clanim
368 3086 558 3160 iuunduxerit,
574 3086 653 3165 eique
666 3086 773 3148 laudem
799 3089 968 3152 liberalitatis
986 3127 1005 3174 ρ
1024 3104 1259 3183 ουγιιαταγηράσαι
1288 3101 1497 3184 παρασκευάσει.
1519 3097 1629 3177 Ὥσπερ
1657 3095 1711 3176 γδρ
1737 3099 1782 3158 wit

251 3181 304 3240 boc
315 3193 342 3239 et
351 3178 497 3238 utilitatem
503 3177 632 3256 acquiret.
643 3179 713 3238 Nam
727 3179 750 3239 si
761 3194 787 3239 et
797 3180 849 3240 boc
862 3182 898 3241 ab
907 3182 969 3245 aliis
1023 3195 1218 3273 ἁμιριάιοοοι,
1233 3196 1335 3254 ἀπολεῖ
1359 3195 1474 3273 mepta<
1500 3196 1515 3250 ὁ
1538 3189 1626 3262 θιλς,
1646 3187 1738 3267 λόγιοι,
1747 3186 1781 3243 ότι

252 3286 389 3354 peractum
412 3271 504 3348 suerit,
523 3269 571 3329 tibi
585 3269 632 3349 qui
646 3269 753 3351 primus
766 3272 869 3332 semina
876 3275 968 3354 jecisti
1022 3281 1149 3341 Ἔσονται
1162 3287 1185 3342 οἱ
1199 3281 1250 3342 otei
1260 3285 1334 3359 ὑμῶν
1347 3280 1472 3362 ὀρφανοί,
1487 3279 1532 3338 καλ
1549 3281 1577 3337 αί
1590 3274 1778 3358 γυναῖκεςθρίιι

252 3367 390 3424 fructuum
403 3362 522 3438 illorum,
528 3361 677 3422 mercedem
690 3363 823 3443 proferet:
835 3365 887 3426 boc
902 3381 928 3426 et
943 3381 970 3427 tc
1023 3380 1121 3457 χῆροι·
1137 3375 1206 3434 οὕτω
1217 3376 1263 3434 χοὶ
1277 3384 1331 3440 τοῖς
1344 3379 1370 3434 ἐι
1383 3375 1480 3434 ἅπασι,
1492 3374 1564 3452 αὐτῷ
1573 3369 1733 3450 ,ιιιοορέιοιι
1743 3360 1778 3425 ul
1820 3430 1822 3435 Ι

253 3458 453 3538 citoparcutcm
465 3453 639 3531 efficiet,boc
654 3469 680 3514 et
695 3454 788 3515 liberis
801 3457 905 3519 auxilio
919 3459 970 3518 crit
1024 3473 1107 3551 γῆρας
1122 3468 1289 3547 λιπαρὸνκαὶ
1316 3467 1402 3528 πάντα
1418 3465 1485 3545 μετδ
1509 3464 1609 3524 τούτων
1622 3463 1713 3524 &nm
1726 3465 1776 3521 ήρι.
1819 3466 1822 3505 t

253 3549 404 3628 efficietque
416 3562 445 3608 ut
459 3568 572 3629 sponsus
594 3568 657 3606 cum
678 3568 775 3630 sponsa
791 3566 969 3614 consenescat.
1024 3571 1143 3642 οχιιῖιιιι
1154 3559 1188 3620 τὰ
1204 3560 1301 3638 ἀγαθά,
1817 3522 1822 3619 ψ

254 3644 292 3702 Ut
305 3641 375 3701 enim
387 3640 558 3722 peccantibus
574 3639 726 3718 frequenter
736 3642 810 3701 Deus
819 3643 969 3703 commina-
1816 3626 1822 3725 ψ

1790 3728 1822 3805 ·ί

1818 3816 1822 3843 Ι

114 3766 155 3792 ..0
175 3761 202 3793 ,ε
221 3780 227 3792 .
254 3749 299 3793 tur
312 3734 427 3793 dicens:
449 3735 541 3791 Erunt
557 3732 719 3811 filiinestri
730 3736 848 3815 ραρίίίί,
861 3749 970 3796 eturo·

255 3848 300 3886 res
327 3839 432 3885 vestrae
455 3825 554 3883 uiduae
575 3824 638 3884 :sic
656 3824 711 3884 illis
729 3827 777 3904 qui
799 3826 972 3888 inomuibus

255 3917 308 3998 ipsi
329 3915 458 3976 obediunt
474 3928 500 3974 et
515 3928 676 3975 senectutem
699 3916 805 3978 beatam
829 3931 855 3979 ct
880 3920 970 3979 omnia

256 4029 317 4066 cnm
331 4028 362 4067 ea
373 4005 537 4065 sedaturum
547 4005 617 4065 bonu
631 4005 780 4086 pollicetur.

295 4100 326 4171 5,
350 4097 387 4157 Et
399 4117 462 4158 vcro
476 4095 592 4155 Paulum
606 4118 750 4178 possumus
772 4100 825 4160 boc
837 4101 971 4166 dicentem
1065 4111 1119 4170 Καὶ
1137 4108 1245 4169 Παύλου
1267 4106 1295 4167 δέ
1309 4106 1378 4166 ἐστιν
1391 4109 1502 4166 ἀκούσαι
1516 4108 1594 4165 τοῦτο
1603 4103 1732 4185 λέγοντος,
1743 4098 1774 4159 bt

255 4189 359 4266 audire,
377 4210 447 4270 saepe
472 4187 627 4246 immaturas
642 4203 740 4249 mones
759 4213 776 4250 a
797 4193 972 4258 multitudine
1025 4203 1150 4269 θανάτους
1177 4201 1278 4281 ἀώρους
1307 4199 1435 4266 πολλάκις
1458 4198 1660 4278 ἁμαρτημάτων
1688 4194 1775 4269 ἐποίητι
1814 4188 1822 4283 ψ

255 4295 425 4362 peccatorum
434 4279 530 4338 allatas
540 4300 606 4338 esse.
628 4280 700 4338 Ideo
715 4282 796 4359 onim,
811 4283 909 4366 inquit,
923 4293 971 4348 in·
1024 4294 1132 4365 πλῆθος.
1147 4291 1199 4351 Διὰ
1218 4295 1295 4350 τοῦτο
1308 4288 1374 4370 γὰρ,
1390 4287 1480 4368 φησίν,
1498 4291 1524 4347 ἐν
1536 4290 1600 4366 ύμῖν
1612 4288 1774 4349 πσλλοίόσθι·
1815 4290 1821 4363 ξ

255 4388 300 4433 ter
309 4393 362 4433 vos
377 4374 463 4431 multi
482 4371 604 4452 infirmi,
622 4384 650 4430 et
672 4376 841 4454 imbeciltes,
862 4383 969 4440 ctdor·
1025 4395 1076 4452 νεῑς
1097 4383 1142 4443 καὶ
1166 4383 1315 4463 ἄρρωστοι,
1330 4379 1377 4438 καί
1398 4382 1545 4456 κοιμῶνται
1569 4378 1666 4438 ἱκανοί.
1681 4372 1774 4440 Ὅτιδλ

255 4470 348 4526 mittut
362 4465 593 4544 multi.Paupcres
605 4477 705 4541 antem,
718 4466 741 4526 si
752 4468 915 4548 nutriuntur,
929 4473 970 4532 ni·
1025 4479 1134 4551 πένητος
1149 4472 1303 4555 τρεφόμενοι
1318 4469 1391 4530 οὐδὲν
1405 4477 1520 4530 τοιοῦτον
1535 4475 1775 4551 &praescripseram

253 4558 294 4617 bil
305 4556 427 4618 inrcnirc
440 4556 492 4615 tale
501 4553 667 4636 permittere,
678 4555 724 4615 sed
738 4560 863 4637 quamvis
877 4561 968 4644 inopi·
979 4620 1015 4660 tot
1025 4567 1108 4640 ἀλλὰ,
1123 4564 1171 4625 κᾶν
1182 4561 1290 4643 γίνηταί
1303 4585 1329 4620 τι
1348 4565 1399 4619 τῶν
1414 4559 1565 4634 ἀδοκήτων,
1578 4559 1707 4642 ταχίστην
1721 4557 1775 4621 itti·
1817 4592 1821 4631 ,-

252 4664 347 4710 natum
372 4646 568 4728 quid-incidat,
590 4647 741 4708 remedium
755 4650 816 4711 illos
841 4652 971 4717 adbibere
988 4676 1007 4721 λ
1024 4683 1111 4740 γουσιν
1122 4660 1201 4716 αὐτοῦ
1217 4653 1265 4726 τὴν
1280 4652 1425 4733 διόρθωσιν,
1437 4650 1490 4710 ἀπὸ
1512 4656 1561 4724 τῆς
1582 4651 1663 4734 κόρης
1681 4653 1776 4732 usum

252 4743 500 4826 praesentissimum,
518 4761 552 4798 ex
565 4761 594 4798 ea
611 4741 701 4820 puella
713 4763 841 4823 cognosce
858 4768 918 4825 qnae
941 4750 969 4810 in
1022 4757 1070 4824 τῆς
1083 4756 1109 4812 ἐν
1124 4748 1229 4826 Ἰόππη.
1244 4746 1297 4806 liet
1307 4746 1358 4827 γὰρ
1378 4743 1475 4816 ταύτην
1488 4741 1552 4802 ποτέ
1568 4746 1665 4826 νεκρὰν
1674 4743 1777 4825 urum

99 4870 154 4914 ω,
166 4880 188 4928 9,
201 4866 240 4914 36,
251 4841 338 4920 Joppe
351 4833 514 4895 morabatur·
530 4833 600 4891 Nam
613 4847 639 4890 02
653 4832 721 4892 hane
733 4851 867 4898 mortuam
874 4841 970 4920 jaccu—
1022 4842 1194 4926 περιστάντες
1205 4842 1230 4899 οἱ
1245 4836 1399 4918 τρεφόμενοι
1422 4834 1532 4906 πένητες
1550 4836 1597 4896 καί
1622 4837 1780 4921 δακρύσαντι

99 4946 147 4991 Ιψψ.

251 4944 305 4990 tem
318 4928 521 4988 circumstantes
540 4944 673 5004 pauperes
693 4925 741 5004 qui
758 4928 794 4988 ab
817 4952 848 4990 ea
863 4935 971 4995 nutrie-
1024 4938 1186 5008 ἀνέστησαν,
1213 4932 1258 4992 καί
1278 4931 1343 5012 πρὸς
1369 4929 1439 5003 ζωήν
1463 4929 1640 5012 ἐπανήγαγον.
1664 4932 1780 4993 Τοσῶτιι

281 5129 291 5151 ι
310 5111 458 5177 [Editioncs
469 5115 594 5181 κατάρξαι,
603 5114 726 5165 σπούδασον
736 5135 760 5165 κ.
772 5122 797 5166 τι.
809 5113 892 5165 Vertit
902 5117 946 5170 Fr.
955 5117 1005 5167 Du·
1031 5120 1112 5170 ximus
1124 5136 1182 5170 cum
1191 5119 1256 5171 cou.
1268 5122 1342 5187 teu]

247 5209 312 5243 caeus
323 5209 328 5238 :
341 5190 437 5256 incipe,
451 5186 520 5254 quod
531 5185 692 5240 scribendum
708 5201 763 5241 eret
774 5200 894 5265 κάταρξιιι.
907 5193 1005 5247 Βίιιίιι.
