3810 6000
253 387 301 458 88
574 406 605 456 s.
631 404 773 469 ιοςιιιιιο
797 401 981 457 σιιιιεοοι.
1011 398 1169 449 ιοοιιιυν.
1197 401 1466 458 consenuerunt».

252 548 397 615 vexantur,
413 535 486 595 malo
497 531 649 612 medentur,
664 533 733 594 dum
745 530 803 594 tuis
815 530 851 592 de
862 526 973 611 propin·
1027 527 1167 605 οχλοῖντοτ
1187 524 1282 609 ῥᾳδίως
1296 525 1540 598 ἰῶνττιτδπόθοτ
1551 524 1660 605 tepore
1680 523 1711 586 τὸ
1727 525 1798 609 φάρ-

251 648 306 707 quo
319 628 392 687 fonte
404 625 555 687 remedium
567 638 708 706 suppetit
701 622 820 703 .sicqui
834 640 972 683 sacrarum
1028 639 1112 694 μακον
1136 616 1243 677 ἀπδ
1209 641 1258 690 της
1277 623 1365 698 πηγῆς
1385 617 1505 698 ἔχοντες·
1525 615 1609 684 ούτως
1627 617 1732 698 θπιιρδ
1750 617 1797 691 σήν

252 718 532 798 lontiScriptuiarum
541 715 652 793 assidet,
662 710 972 773 licetnelariaelrbrdtnts
1026 707 1164 786 πηγήν
1128 733 1181 769 των
1196 709 1271 769 θείων
1291 713 1314 770 Γ
1317 715 1405 791 ραφῶν
1419 708 1655 789 παρακαθήμενος,
1673 709 1724 770 κδιν
1737 713 1798 770 ἐπι-

251 808 360 868 llammn
372 805 636 879 cruciarisesentiet‚
646 826 707 864 cum
717 801 971 865 animamluticibus
1026 799 1154 876 θυμίας’
1139 800 1237 860 ατόπου
1253 801 1339 882 φλόγα
1353 803 1538 882 διενοχλοῶσαν
1555 800 1616 880 ίδῃ,
1636 801 1733 884 ρφδίως
1746 802 1798 861 tut

252 899 308 958 illis
326 898 490 980 perfuderit,
510 896 588 957 facile
609 896 747 954 llrmmam
763 894 894 975 repellit·
888 936 894 949 .
912 891 971 950 sive
1025 894 1077 949 τῶν
1100 893 1226 970 ναμάτων
1249 893 1355 953 ἐκείνων
1376 892 1425 966 τήν
1444 891 1517 974 ψυχ
1518 917 1532 951 ν
1555 892 1709 961 ἀποκλύσας
1731 897 1797 952 ἀπι-

252 989 356 1050 fervidu
368 989 474 1047 infestet
486 985 636 1060 iracundia,
651 1007 711 1065 quse
724 985 849 1064 tanquam
861 1004 967 1044 suceen·
1024 981 1153 1064 κρούσατο
1166 983 1214 1057 τήν
1231 984 1332 1064 φλόγα·
1345 984 1395 1044 κάν
1409 984 1475 1066 ὀργή
1491 984 1603 1057 διακαής
1621 986 1733 1065 ἐνοχλῇ,
1750 984 1796 1058 τήν

252 1099 313 1139 sum
326 1080 442 1138 lebetem
461 1099 508 1137 σοι
521 1078 681 1151 inflammat,
701 1077 726 1136 si
745 1077 883 1136 modicum
894 1096 969 1154 aqure
1023 1074 1133 1153 καρδίαν
1143 1076 1374 1156 καθάπερλίὸητα
1383 1077 1573 1154 ύτιοκοιόμενον
1585 1075 1797 1154 ἀναύράσοοοοα,

252 1167 969 1250 instillet,oonfestimiraeimportunitatemcompescet:
986 1177 1006 1226 Ε
1026 1167 1120 1245 μικρὸν
1140 1175 1186 1227 τοῦ
1209 1167 1326 1245 νάματος
1350 1167 1505 1241 ἐπιστάξας,
1531 1168 1624 1236 εὐθέως
1647 1167 1797 1228 κατέστειλε

251 1274 278 1321 et
293 1282 328 1320 ex
337 1261 559 1342 omnibuspravis
567 1258 901 1339 cogitationibusanimam
911 1272 970 1318 tnn-
1024 1265 1070 1318 τοῦ
1089 1258 1187 1326 πάθους
1206 1259 1255 1332 τήν
1275 1262 1477 1342 ἀναισχυντίαν·
1498 1261 1542 1321 καλ
1562 1263 1594 1321 ἐκ
1611 1259 1720 1320 πάντων
1745 1265 1796 1320 τῶν

251 1374 334 1432 quarn
347 1375 382 1413 ex
400 1353 488 1413 media
503 1353 611 1412 llumnra
626 1351 721 1432 eripiet
735 1372 872 1411 sacrarum
889 1351 969 1412 lectio
1024 1356 1146 1430 πονηρῶν
1160 1354 1307 1433 λογισμῶν,
1319 1352 1412 1434 ῶσπερ
1424 1357 1455 1414 ἐκ
1467 1353 1549 1430 μέσης
1563 1350 1797 1433 φλογός,ἐξαρπά·

214 1500 219 1509 ,
251 1446 463 1526 seripturarum.
1025 1442 1063 1508 ζει
1074 1439 1121 1512 τήν
1136 1441 1224 1521 ψυχήν
1239 1447 1257 1513 ή
1272 1446 1324 1501 τῶν
1336 1441 1411 1502 θείων
1426 1444 1448 1501 Γ
1451 1446 1540 1522 ραφῶν
1552 1440 1710 1522 ἀνάγνωσις.

291 1542 321 1597 2.
343 1538 433 1610 Quum
446 1536 482 1596 ob
495 1557 603 1596 eausam
617 1536 697 1596 etium
714 1556 827 1616 magnus
843 1535 891 1595 ille
903 1558 968 1618 pro-
1064 1532 1113 1591 Διδ
1129 1532 1175 1593 καλ
1189 1537 1203 1592 δ
1217 1533 1379 1615 προφήτηςδ
1396 1533 1479 1612 μέγας
1499 1533 1584 1593 uenit
1598 1535 1710 1603 ἐκεῖνος,
1723 1530 1796 1599 εἰδὼς

250 1629 332 1708 pheta
349 1627 453 1705 David,
470 1649 533 1687 cum
545 1627 629 1708 probe
646 1626 736 1705 sciret,
751 1641 851 1707 quanta
875 1649 909 1688 ex
925 1628 968 1687 le·
1023 1621 1073 1696 τήν
1086 1623 1215 1703 ὠφέλειαν
1228 1624 1278 1696 τήν
1292 1625 1344 1684 ἀπὸ
1357 1628 1405 1695 τῆς
1419 1623 1592 1703 ἀναγνώσεως
1604 1629 1659 1684 τῶν
1674 1626 1795 1705 Γραφῶν,

251 1720 338 1780 ctione
344 1721 491 1801 Scripturae
499 1734 589 1780 manet
597 1720 780 1795 utilitas,eum
788 1721 836 1799 qui
846 1721 970 1802 Scriptu·
1024 1713 1069 1772 τὸν
1089 1717 1215 1787 διηνεκῶς
1233 1717 1398 1797 προσέχοντα
1409 1725 1468 1784 ταῖς
1480 1717 1601 1795 spotti<
1619 1714 1666 1775 ml
1678 1719 1728 1788 τῆς
1740 1721 1797 1793 ὅμι-

251 1812 290 1871 ris
312 1826 441 1893 perpetuo
462 1812 497 1871 sit
515 1811 644 1888 intentus,
675 1824 701 1871 et
721 1833 814 1872 earum
835 1812 969 1892 colloquio
1024 1804 1083 1874 λίας
1097 1809 1195 1880 ταύτης
1208 1807 1374 1868 ἀπολαύοντα
1394 1807 1548 1889 παρεικάζει
1564 1809 1640 1888 φυτῷ
1657 1805 1700 1866 ἀεὶ
1720 1812 1797 1878 τιθο-

250 1903 368 1980 truatur,
387 1924 449 1962 cum
463 1904 556 1984 planto
571 1916 709 1984 comparat
724 1923 783 1981 quae
796 1925 902 1984 semper
918 1904 969 1964 llo-
1024 1897 1082 1957 ten
1090 1899 1182 1979 παρὰ
1195 1901 1255 1967 τοὺς
1268 1897 1367 1981 illrum<
1381 1899 1504 1971 ἑστηκότι
1517 1898 1684 1961 τῦνῦδᾶτων
1685 1898 1842 1972 ‚min

250 2008 307 2054 reat
307 1995 403 2074 Juxta
411 2016 484 2055 rivos
494 2015 626 2072 equorum
637 2008 697 2070 suta
711 1994 796 2053 dum
787 2009 825 2054 uta
835 1996 967 2075 loquutur
1024 1987 1122 2066 λέγων·
1146 1990 1230 2051 Μακᾶ
1233 2015 1285 2071 pto<
1307 1991 1375 2071 ἆνδρ
1380 1990 1436 2064 δι
1457 1988 1648 2071 Morem
1669 1993 1698 2049 ἐν
1718 1993 1796 2070 βωλῇ

122 2132 169 2162 Μ,
198 2149 204 2162 ,
234 2088 364 2159 ,Beatus
378 2089 437 2161 uir,
453 2089 505 2194 φοι·
518 2106 578 2144 non
589 2089 688 2144 abiit·
678 2087 877 2145 reconcilio
865 2090 1010 2179 impio·⁷³
1026 2079 1138 2155 ἅσεὸῶν,
1149 2015 1618 2164 καλένρθδιῖιᾶμορτιυλῶνώκέσῑη,
1630 2081 1677 2143 καί
1690 2081 1737 2142 ἐπὶ
1751 2104 1797 2140 κο·

149 2211 155 2224 ·
251 2199 328 2256 rum,
351 2192 379 2238 et
393 2181 689 2258 inriapeeeatorum
708 2183 873 2254 constetit,
891 2193 919 2239 et
938 2183 971 2238 in
988 2197 1009 2243 Α
998 2140 1291 2252 θέδροινλοιμῶνοθκ
1305 2173 1443 2234 ἐκάθισεν·
1454 2174 1514 2234 ἀλλ’
1528 2171 1692 2286 ἐναφινόριιμ
1702 2173 1796 2251 Κυρίου

250 2271 393 2328 cathedra
407 2269 581 2348 pestilentior
601 2271 772 2329 consedit:
789 2272 887 2330 sedin
909 2271 972 2352 lege
1025 2286 1055 2322 το
1043 2262 1222 2341 θίλημα’
1193 2272 1288 2337 αυτοῦ,
1302 2264 1348 2323 καί
1366 2266 1449 2324 ἐν
1411 2287 1479 2346 ταρν
1481 2263 1539 2344 όμιρ
1560 2265 1643 2323 «oreo
1625 2262 1798 2342 pulteriense

250 2363 374 2420 Domum
384 2360 607 2442 uoluntasque,
617 2365 687 2421 etun
698 2362 832 2443 legeejus
846 2365 970 2422 medita-
1025 2355 1127 2435 ἡμέρας
1147 2357 1193 2416 καί
1209 2357 1319 2429 νυκτδς,
1340 2357 1385 2417 καλ
1407 2356 1536 2422 ἐσταιῶς
1559 2354 1591 2414 τδ
1609 2353 1685 2423 ξύλον
1704 2356 1735 2417 τδ
1749 2378 1795 2415 τι·

251 2452 390 2512 biturdie
404 2473 440 2510 ac
454 2465 558 2511 nocte:
570 2456 665 2512 eterit
678 2466 830 2532 tamquam
844 2455 967 2535 lignum,
1025 2448 1184 2529 φυτιομένον
1205 2449 1340 2532 πορδιτδις
1353 2449 1533 2518 διιέόδονς”
1498 2472 1550 2509 των
1573 2448 1798 2509 uternensem-

250 2542 330 2621 quod
336 2542 507 2621 plantatum
517 2554 560 2600 est
568 2560 649 2601 secus
661 2543 800 2601 decursus
813 2563 969 2622 aquarum.
1025 2565 1059 2601 πε
1062 2542 1145 2623 ρργδι
1160 2567 1177 2601 τ
1177 2542 1280 2612 δξύλον
1297 2542 1426 2603 ἐκεῖνο
1400 2566 1431 2601 το
1448 2541 1523 2622 παρδ
1536 2540 1585 2608 τδς
1605 2539 1796 2609 διεξόδουςτῶν
1823 2600 1826 2611 ,

249 2635 288 2693 Ut
301 2633 373 2692 enim
386 2633 493 2713 lignum
507 2632 576 2692 illud
597 2654 672 2692 secus
691 2654 822 2712 aquarum
840 2633 969 2694 decursus
1026 2566 1128 2694 ὑδάτων
1137 2635 1341 2717 πεφυτευμένον,
1355 2637 1419 2715 παρ’
1430 2632 1522 2699 αιἰτοδς
1534 2631 1594 2700 τοδς
1608 2633 1709 2712 ῥύακας
1722 2635 1797 2703 έστη·

250 2725 411 2806 plantutum,
432 2738 459 2782 et
476 2725 556 2803 juxta
575 2723 647 2782 rivos
662 2725 755 2798 situm,
773 2724 840 2784 dum
859 2726 971 2806 perenm
1025 2727 1085 2800 κδς,
1102 2727 1209 2798 διηνεκῆ
1224 2730 1271 2798 τῆς
1285 2725 1391 2805 ἀρδείας
1404 2724 1467 2805 ἐχον
1489 2727 1538 2796 τήν
1561 2722 1704 2805 χορηγίαν,
1726 2724 1796 2804 πάσῃ

249 2835 383 2892 aquarum
396 2813 472 2893 copia
486 2812 626 2892 irrigetur,
640 2813 716 2873 nulla
729 2814 887 2896 intemperie
901 2816 970 2875 ueris
1026 2817 1110 2898 ἀέριον
1126 2819 1266 2898 ἀνωμαλίᾳ
1279 2819 1423 2899 ἀχείρωτοι
1437 2816 1554 2897 γίνεται,
1567 2816 1613 2875 καί
1627 2816 1689 2874 οὗτε
1707 2821 1797 2877 ἀκτῖνα

249 2905 314 2964 laedi
325 2919 420 2985 potest,
440 2916 466 2962 et
480 2923 565 2981 neque
578 2903 643 2964 solis
656 2903 747 2964 radios
761 2906 851 2965 acrinus
866 2907 968 2966 incale-
1026 2909 1185 2990 θερμοτέραν
1203 2911 1343 2990 γενομένην
1359 2909 1484 2983 δέδοικεν,
1497 2907 1557 2968 σύτο
1573 2907 1619 2966 τδν
1633 2907 1702 2987 ἀέρα
1719 2932 1797 2987 ματα-

250 2994 970 3074 seentesreformidat,nequegrovioriaestusaevientem
1024 3000 1140 3061 πεσόντα
1170 3002 1206 3069 είς
1231 3000 1334 3081 αὐχμδν
1356 2999 1520 3060 ιδλαὸεῑται·
1544 2997 1638 3071 ἱκανήν
1662 2999 1716 3079 γδιρ
1738 3000 1796 3080 έχον

250 3109 339 3147 aerem
356 3086 520 3168 pertimescit
529 3109 537 3161 ς
563 3107 625 3145 cum
642 3086 715 3145 enim
734 3087 870 3147 inclusum
892 3088 920 3146 in
943 3109 972 3148 se
1026 3091 1296 3169 ἐναποκεκλεισμένην
1306 3095 1333 3150 ἐν
1344 3094 1431 3171 ἐαυτῷ
1440 3090 1489 3162 τήν
1500 3090 1606 3164 νοτίδα,
1620 3091 1711 3165 πάσης
1722 3094 1797 3164 ήλια·

251 3178 432 3240 sufficientem
445 3177 587 3236 humorem
597 3177 706 3250 habeat,
725 3198 832 3237 omnem
845 3178 915 3238 radii
928 3199 970 3238 so·
1026 3186 1077 3254 πῆς
1098 3182 1196 3262 θέρμης
1218 3181 1368 3252 πλεονεξίαν
1385 3181 1477 3251 ἔξωθεν
1497 3181 1683 3263 προόαλοῶσαν
1705 3183 1798 3251 εὐθέως

251 3267 614 3348 larisextcriusingruentem
625 3268 749 3329 ardorem
757 3270 848 3330 statim
860 3270 972 3351 depellit
991 3293 1008 3343 η
1027 3276 1202 3357 ἀποκρούεται
1222 3274 1269 3334 καί
1296 3276 1442 3334 διωθεῖται·
1466 3274 1535 3334 οὕτω
1557 3274 1603 3334 καί
1627 3275 1705 3355 lupi
1726 3277 1798 3353 παρδι

251 3383 283 3422 οε
291 3360 402 3422 discutit
414 3383 421 3418 ι
433 3361 472 3420 εἰσ
481 3360 563 3419 etiam
574 3360 664 3420 anima
674 3383 734 3440 que
743 3363 823 3442 juxta
834 3383 971 3422 sacrarum
1026 3366 1085 3433 τοδς
1102 3365 1198 3446 ῥύακας
1212 3369 1340 3438 ἑστηκυῖα
1353 3371 1407 3425 τῶν
1422 3365 1499 3426 θείων
1512 3368 1636 3447 Γραφῶν,
1655 3368 1704 3426 καὶ
1720 3392 1797 3429 ποτι-

252 3455 327 3516 rivos
340 3455 544 3536 seripturarum
559 3451 642 3525 sedet,
658 3474 689 3513 ae
702 3467 833 3535 perpetuo
846 3454 970 3535 rigatur,
1028 3457 1123 3535 ζομένη
1137 3458 1279 3529 διηνεκῶς,
1293 3460 1379 3516 ἐκεῖνα
1394 3457 1429 3517 τδι
1449 3459 1555 3535 νάματα
1575 3459 1622 3518 καλ
1640 3457 1690 3532 τήν
1708 3460 1796 3539 δράσω

252 3546 320 3608 dum
328 3546 420 3606 latices
431 3546 503 3619 illos,
518 3545 820 3625 roremqueSpiritusin
831 3546 972 3628 semetipsa
1026 3556 1073 3609 τοῶ
1093 3547 1249 3625 Πνεύματος
1273 3549 1300 3606 ἐν
1322 3552 1402 3626 ἑαυτῇ
1423 3549 1590 3625 συνάγουσα,
1618 3549 1685 3631 πρὸς
1711 3562 1797 3612 πᾶσαν

253 3640 365 3720 colligit,
374 3637 500 3698 omnibus
511 3657 601 3696 rerum
610 3635 789 3695 humanarum
797 3636 973 3698 incommodis
1027 3638 1192 3720 πραγμάτων
1204 3637 1361 3718 περίστασιν
1379 3640 1522 3720 ἀχείρωτος
1539 3639 1631 3714 έσται,
1643 3639 1694 3700 κάν
1710 3642 1797 3712 νόσος,

252 3733 357 3792 resistet
371 3731 489 3808 invicta5
510 3730 568 3789 sive
582 3729 703 3804 morbus,
717 3729 775 3791 sive
788 3731 970 3804 contumelia,
1028 3729 1078 3793 κάν
1098 3730 1224 3811 ἐπήρετο,
1249 3731 1297 3789 κάν
1317 3731 1493 3812 συκοφαντία,
1513 3732 1562 3791 κάν
1583 3732 1731 3815 λοιδορίαι,
1751 3734 1798 3794 κάν

253 3824 312 3886 sive
329 3822 474 3893 calumnie,
493 3821 550 3881 sive
567 3820 711 3900 vituperia,
733 3821 791 3882 sive
812 3835 972 3900 scommate,
1029 3822 1197 3902 σκώμματα,
1218 3821 1267 3883 κάν
1286 3833 1360 3882 πᾶσα
1377 3823 1506 3905 ῥᾳθυμία,
1527 3824 1576 3883 κάν
1593 3824 1685 3884 πάντα
1704 3826 1739 3886 τδ
1754 3831 1798 3899 τῆς

253 3914 311 3975 sive
323 3913 433 3994 pigritia
455 3911 567 3991 quaevis,
580 3912 638 3970 sive
650 3925 745 3970 cuneta
758 3912 853 3972 mundi
861 3914 931 3973 muln
946 3914 973 3974 in
1030 3915 1183 3994 οἰκουμένης
1195 3913 1266 3973 κακδι
1279 3918 1315 3981 εἷς
1329 3915 1377 3987 τήν
1391 3914 1516 3986 τοιαύτην
1529 3917 1692 3997 κατασκήψῃ
1704 3917 1799 3999 ψυχήν,

219 4039 223 4044 ·
252 4003 387 4087 ejusmodi
396 4001 973 4085 animamimpetumfaciant,faeilepertur·
1030 4008 1143 4075 εὐκόλως
1156 4006 1331 4088 ἀποκρούεται
1348 4007 1397 4080 τήν
1417 4006 1534 4086 πύρωσιν
1555 4011 1609 4067 τῶν
1624 4013 1729 4090 παθῶν,
1749 4010 1799 4070 ἀπδ

253 4097 394 4158 bationum
403 4094 558 4155 incendium
568 4093 749 4175 propulsabit,
759 4115 822 4154 curn
830 4096 974 4157 sufficienti
1029 4105 1077 4171 τῆς
1101 4103 1154 4158 τῶν
1176 4100 1289 4178 Γραφῶν
1315 4097 1487 4178 ἀναγνόισεως
1511 4098 1604 4172 ίκανήν
1631 4100 1798 4179 παράκλησιν

253 4189 376 4250 lectionis
386 4187 535 4268 Scriptura}
546 4186 641 4246 solatio
649 4186 800 4246 roboretur.
813 4188 883 4248 Nam
889 4210 975 4268 neque
1030 4192 1137 4273 ἔχουσα.
1152 4189 1224 4250 ote
1242 4189 1295 4270 γδρ
1317 4190 1391 4264 δοἜης
1406 4190 1529 4270 μέγεθος,
1544 4195 1574 4251 οδ
1590 4192 1748 4262 δυναστείας
1759 4193 1800 4271 ἀγ

254 4284 347 4364 glorie
360 4277 527 4359 magnitudo,
541 4299 628 4356 neque
639 4278 764 4359 potentie
776 4280 911 4360 majestas,
926 4303 975 4342 nec
1030 4307 1094 4358 κος,
1112 4287 1141 4343 οὐ
1155 4282 1238 4362 φίλων
1251 4281 1398 4360 παρουσία,
1412 4285 1460 4342 οὐκ
1474 4282 1538 4343 ἄλλο
1547 4283 1620 4343 οθδέν
1634 4286 1689 4343 τῶν
1702 4287 1800 4365 ἀνθρω·

254 4375 401 4435 amicorum
411 4371 562 4453 presentia,
576 4391 624 4429 nec
637 4370 714 4430 aliud
727 4371 876 4450 quidquam
885 4396 919 4433 ex
933 4396 974 4434 re·
1029 4373 1112 4435 πίνων
1135 4371 1203 4433 ούτω
1222 4373 1266 4432 τδν
1288 4375 1316 4431 ἐν
1334 4372 1412 4448 ὀδύνη
1432 4373 1678 4454 παραμυθήσασθαι
1695 4376 1798 4448 δυνήσι·

253 4467 306 4527 bus
323 4462 451 4522 humanis
471 4462 594 4521 animum
607 4460 673 4521 adeo
692 4462 802 4522 tristitia
823 4467 974 4525 conlectum
991 4477 1011 4526 c
1029 4491 1090 4538 ται,
1101 4469 1137 4533 ὡς
1150 4469 1167 4536 ἡ
1181 4470 1234 4525 τῶν
1250 4464 1326 4524 θείων
1343 4467 1456 4545 Γραφῶν
1470 4466 1626 4544 ἀνάγνωσις.
1636 4467 1675 4526 Τί
1688 4468 1799 4541 δήποττς

254 4558 336 4619 soleri
348 4555 458 4639 poterit,
472 4576 503 4614 ae
516 4575 653 4614 sacrarum
665 4554 745 4614 lectio
759 4556 971 4641 seripturarum.
1029 4549 1096 4619 Ὅτι
1109 4560 1196 4616 ἐκεῖνα
1209 4555 1255 4634 μὲν
1268 4557 1383 4637 ἐπίκηρα
1394 4557 1439 4615 καί
1453 4555 1573 4637 φθαρτά,
1587 4556 1628 4616 διδ
1637 4557 1687 4617 καὶ
1700 4559 1799 4641 φθαρτή

256 4651 332 4728 Quid
345 4649 404 4708 ita?
418 4647 500 4720 Quod
515 4647 560 4706 illa
572 4645 683 4727 quidem
695 4646 795 4707 caduca
810 4649 874 4726 siut,
891 4664 917 4709 et
931 4652 973 4710 in·
1030 4652 1145 4721 αὐτῶνθ,
1159 4649 1341 4728 παράκλησις·
1355 4655 1372 4721 ή
1386 4650 1413 4709 δὲ
1433 4654 1485 4708 τῶν
1505 4651 1618 4730 Γραφῶν
1636 4651 1800 4732 ἀνάγνωσις,

167 4722 177 4737 ’
255 4742 347 4804 teritui
367 4739 495 4810 obnoxia,
516 4759 597 4817 quam
612 4737 647 4796 oh
660 4760 766 4799 causam
782 4754 808 4799 et
824 4741 974 4802 obnoxium
1030 4747 1100 4803 Θεοῦ
1113 4742 1205 4820 ὁμιλία
1226 4741 1304 4800 ἐστίν.
1314 4739 1402 4801 Ὅταν
1421 4732 1570 4808 ούνδΘεδς
1590 4742 1635 4801 τδν
1656 4746 1685 4803 ἐν
1704 4744 1801 4828 ἀθυμίρ

257 4834 377 4895 interitui
396 4845 436 4892 est
456 4832 576 4913 ipsorum
595 4830 742 4893 solatium:
758 4852 789 4890 ac
806 4831 884 4892 lectio
900 4833 974 4893 Seri-
1027 4836 1188 4917 παρακαλῇ,
1202 4833 1228 4892 τί
1239 4837 1290 4892 τῶν
1303 4835 1384 4893 ὄντων
1401 4835 1479 4894 αύτδν
1494 4837 1529 4900 είς
1543 4833 1658 4912 ἀθυμίαν
1676 4835 1800 4915 ἐμῶαλιῖν

257 4939 344 5007 φιυτιτ
365 4923 529 5002 colloquium
542 4935 581 4981 est
595 4943 656 4981 cum
673 4924 740 4980 Deo.
761 4923 877 4995 Quando
891 4925 975 5006 igitur
1029 4927 1155 5002 66rurm5
1168 4924 1348 5005 Προσέχωμεν
1367 4925 1501 5005 τοίνυνπῇ
1518 4924 1681 5004 ἀναγνώσει,
1699 4927 1740 5005 μή
1757 4928 1803 4997 τδς

257 5036 320 5077 eum
333 5015 380 5095 qui
400 5013 509 5075 tristitia
523 5013 559 5074 sit
576 5013 688 5072 allectus
702 5013 855 5074 consolatur
877 5019 951 5077 Deus
962 5064 973 5097 ‚
1029 5019 1076 5077 δύο
1086 5015 1163 5096 μόνον
1178 5013 1276 5084 ταύτας
1287 5015 1357 5096 ὥρας
1373 5021 1420 5090 (οδ
1434 5016 1485 5098 γάρ
1500 5021 1576 5096 ἀρκεῖ
1586 5022 1653 5096 ἡμῖν
1667 5020 1705 5086 εἰς
1719 5019 1803 5101 ἀσφά-

259 5107 327 5188 quid
339 5129 374 5166 ex
386 5107 467 5167 rebus
479 5105 573 5165 creatis
585 5104 677 5186 ipsum
689 5104 717 5165 in
733 5126 875 5167 moerorern
891 5123 976 5190 potest
1029 5113 1101 5170 λειαν
1117 5106 1213 5186 ήψιλή
1232 5106 1299 5180 αύτη
1322 5108 1478 5190 ἀκρόασις),
1500 5107 1569 5169 ἀλλά
1590 5109 1733 5180 διηνεκῶς·
1756 5109 1804 5170 καὶ

258 5198 409 5281 conjicere?
425 5195 545 5258 Lectioni
556 5210 620 5276 ergo
630 5197 713 5258 simus
726 5197 828 5276 intenti,
843 5221 896 5261 non
908 5199 976 5261 duras
1031 5200 1139 5266 ίκαστος
1158 5198 1248 5259 οίκαδε
1262 5199 1437 5280 ἀναχωρήσας
1455 5199 1490 5260 τὰ
1509 5198 1606 5260 Βιύλία
1624 5200 1696 5280 μετά
1712 5208 1805 5282 χεῖρας
