3764 5992
467 428 511 476 DE
537 429 692 478 ANGUSTA
720 429 846 491 PORTA,
876 427 919 476 ET
944 429 978 477 ΙΝ
1005 429 1203 481 ouffloltsslt
1228 434 1437 485 DOMlNlCAbl·
1678 423 1723 512 57

211 541 272 612 θέτε
284 549 421 632 δευτέραν
430 553 582 635 προσέθηκε
595 558 682 636 ῥῆσιν,
691 555 782 631 εἰπὼν,
791 553 955 636 Ἁγιασθήτω
1049 558 1077 616 δ.
1092 557 1244 619 Secundam
1256 561 1356 621 deinde
1368 562 1517 623 clausulam
1530 563 1625 646 adjicit
1634 567 1724 626 :San-

179 644 289 720 τύδιομά
298 667 361 703 σω.
375 645 435 705 Καί
445 670 493 723 μοι
508 648 602 724 μηδεὶς
614 649 731 720 ἀνοήτως
742 647 955 727 ὑπολαμόανέτω
971 657 991 704 D
1007 648 1153 729 ctificetur
1165 671 1272 710 nomen
1285 665 1376 715 tuum.
1391 655 1432 713 Ne
1445 655 1506 733 quis
1519 678 1584 717 vero
1594 657 1725 738 insipien·

177 736 296 813 ίμαεμοῦ
310 737 479 817 προσθήκην
490 738 767 820 χαρίζεσθαιτῷθεῷ
777 740 953 820 ἐντῷλέγειν,
1007 752 1047 798 ter
1067 740 1203 802 existimet
1225 745 1444 807 sanctificationis
1468 748 1645 809 accessione·
1666 752 1726 810 Deo

175 826 329 904 Ἁγιασθήτω
342 829 377 887 τὸ
393 828 558 909 όνσμάσου·
581 831 655 910 άγιος
670 831 723 911 γάρ
742 832 953 907 ἐστι,καλπαν·
1006 832 1131 910 attribni,
1156 834 1223 895 dum
1245 836 1357 910 dicitur,
1386 839 1592 922 Sanctificetur
1621 861 1727 901 nomen

174 919 309 996 ι’γιας,καλ
332 920 423 999 ἇγίων
436 921 594 1000 δγιύτατος.
615 923 666 982 Καί
691 922 790 997 ταύτην
807 928 879 1005 αὐτῷ
902 924 951 997 τήν
1007 928 1314 987 εαιιιιιισειιτειιεειιίεα
1327 943 1376 1005 est,
1400 945 1426 990 et
1439 935 1549 992 omnino
1566 947 1684 1005 sanctus,
1699 946 1726 991 et

173 1010 296 1089 ὐμνγιδίαν
314 1014 471 1094 προσφέρει
490 1012 526 1073 τδ
543 1015 683 1094 Σεραρεδμ
693 1015 829 1095 ἀσιγήτοις
849 1020 952 1095 βοῶντα
1006 1029 1159 1077 sanctorum
1167 1020 1360 1080 sanctissimus.
1373 1021 1545 1082 Hancautem
1554 1023 1607 1105 ipsi
1617 1024 1726 1084 laudem

171 1112 308 1181 κραιγαῑς,
322 1104 433 1183 Ἄγιος,
447 1104 537 1183 δγιος,
548 1105 621 1185 δγιος
635 1104 729 1186 Κύριος
739 1107 864 1181 σαύαὼθ,
878 1107 951 1180 πλή-
1004 1107 1122 1166 offerunt
1134 1110 1291 1192 Seraphim,
1306 1113 1345 1172 sic
1359 1113 1512 1174 incessabili
1524 1137 1590 1176 voce
1603 1116 1725 1176 clamau-

172 1217 212 1270 ρης
223 1197 362 1275 θοθρανδς
372 1199 421 1257 καὶ
433 1202 453 1269 ἡ
467 1203 502 1277 γὴ·
518 1201 567 1267 τῆς
584 1196 659 1270 δόξης
679 1201 767 1258 αὐτοῦ.
779 1199 848 1259 Ἀλλ’
860 1197 950 1280 ὥσπερ
1005 1212 1061 1257 tes:
1077 1199 1214 1275 Sanctus,
1230 1217 1361 1280 sanetus,
1377 1219 1496 1265 sanctus
1512 1208 1668 1267 Dominus·
1677 1213 1793 1267 sce-1⁸³³·
1810 1214 1835 1262 θ·
1849 1213 1875 1260 3·

172 1291 255 1354 νίτοῖς
281 1291 432 1366 βασιλεῦσι
457 1289 507 1356 τδς
524 1291 655 1369 εὐφημίας
673 1290 878 1372 προσφέροντες,
904 1292 950 1349 καὶ
1006 1292 1095 1350 θαοθέι
1117 1315 1124 1347 2
1142 1295 1263 1372 plenum
1285 1308 1330 1355 est
1350 1298 1456 1356 coelum
1476 1311 1504 1356 et
1528 1311 1606 1358 terra
1628 1301 1727 1380 glorio

171 1379 290 1454 βασιλέας
321 1383 470 1448 καλοῦντες
494 1382 541 1440 καὶ
565 1385 775 1464 αὐτοκράτορας,
799 1386 848 1464 οὐχ
871 1383 886 1442 δ
912 1383 950 1460 μὴ
1004 1384 1077 1461 ejus.
1093 1382 1387 1462 Sedquemadmodum
1401 1388 1431 1462 ii,
1445 1388 1492 1466 qui
1505 1391 1727 1468 regesacolama·

170 1471 252 1550 έχονσι
274 1471 457 1551 χαρίζονται,
483 1475 543 1533 ἀλλ’
558 1476 624 1556 διιερ
645 1472 749 1554 ἔχωσιν
772 1476 950 1556 εὐρημοῦσιν·
1004 1474 1124 1535 tionibus
1134 1478 1282 1558 excipiunt,
1296 1500 1327 1538 ae
1338 1481 1425 1559 Reges
1436 1481 1725 1560 Imperatoresquevo·

169 1563 232 1621 uiro
244 1566 293 1622 καὶ
308 1570 394 1642 ἡμεῖς
404 1567 435 1625 οὐ
449 1564 501 1638 τὴν
511 1569 559 1626 οὐκ
572 1555 652 1627 οὐσαν
666 1565 817 1644 ἁγιωσύνην
830 1566 949 1649 προσρέ-
1005 1582 1077 1645 eant,
1099 1591 1151 1629 non
1166 1570 1220 1630 illis
1234 1570 1263 1630 id
1276 1572 1428 1632 attribuunt
1442 1573 1516 1652 quod
1534 1595 1587 1633 non
1600 1573 1723 1647 babent,

170 1655 276 1733 piperum
289 1659 332 1737 τῷ
340 1659 424 1740 Θεῷ,
438 1656 574 1736 λέγοντες,
583 1655 747 1738 Ἁγιασθήτω
756 1657 788 1719 rb
797 1657 881 1736 ὄνομά
893 1681 950 1731 σου,
1003 1659 1052 1719 sed
1067 1661 1142 1739 quod
1156 1661 1257 1722 babent
1269 1663 1398 1724 laudibus
1414 1664 1549 1725 celebrant
1562 1665 1619 1724 :ita
1635 1680 1662 1725 et
1675 1686 1725 1728 nos

169 1746 230 1805 ε’λλέ
243 1745 296 1820 τήν
307 1737 395 1808 αὐσαν
413 1748 570 1828 δοξάζομεν·
585 1750 616 1809 τδ
628 1750 681 1829 γὰρ
695 1749 876 1830 Ἁγιασθήτω,
890 1752 949 1812 ἀντὶ
966 1750 986 1798 Ε
1004 1773 1057 1812 non
1071 1773 1140 1824 eam,
1162 1776 1222 1833 qua
1234 1754 1315 1832 absit,
1328 1755 1495 1817 sanctitatem
1510 1757 1568 1816 Deo
1587 1757 1726 1818 offerimus

170 1845 209 1898 τῶ
219 1839 396 1916 δοξεσθήτω,
411 1842 520 1922 είρεται.
545 1842 732 1921 Διδασκόμεθα
739 1842 832 1904 ’τοίνυν
845 1844 889 1905 διδ
900 1848 949 1917 τ’ής
1003 1865 1065 1905 cum
1080 1844 1208 1921 dicimus,
1224 1846 1433 1929 Sanctificetur
1447 1869 1553 1908 nonwn
1568 1861 1662 1924 tuum,
1677 1848 1726 1910 sed

171 1937 250 2010 φωνῆς
263 1933 370 2006 ταύτης
382 1935 427 1995 τὸν
442 1937 501 1995 κατ’
513 1934 611 2015 ἀρετὴν
627 1935 744 2014 μετιέναι
755 1935 874 2015 βίον,ίνα
887 1943 949 1998 τοδ-
1002 1958 1072 2011 cam,
1089 1961 1149 2017 quae
1163 1941 1241 2014 inest,
1264 1938 1394 1999 laudibus
1412 1939 1597 2002 celebramus:
1610 1962 1674 2001 nam
1687 1940 1724 2001 il-

170 2030 333 2105 τονδρῦντες
345 2030 373 2086 ot
387 2028 537 2106 ἄνθρωποι,
549 2027 594 2088 τὸν
609 2026 728 2106 οὐράνιον
741 2033 820 2108 ἡμῶν
838 2030 948 2112 Πατέρα
1002 2028 1060 2106 lud,
1081 2032 1299 2113 Sanctificetur,
1322 2029 1442 2111 idipsum
1455 2045 1495 2092 est
1512 2030 1595 2111 quod,
1619 2032 1725 2112 glorili·

170 2116 324 2187 θὶάζωσιν·
339 2117 418 2179 δκαὶ
438 2121 558 2200 ἀλλαχοῦ
579 2141 659 2200 φησι·
676 2119 818 2200 Ααμψάτω
841 2122 873 2181 τδ
893 2126 949 2203 ρῶς
1003 2136 1088 2182 cetur.
1106 2122 1164 2182 Hac
1182 2123 1271 2201 itaque
1284 2143 1351 2183 voce
1364 2121 1502 2199 docunur,
1517 2137 1548 2182 ut
1562 2123 1648 2183 vitam
1662 2144 1726 2183 eum

170 2214 237 2287 ὑμῖν
250 2211 408 2292 ἔμπροσθεν
420 2217 473 2271 τῶν
488 2210 645 2292 ἀνθρώπων,
658 2210 729 2278 ὅπως
739 2211 817 2272 ίδωσι
830 2213 864 2273 τὰ
877 2214 949 2275 καλά
1002 2216 1103 2277 νίτῖιιῑε
1114 2214 1255 2290 ducamus,
1276 2228 1307 2273 ut
1320 2236 1380 2273 eam
1394 2212 1515 2274 ridentes
1526 2213 1658 2290 homines,
1675 2237 1725 2276 cae·

170 2304 227 2382 ἔργα
251 2307 343 2382 ὑμῶν,
363 2305 412 2365 καὶ
437 2304 567 2374 δοξάσωσι
584 2305 629 2365 τὸν
649 2303 760 2386 Πατέρα
772 2309 846 2383 ὑμῶν
860 2307 905 2367 τδν
920 2309 948 2366 ἐν
1001 2307 1096 2367 lestem
1108 2307 1216 2365 Patrem
1227 2304 1522 2386 nostrumlglorificent,
1539 2320 1568 2365 ut
1581 2306 1648 2366 alibi
1657 2306 1726 2367 dici·

169 2408 217 2467 τοῖς
228 2400 364 2478 οὐρανοῖς.
387 2399 466 2458 Μετὰ
487 2403 566 2458 τοῦτο
584 2396 670 2476 λέγειν
684 2396 869 2477 ἐδιδάχθημεν,
883 2398 947 2459 ’Ele
1002 2413 1048 2459 tur
1061 2423 1068 2456 ι
1080 2402 1191 2459 Luceat
1205 2400 1257 2458 lux
1271 2413 1373 2459 uestra
1384 2420 1483 2458 eorem
1498 2402 1674 2473 bominibus,
1691 2413 1818 2464 αεΜιιιιλ.
1832 2418 1856 2468 s.

169 2491 258 2563 θέτωὴ
271 2490 402 2569 βασιλεία
414 2513 477 2549 σου·
489 2487 693 2570 τυραννούμενοι
704 2489 756 2570 γὰρ
770 2490 821 2551 ὑπὸ
833 2495 886 2550 τῶν
896 2493 946 2552 ’τοῦ
960 2550 985 2589 ω
1001 2493 1127 2550 videant
1137 2512 1225 2570 opero
1235 2504 1338 2550 uestra
1347 2492 1437 2565 bona,
1447 2504 1476 2549 et
1485 2492 1653 2573 glorificent
1663 2495 1725 2552 Pa·
1735 2481 1771 2528 ¹⁶·

170 2580 286 2659 σάματσς
297 2580 481 2661 παθημάτων,
491 2579 539 2641 καὶ
552 2579 647 2661 μυρίας
659 2584 814 2662 πειρασμῶν
834 2582 945 2664 δεχόμε·
963 2604 984 2652 Α
1001 2596 1074 2642 trem
1089 2597 1232 2657 oestrum,
1248 2587 1300 2665 qui
1314 2586 1346 2640 in
1360 2583 1441 2642 eaelr's
1453 2596 1507 2642 est.
1522 2586 1616 2643 Postea
1630 2582 1725 2644 edoce-

168 2672 388 2753 νοιπροσδολδις,
402 2677 451 2744 τῆς
471 2677 517 2732 τοῦ
544 2674 615 2733 Θεοῦ
634 2671 767 2754 χρῄζομεν
793 2675 944 2754 βασιλείας,
1000 2675 1175 2753 murdicere,
1192 2675 1347 2734 Adverriat
1363 2695 1485 2755 regnum
1501 2688 1603 2735 tuum:
1618 2689 1725 2757 pertur-

168 2766 203 2824 ίνε
215 2766 254 2845 μὴ
272 2765 459 2846 βασιλεύσηὴ
476 2764 595 2846 ἁμαρτία
617 2769 651 2826 ἐν
664 2770 702 2847 τῷ
728 2772 814 2848 θνητῷ
838 2768 944 2849 σώματι
1000 2767 1141 2827 bationum
1161 2765 1343 2847 corporalium
1365 2767 1485 2847 oppressi
1509 2768 1666 2849 tyrannide,
1696 2781 1725 2829 et

167 2862 234 2936 ἦμῦν
249 2862 288 2927 εἰς
302 2859 335 2918 τδ
344 2857 492 2918 ὑπακούειν
502 2861 568 2938 αὐτῇ
581 2861 608 2919 ἐν
617 2867 677 2927 ταῖς
688 2859 838 2938 ἐπιθυμίαις
847 2863 944 2935 αὐτοῦ,
1000 2859 1133 2919 sexcentis
1148 2857 1327 2918 tentationum
1347 2857 1495 2919 insultibus
1512 2860 1644 2942 impetiti,
1671 2859 1723 2920 Dei

168 2950 225 3026 μηδέ
239 2950 457 3033 παριστάνωμεν
470 2949 505 3008 τὰ
519 2951 587 3030 μέλη
601 2955 677 3027 ἡμῶν
690 2949 760 3011 δπλα
782 2951 887 3019 ἀδικίας
909 2957 942 3033 τῇ
998 2972 1081 3032 regno
1094 2972 1214 3031 egemus,
1230 2964 1259 3009 ut
1271 2965 1411 3033 peccatum
1425 2972 1478 3011 non
1493 2967 1585 3033 regnet
1600 2953 1627 3012 in
1643 2963 1719 3014 mor·
1729 2963 1869 3012 nomena.

167 3043 295 3124 έμαρτία,
310 3044 376 3102 ἀλλ’
392 3041 438 3103 ἵνα
457 3040 672 3122 παραστήσωμεν
686 3043 756 3102 δπλιι
777 3043 944 3117 δικαιοσύνης
998 3043 1046 3103 tali
1067 3065 1178 3125 corpore
1192 3059 1294 3121 nostro,
1315 3045 1397 3108 itaut
1414 3042 1456 3102 illi
1470 3044 1498 3102 in
1519 3045 1719 3126 cupiditatibus

166 3139 289 3217 τῷΘεῷ,
305 3136 357 3196 καὶ
371 3134 579 3215 στρατεοώμεθα
592 3137 630 3215 τῷ
649 3137 752 3213 βασιλεῖ
765 3138 816 3194 τῶν
830 3135 942 3197 αἰώνων.
998 3136 1195 3215 obsequamur,
1217 3149 1301 3215 utque
1320 3157 1373 3194 uon
1396 3136 1573 3195 exhibeamus
1598 3137 1722 3197 membra

166 3229 352 3309 Διδασιιόμεθα
367 3227 476 3311 δδπρδς
485 3227 602 3298 τούτοις,
617 3225 655 3305 μή
669 3225 770 3307 σρόδρα
782 3229 821 3308 τῷ
832 3227 943 3306 παρόντι
996 3245 1086 3291 nosua
1097 3251 1173 3289 arma
1186 3228 1335 3307 iniquitatis
1346 3243 1469 3309 peccato,
1486 3229 1532 3288 sed
1543 3230 1722 3291 exhibeamus

167 3322 209 3402 βύρ
220 3321 459 3405 προστετηκέναι,
480 3318 548 3379 ene
569 3327 741 3399 καταφρονεῖν
757 3317 805 3396 μέν
819 3322 871 3378 τῶν
884 3344 942 3380 πα·
996 3343 1071 3381 arma
1079 3318 1192 3401 justitie
1200 3323 1267 3394 Deo,
1280 3333 1305 3379 et
1315 3320 1384 3399 Regi
1392 3321 1554 3380 seculorum
1561 3321 1720 3383 militemus.

166 3413 265 3491 pirrus,
286 3415 431 3491 ἐπιθυμεῖν
453 3410 481 3470 δὲ
504 3416 558 3470 τῶν
574 3410 723 3488 μελλόντων
741 3414 778 3477 ὡς
801 3410 941 3490 μενόντων,
996 3413 1038 3473 Ad
1054 3414 1112 3473 haee
1126 3413 1208 3473 etiam
1229 3411 1373 3491 docemur,
1401 3433 1435 3472 ne
1455 3429 1614 3492 praesentem
1634 3415 1721 3475 vitam

164 3505 202 3563 καὶ
227 3504 278 3576 τὴν
299 3503 446 3584 βασιλείαν
469 3502 569 3575 ἐκείνην
583 3504 670 3575 ζητεῖν
693 3501 872 3581 clinipulum
896 3505 941 3565 καλ
996 3505 1086 3586 magni
1097 3506 1238 3581 faciamus,
1252 3504 1298 3564 sed
1314 3505 1456 3584 praesentia
1468 3504 1658 3587 despiciamus,
1676 3507 1720 3565 lu-

165 3595 273 3669 είόινισν,
304 3596 355 3654 καὶ
381 3603 438 3664 τοῖς
473 3597 584 3654 ἐνταῦθα
598 3598 731 3673 ’τερπνοῖς
764 3591 801 3671 μὴ
827 3595 941 3674 κατέχε·
996 3609 1055 3656 tura
1075 3618 1151 3671 vero,
1170 3609 1263 3676 utpote
1278 3595 1424 3670 manentia,
1444 3597 1676 3677 concupiscamus,
1693 3610 1721 3657 et

164 3694 235 3761 σθαι,
257 3688 298 3767 μή
328 3686 468 3766 σωμάτων
479 3687 624 3767 εὐμορφίᾳ,
645 3685 681 3764 μή
697 3685 844 3766 χρημάτων
858 3689 940 3746 εὐπο-
959 3695 978 3743 B
996 3710 1110 3768 regnum
1128 3686 1199 3745 illud
1217 3707 1369 3763 quaeramus
1387 3687 1501 3764 caeleste,
1525 3701 1718 3768 eternumque,

164 3780 217 3863 ρέα,
230 3780 270 3858 μὴ
287 3779 441 3857 κτημάτων
458 3778 581 3858 εὐθηνίᾳ,
596 3777 634 3857 μή
649 3777 729 3837 λίθων
743 3779 939 3854 πολυτελείαις,
959 3773 962 3779 ’
995 3802 1043 3841 nec
1066 3777 1243 3860 presentibus
1264 3777 1452 3857 voluptatibus
1476 3779 1642 3856 haercamus3
1666 3800 1720 3839 non

163 3873 286 3949 μήοδιων
302 3869 531 3952 μεγαλοιργίαις,
544 3869 580 3949 μὴ
595 3869 749 3950 ἡγεμονίαις
759 3871 804 3930 καί
824 3894 941 3952 στρατη·
994 3874 1087 3932 forma
1102 3891 1256 3950 corporum,
1280 3889 1333 3928 non
1347 3869 1467 3949 pecuniae
1481 3870 1519 3943 ri,
1539 3890 1593 3928 non
1607 3891 1716 3950 posses·

162 3966 231 4043 γεάις,
244 3964 437 4047 μὴδλουργίδι
451 3963 497 4023 καί
510 3963 670 4042 διαδήματι,
687 3965 725 4041 μὴ
738 3964 941 4043 δψοποιίαιςκαλ
995 3965 1102 4024 sionum
1120 3960 1304 4034 abundantiae,
1331 3981 1385 4020 non
1401 3980 1569 4039 gemmarum
1588 3963 1720 4041 magnili-

162 4061 308 4139 κερατίαις
321 4058 371 4117 καὶ
384 4059 568 4124 παντοδαπαῖς
591 4054 765 4138 χλιδαῖς,μὴ
790 4057 863 4137 ἄλλῳ
889 4057 941 4117 τινὶ
994 4056 1099 4133 centiae,
1123 4075 1176 4114 non
1196 4052 1296 4112 aedium
1310 4051 1458 4132 splendori,
1484 4074 1537 4113 non
1553 4054 1675 4135 imperiis
1691 4068 1719 4114 et

163 4155 207 4209 οὖν
226 4152 275 4219 τὰς
285 4149 428 4231 ἡμετέρας
438 4147 612 4218 δελεαζύντων
624 4148 775 4221 αἰσθήσεις,
790 4148 859 4209 ἀλλὰ
872 4158 940 4209 πᾶσι
994 4148 1158 4208 militaribus
1173 4144 1347 4227 praefecturis,
1362 4165 1415 4203 non
1428 4166 1570 4226 purpura,
1592 4167 1645 4206 non
1658 4144 1720 4205 dia-

162 4246 404 4327 ισίτοιςὲρβῶσθσι
419 4241 637 4323 ρράσαντες,σῆς
651 4248 697 4301 τοῦ
710 4243 780 4302 Θεοῦ
805 4242 941 4320 βασιλείας
992 4240 1103 4313 dernati,
1131 4260 1184 4299 non
1209 4235 1327 4296 obsoniis
1351 4249 1377 4295 et
1400 4236 1481 4296 lautis
1500 4238 1599 4318 epulis,
1631 4258 1720 4316 neque

163 4339 337 4402 ἀδιαλείπτοις
358 4333 508 4414 ὀρέγεσθαι
524 4334 617 4401 Ούτως
632 4338 703 4411 ἡμᾶς
724 4330 769 4392 καὶ
789 4332 886 4406 ταύτην
901 4334 940 4393 δι·
992 4334 1053 4393 aliis
1075 4331 1242 4411 quibuslibet
1258 4350 1361 4404 eorum,
1376 4350 1435 4406 quae
1449 4349 1541 4388 sensus
1554 4342 1659 4388 nostros
1675 4328 1718 4388 in·

163 4429 234 4496 δέξας
258 4428 312 4500 τήν
331 4425 445 4509 άρετὴν,
469 4424 588 4484 ἐκέλευσε
612 4425 715 4504 λέγειν·
740 4423 882 4496 Γενηθήτω
909 4425 940 4486 τὸ
993 4445 1081 4483 escare
1095 4423 1179 4482 solent
1190 4443 1200 4497 3
1216 4418 1263 4479 scd
1278 4419 1311 4478 iis
1324 4418 1450 4477 omnibns
1463 4419 1554 4478 ναίετε
1564 4418 1660 4500 jussis,
1675 4440 1716 4478 re·

162 4520 259 4600 θίλημά
270 4543 339 4591 σου,
354 4521 394 4584 ὣς
406 4521 435 4577 έν
445 4520 559 4597 οὐρανῷ,
573 4516 619 4576 καλ
630 4515 674 4576 inl
685 4519 733 4587 τῆς
748 4521 811 4594 γῆς·
826 4519 939 4576 ἐντεθει-
993 4537 1077 4597 gnum
1100 4513 1226 4573 carlorum
1246 4509 1426 4570 indesinenter
1444 4523 1611 4590 appetamus.
1639 4511 1715 4568 Hanc

160 4613 209 4681 ιιὸς
225 4615 280 4696 γὰρ
309 4618 379 4689 ἡμῖν
400 4614 455 4669 τῶν
482 4609 631 4688 μελλόντων
650 4609 694 4668 τδν
714 4607 815 4688 ἔρωτα,
831 4608 939 4681 καὶτῆς
992 4630 1058 4669 vero
1073 4607 1203 4665 uirtutem
1223 4616 1364 4683 postquam
1378 4622 1426 4660 nos
1445 4600 1549 4673 docuit,
1564 4598 1655 4659 dicere
1665 4600 1715 4681 ju·

161 4705 314 4786 ῖιισορονίω
344 4700 486 4781 βασιλείας
508 4699 556 4774 τὴν
584 4699 739 4778 ἐπιθυμίαν,
763 4700 811 4760 καί
833 4701 938 4781 τρώσας
993 4701 1143 4781 bet:Eiat
1163 4698 1306 4755 voluntas
1320 4707 1382 4766 tua,
1400 4697 1475 4752 sicut
1490 4697 1522 4750 in
1540 4693 1665 4770 eaelo,et
1683 4697 1715 4751 in

160 4802 225 4878 ἡμᾶς
236 4797 334 4878 ἐκείνῳ
352 4798 394 4874 τῷ
411 4793 504 4874 πόθῳ,
522 4791 718 4872 παρασκευάζει
739 4791 836 4871 λέγειν,
859 4797 881 4854 Γ
882 4818 941 4867 ενη-
956 4807 975 4855 c
993 4806 1081 4851 terra.
1096 4793 1242 4866 Postquam
1255 4785 1327 4845 enim
1339 4785 1417 4844 nobis
1430 4785 1585 4843 futurorum
1595 4806 1715 4845 amorem

162 4893 227 4964 θήσω
235 4892 267 4950 rb
280 4887 390 4967 θελημά
403 4910 466 4960 σου,
476 4891 512 4954 ὡς
524 4890 550 4946 ἐν
561 4888 679 4966 οὐρανῷ,
690 4886 737 4945 καὶ
753 4886 798 4946 dni
810 4891 858 4958 τῆς
880 4893 940 4968 γῆς.
992 4883 1102 4959 indidit,
1119 4901 1220 4941 necnon
1238 4877 1315 4958 regui
1331 4876 1444 4936 caelestis
1458 4876 1712 4957 concupiscentiam,

164 4985 210 5052 θδς
221 4991 298 5064 ἡμῖν,
317 4981 400 5063 peel,
422 4980 560 5052 Δέσποτα,
574 4976 664 5048 τὴνέν
683 4979 786 5060 οὐρανῷ
801 4985 940 5058 μιμεῖσθαι
991 4979 1044 5037 hoc
1057 4975 1213 5037 vulneratos
1233 4969 1368 5031 desiderio
1388 4967 1495 5027 adhaec
1509 4967 1624 5029 dicenda
1639 4991 1714 5030 oom-

165 5077 309 5151 τυλιτείαν,
330 5075 368 5134 ἵν’
393 5074 411 5132 δ
435 5071 519 5139 θέλεις
543 5068 633 5145 αὐτὸς,
645 5070 692 5130 καὶ
717 5075 794 5148 ἡμεῖς
814 5070 940 5150 θέλωμεν.
991 5083 1079 5153 parat,
1093 5072 1164 5127 Fiat
1178 5066 1319 5124 voluntas
1335 5074 1396 5135 tua,
1410 5065 1486 5120 sicut
1495 5065 1527 5120 in
1540 5062 1624 5152 caelo,
1638 5076 1667 5122 et
1681 5069 1714 5123 in

165 5169 325 5243 Ἐπάριεσον
346 5165 435 5227 τοίνυν
460 5161 617 5246 προαιρέσει
631 5161 784 5245 καμνούσῃ,
795 5163 842 5222 καὶ
857 5173 941 5224 ποιεῖν
994 5177 1083 5223 terro.
1108 5162 1150 5221 Da
1163 5157 1253 5233 nobis,
1274 5153 1374 5235 inquit,
1389 5153 1515 5232 Domine,
1537 5167 1568 5213 ut
1581 5155 1713 5216 caelestem

171 5261 212 5340 μὲν
233 5259 396 5343 ιεινομοέση
424 5255 458 5317 ιθ
478 5253 533 5334 σά,
557 5253 611 5316 ὑπὸ
632 5254 660 5316 u
680 5260 728 5331 τῆς
752 5261 799 5316 τοῦ
824 5255 949 5335 σώματος
994 5253 1144 5318 illamvita
1155 5249 1287 5313 rationem
1297 5268 1449 5329 sequamur,
1461 5260 1491 5307 ut
1500 5268 1540 5326 ea,
1550 5268 1611 5326 qnae
1620 5260 1650 5308 tu
1660 5249 1712 5328 vis,
