3764 5992
430 450 560 512 Qc-ttms
588 450 752 497 DL'CENDAE
779 451 854 499 Slb'l*
881 454 1022 501 UXORES.
1052 458 1100 503 lll.

144 576 184 639 ’ων
199 573 270 653 αὐτῇ
290 575 413 651 ὁμισθὸς
427 577 475 645 τῆς
493 575 637 655 φιλοξενίας
658 576 773 655 ἐγίνετο,

144 664 247 739 ἰιμόθεν
263 665 328 726 ὄντα
341 664 475 749 γνώριμον
489 667 557 745 μετδ
569 668 698 740 τοσαύτης
712 673 773 728 ύπε-

144 756 214 831 οίας,
225 763 294 836 ὁμοῦ
302 760 348 819 καὶ
357 759 406 830 τὴν
421 760 591 840 σωφροσύνην
603 762 772 842 διατηροῦσα.

145 849 346 931 ἀναισχύντως,
365 851 424 912 abac
438 855 556 931 ἰταμῶς,
576 853 635 914 ούτε
657 854 773 935 ἀναγκά-

144 943 348 1023 πύργιζομένη,
362 944 431 1005 ἀλλά
443 945 511 1023 μετὰ
523 951 572 1019 ιη”ς
588 947 773 1026 προσηκούσης

144 1056 159 1103 ς
180 1040 260 1094 τοῦτο
279 1036 372 1097 ἐποίει.
389 1038 475 1098 Τοῦτο
492 1038 544 1119 γάρ
564 1039 627 1098 αὐτὸ
639 1038 774 1117 ᾑνίξατοθ

144 1124 227 1205 ivan·
239 1126 276 1188 ‘0
286 1126 315 1187 bi
325 1128 460 1210 ἄνθρωπος
472 1130 667 1210 κατεμάνθανεν
681 1130 772 1204 αὐτλν,

144 1216 227 1279 adm
240 1224 287 1280 τοῦ
299 1224 412 1299 γνῶναι,
433 1225 457 1281 al
470 1221 589 1283 εύώδωσι
608 1223 703 1304 Κύριος
724 1223 772 1296 τὴν

144 1319 160 1370 ἰ.
173 1310 214 1371 Τί
227 1314 302 1386 ἐστι,
314 1314 519 1392 Κατεμάνθανεν
532 1315 630 1388 αὐτήνς
644 1316 696 1375 Καὶ
708 1321 774 1397 σχῆ-

144 1403 258 1482 ίδισμα,
274 1404 320 1463 καί
331 1404 455 1485 βλέμμα,
471 1407 516 1466 καὶ
529 1412 618 1488 ῥῆμα,
630 1406 675 1465 καί
685 1407 774 1467 πάντα

144 1496 265 1574 ξήταζεν,
279 1499 333 1558 άπδ
345 1503 398 1559 τῶν
414 1505 459 1558 τοῦ
474 1500 596 1579 σώματος
618 1499 772 1579 κινημάτων

1475 434 1544 531 209

828 598 914 656 neque
924 578 998 657 quod
1016 580 1206 640 conciliaturus
1227 595 1293 641 essct
1314 581 1398 663 ipsius
1417 583 1541 663 nuptias,

827 669 875 727 sed
885 670 1014 731 viatorem
1031 693 1114 731 uncam
1121 672 1238 752 aliquem
1246 674 1357 755 putabat
1365 688 1391 734 et
1400 674 1543 755 hospitem.

828 759 933 821 ldcirco
951 763 1061 822 uberior
1078 763 1101 822 ei
1115 764 1306 845 hospitalitatis
1323 788 1424 826 merces
1437 765 1543 826 contin·

827 852 875 931 git,
888 852 962 931 quod
976 854 1064 913 modis
1084 855 1210 916 omnibus
1223 856 1346 936 ignotum
1362 870 1435 918 tanta
1454 880 1544 939 prose·

826 959 909 1021 quota
948 946 983 1005 sit
1007 947 1211 1023 benevolentia,
1253 963 1356 1009 serrata
1385 949 1492 1009 interim
1519 962 1544 1008 et

827 1037 963 1097 modestia.
990 1041 1082 1117 Neque
1099 1040 1170 1100 enim
1190 1041 1288 1100 effrena
1307 1041 1476 1116 temeritate,
1497 1063 1543 1102 ne-

825 1151 878 1207 que
910 1131 966 1190 rim
999 1134 1112 1192 asserens
1148 1147 1195 1193 aut
1230 1135 1458 1195 stomachabunda
1492 1136 1544 1196 boo

826 1222 950 1294 faciebat,
970 1224 1019 1283 sed
1040 1245 1101 1283 curn
1116 1224 1213 1285 decoro
1233 1226 1270 1285 ita
1289 1240 1319 1286 ut
1332 1249 1382 1308 par
1395 1241 1461 1287 crat.
1487 1227 1545 1287 lloo

826 1313 898 1373 enim
914 1314 1004 1395 ipsum
1024 1318 1113 1375 bloses
1131 1316 1285 1376 subindicat
1301 1318 1344 1376 bis
1364 1318 1473 1378 verbis:
1487 1320 1694 1404 ttteoe„,24,2.,

826 1417 925 1465 autem
936 1408 1189 1488 contemplabatur
1198 1431 1263 1468 earn
1274 1414 1392 1481 tacitus,
1407 1415 1481 1471 scire
1491 1434 1538 1471 uo·

827 1498 890 1556 lens
900 1512 997 1558 utrum
1006 1520 1175 1580 prosperum
1191 1505 1248 1560 iter
1256 1503 1467 1583 suctmsecisset
1480 1506 1544 1562 Do-

144 1595 181 1663 ἥς
193 1593 283 1672 φυγῆς
296 1591 514 1668 καταμανθάνων.
533 1592 586 1653 Καὶ
602 1592 659 1654 οὐδὲ
672 1592 773 1662 τούτοις
791 1602 810 1651 E
827 1593 933 1650 miuus.
953 1591 1030 1667 Quid
1050 1606 1098 1668 cst,
1123 1594 1385 1673 Contemplabatur
1400 1601 1486 1652 eam?
1506 1596 1546 1654 Ec

144 1682 235 1762 μόνον,
262 1682 332 1742 ἀλλὰ
359 1683 481 1763 δευτέραν
509 1685 638 1766 προσάγει
663 1693 770 1765 πεῖραν.

144 1774 178 1857 lp
191 1774 315 1834 ἐπότισεν
330 1776 418 1849 αὐτὸν,
433 1780 480 1835 οὐκ
491 1777 554 1850 ἔστη
571 1776 652 1858 μέχρι
662 1777 771 1849 τούτου,

157 1869 242 1945 αὐτῇ,
260 1867 339 1936 Τίνος
351 1867 468 1949 θυγάτηρ
483 1860 522 1942 εί,
539 1870 692 1950 ἄνάγγειλόν
706 1894 770 1947 μοι,

157 1960 233 2041 παρὰ
248 1963 288 2039 τῷ
304 1961 388 2041 πατρί
398 1986 445 2021 σου
455 1962 534 2030 τόπος
547 1968 590 2022 τοῦ
603 1964 771 2037 καταλῦσαις

146 2051 205 2124 ίνη;
218 2049 388 2121 ’λνεξικάκως
398 2053 444 2113 καὶ
455 2053 547 2135 πράως
560 2054 605 2114 καὶ
615 2055 659 2113 τὸν
668 2055 737 2114 πατέ
754 2080 771 2115 α

152 2146 201 2203 six
215 2144 405 2223 ἠγανάκτησε,
421 2145 552 2224 λέγουσα,
573 2145 605 2206 σύ
621 2146 650 2206 δέ
666 2171 706 2213 τις
721 2080 772 2207 eit

144 2240 239 2311 κανῶν,
261 2236 306 2296 καί
323 2240 422 2313 ζητῶν,
437 2237 482 2296 καί
496 2238 545 2310 τὴν
559 2240 643 2299 οἰκίαν
663 2264 771 2321 περιερ-

144 2326 236 2399 ;άλλδι
247 2327 275 2386 τί
279 2354 287 2401 ;
298 2330 428 2410 Θυγάτηρ
441 2331 563 2404 Βαθαυῆλ
576 2336 631 2410 εἰμι
649 2331 701 2406 ἐγώ
716 2336 773 2391 υίοῦ

826 1680 960 1759 habitum,
978 1682 1162 1754 discessum,
1184 1698 1209 1743 et
1222 1698 1370 1765 aspectum,
1392 1698 1418 1743 et
1439 1686 1541 1764 verba,

824 1773 914 1832 omnia
926 1772 1042 1853 denique
1054 1774 1196 1855 diligenter
1208 1776 1387 1850 examinabat,
1401 1798 1435 1837 ex
1450 1800 1545 1858 corpo-

824 1865 862 1924 ris
875 1866 994 1945 gestibus
1015 1867 1201 1926 habitudinem
1221 1869 1304 1926 animi
1327 1870 1464 1949 colligens.
1489 1872 1544 1930 Nec

824 1959 868 2019 lris
880 1973 1031 2036 contentus,
1051 1962 1165 2021 alterum
1186 1962 1399 2042 experimentum
1417 1962 1542 2024 adhibet.

825 2056 940 2133 Accepto
954 2053 1024 2112 enim
1038 2053 1073 2112 ab
1084 2074 1114 2113 ea
1124 2067 1189 2135 potu
1204 2074 1255 2113 non
1267 2053 1379 2130 destitit,
1392 2054 1438 2114 sed
1451 2076 1545 2135 rogare

824 2145 931 2225 pergit:
945 2146 1036 2227 Cujus
1054 2145 1173 2226 esfitta,
1193 2146 1293 2205 indica
1311 2148 1384 2206 milri
1397 2170 1405 2203 .·
1418 2160 1500 2207 estne
1512 2152 1543 2206 in
1556 2186 1613 2226 Ge„
1627 2182 1664 2243 ,p

826 2239 912 2296 domo
923 2242 1018 2318 patris
1032 2243 1076 2298 tui
1089 2240 1170 2299 locus
1190 2261 1248 2320 quo
1260 2244 1366 2320 possim
1382 2242 1544 2301 divertere?
1555 2246 1594 2291 ²³·

784 2387 819 2425 m
826 2329 901 2401 Quid
915 2330 961 2388 illa
973 2329 1010 2390 ad
1024 2330 1104 2390 lure?
1120 2331 1256 2391 Patienter
1268 2354 1300 2390 ae
1314 2346 1451 2392 mansuete
1463 2355 1544 2392 suum

144 2420 262 2480 θίτεκεν
273 2424 311 2502 τῷ
326 2422 436 2504 Ναχώρ·
453 2421 497 2482 καὶ
509 2424 597 2504 ἄχυρα
612 2423 657 2483 καί
673 2425 771 2505 χορτά-
792 2446 810 2487 ,ι
827 2435 930 2501 patrem
950 2421 1063 2483 indicat.
1087 2422 1147 2481 Non
1171 2422 1242 2481 dixit
1261 2422 1462 2503 indignabunda
1477 2426 1544 2484 :Tu

144 2510 194 2572 λλδ
214 2516 280 2593 παρ’
299 2517 374 2591 ἡμῖν,
394 2514 440 2574 καί
453 2512 531 2582 τόπος
551 2524 596 2577 τοῦ
617 2521 773 2580 καταλῦσαι.

144 2604 163 2663 τὶ
181 2610 230 2664 τοῦ
241 2604 352 2681 ύδατος,
366 2608 445 2668 πλέον
466 2599 502 2667 ὧν
522 2609 619 2688 ᾔτησεν
633 2611 744 2671 ἔδωκεν
761 2617 775 2673 ό

149 2706 223 2757 πιεῖν
233 2699 320 2773 ᾔτησε
331 2700 420 2778 μόνον,
431 2708 449 2775 ἡ
462 2701 548 2761 δὲκαὶ
570 2701 618 2769 τδις
641 2706 777 2782 καμήλους

144 2790 270 2866 ποτίζειν,
289 2792 336 2850 καί
350 2792 482 2853 ἐπότισεν·
494 2793 563 2852 οὕτω
582 2795 626 2853 καλ
648 2800 773 2858 ἐνταῦθα·

144 2882 268 2964 ονγῖτησε
284 2882 372 2961 μόνον,
383 2889 400 2957 ἡ
413 2884 496 2944 δὲκαὶ
509 2886 595 2969 ἄχυρα
609 2888 654 2948 καὶ
673 2890 775 2970 Ιγγορτά-

144 2972 156 3033 i
176 2974 248 3035 θιλα
263 2973 364 3051 πολλὰ,
383 2976 427 3036 διά
444 2977 543 3037 τούτων
567 2980 674 3040 πάντων
697 2981 775 3042 αὐτὸν

144 3064 199 3141 ivn,
218 3067 266 3127 καί
276 3068 343 3151 πρδς
357 3067 406 3141 τὴν
423 3070 508 3130 οἰκίαν
524 3070 656 3147 ἕλκουσα,
671 3071 715 3131 ἵνα
730 3071 775 3131 τὸν

144 3156 213 3227 ινίας
236 3160 415 3241 καρπώοηται
438 3162 539 3240 μισθόν.
562 3166 656 3224 Ταῦτα
684 3164 711 3223 δὲ
736 3166 774 3243 μὴ

828 2535 891 2573 reto
907 2514 968 2593 quis
985 2536 1013 2573 es
1025 2528 1079 2573 tam
1093 2514 1214 2574 curiosus
1229 2516 1491 2597 pe1·oontatorotiarn
1510 2516 1546 2576 de

826 2606 923 2666 nostris
938 2605 1064 2667 adibus?
1078 2606 1125 2668 sed
1139 2606 1226 2685 quid?
1240 2609 1322 2668 Filia
1336 2629 1399 2667 sum
1414 2611 1545 2669 Batliuc-
1558 2631 1591 2674 ta.
1605 2646 1626 2674 v.
1640 2631 1678 2685 ι’..

828 2699 936 2781 lisstlii
948 2702 1085 2773 Melcleae,
1102 2722 1186 2780 quem
1202 2702 1334 2760 Narbori
1343 2705 1463 2783 peperit.
1480 2704 1544 2761 Pa·
1555 2692 1595 2739 ²⁵·

828 2791 941 2849 lectrum
956 2813 1070 2874 quoque
1087 2806 1114 2850 et
1126 2794 1201 2873 [σοι’
1218 2792 1298 2873 opud
1311 2813 1362 2853 uos
1379 2806 1423 2853 est
1448 2798 1544 2875 copia,

827 2896 855 2942 et
881 2885 961 2945 locus
977 2887 1018 2944 ad
1040 2886 1252 2944 divertendum.
1271 2883 1349 2945 Sicut
1368 2899 1546 2966 anteaquam

827 2976 926 3058 petenti
940 2978 1090 3058 plusquam
1102 2989 1220 3058 posceret
1232 2976 1330 3036 obtulit
1340 3001 1347 3034 τ
1357 3000 1419 3038 nam
1430 3000 1492 3038 cum
1500 2978 1546 3039 ille

827 3084 921 3149 potum
935 3069 987 3128 sibi
1001 3070 1051 3129 soli
1065 3070 1192 3150 petiisset,
1211 3069 1292 3128 etiarn
1307 3070 1416 3131 camelis
1429 3092 1458 3131 se
1475 3094 1544 3152 prae·

825 3163 947 3222 bituram
954 3175 993 3221 cst
997 3161 1127 3242 pollicita,
1139 3175 1164 3220 et
1174 3160 1393 3243 uticprepra‘buit
1402 3163 1454 3224 :sic
1463 3164 1544 3224 etiam

148 3250 221 3329 μηδέ
237 3252 329 3322 άπλῶς
343 3252 491 3333 ἀκούωμεν,
513 3258 572 3315 ἀλλ’
592 3260 664 3334 ἡμᾶς
683 3255 775 3326 αὐτούς
820 3244 871 3313 laic
881 3254 1026 3334 requirenti
1038 3252 1223 3312 tantummodo
1235 3253 1425 3331 diversorium,
1436 3255 1545 3337 insuper

144 3342 177 3415 θς
192 3346 355 3418 ύννοοῦντις,
373 3346 419 3407 καὶ
434 3347 533 3418 τούτοις
547 3350 773 3432 παραόάλλοντες,

144 3436 219 3519 ’μοθα
238 3438 290 3512 τήν
308 3438 405 3521 ἀρετὴν
419 3444 467 3513 τῆς
483 3444 615 3519 γυναικός.
639 3444 775 3512 Πολλάκις

825 3347 859 3405 de
874 3346 957 3428 paleis
969 3368 1001 3405 ac
1014 3347 1084 3405 loeno
1098 3345 1238 3427 prospicit,
1256 3347 1343 3426 deque
1357 3346 1418 3407 aliis
1431 3348 1543 3421 multis,

825 3437 946 3497 alliciens
965 3458 1028 3497 eum
1049 3436 1091 3495 lris
1111 3436 1246 3509 omnibus,
1269 3451 1295 3496 et
1309 3437 1420 3496 domum
1435 3453 1544 3519 pertra-

144 3530 226 3611 ,ίμως
244 3531 319 3601 τινὰς
339 3532 385 3593 καὶ
405 3534 569 3608 ἐπιτηδείως
586 3536 774 3617 ὑποδεχόμενοι
792 3546 810 3592 B
826 3530 902 3602 bens,
920 3543 950 3587 ut
965 3527 1158 3609 hospitalitatis
1166 3529 1285 3586 fructum
1300 3544 1326 3588 et
1337 3530 1486 3589 mercedem
1501 3552 1546 3589 ca·

144 3648 215 3705 ιγιιν,
234 3624 286 3684 κᾶν
306 3624 370 3704 μίαν
384 3625 402 3698 ἢ
416 3626 540 3709 δευτέραν
564 3628 667 3710 ἡμέραν
688 3629 773 3689 ἔνδιοι·

144 3714 326 3799 βαρυνόμεθα·
341 3716 408 3790 αὕτη
421 3716 448 3777 δὲ
459 3717 504 3777 τὀν
519 3723 624 3799 ἀγνῶτα
643 3720 689 3780 καὶ
704 3719 773 3789 ξένον

144 3810 180 3883 ῆς
189 3810 229 3877 εἰς
242 3807 290 3881 rip
302 3807 387 3869 οἰκίαν
402 3800 472 3869 εἷλκε
484 3815 532 3882 τῆς
549 3810 711 3893 προθυμίας,
728 3813 774 3872 καί

155 3902 233 3981 αύτῷ
246 3898 335 3979 μόνον,
350 3901 417 3962 illl
430 3900 475 3961 καὶ
488 3903 619 3980 καμηλοις
633 3901 774 3971 τοσαύταις

144 3990 269 4073 πράξειν
277 3990 327 4064 τὴν
338 3993 489 4073 θεραπείαν.
499 3994 611 4068 Ἐπειδὴ
624 3994 651 4055 δὲ
659 3998 773 4071 εἰσῆλθε,

144 4088 224 4147 roto
241 4086 344 4165 μᾶλλον
358 4087 437 4148 αὐτοῦ
455 4086 503 4160 τὴν
526 4086 638 4148 σύνεσιν.
657 4087 704 4156 Ὡς
722 4088 774 4171 γάρ

145 4184 243 4259 φαγεῖν
256 4180 330 4261 αύτῷ
344 4176 454 4261 ἄρτοις,
470 4179 565 4259 φησίν·
581 4182 622 4240 Οὖ
636 4180 674 4259 μὴ
688 4180 774 4263 φάγω,

144 4270 243 4343 πλείτω
254 4269 289 4330 τά
301 4269 411 4353 ῥήματά
422 4296 483 4351 μου.
498 4264 574 4341 Εἶδες
585 4276 641 4342 πῶς
651 4266 684 4348 ἦν
698 4278 774 4355 ἐγρη·

144 4360 152 4421 l
173 4360 280 4443 νήραινς
304 4352 386 4437 Εἶτα,
405 4361 496 4435 ἐπειδὴ
518 4365 600 4424 εἰπεῖν
617 4365 775 4447 ἐπέτρεψαν,

144 4456 269 4523 statem
283 4454 441 4535 διαλέγεται.
453 4444 521 4538 Ἆρα
532 4461 618 4516 ταῦτα
633 4449 691 4517 εἷπε
708 4459 774 4539 πρδς

827 3622 891 3704 piat.
908 3620 974 3680 llaec
992 3633 1082 3679 autem
1096 3640 1148 3679 non
1162 3619 1259 3697 obiter,
1283 3640 1367 3700 neque
1381 3621 1546 3702 negligenter

825 3713 985 3793 audiamus,
1009 3711 1058 3771 sed
1072 3712 1248 3793 nosmetipsos
1263 3713 1479 3789 considerantes,
1510 3715 1547 3775 ad

827 3807 877 3867 lroe
895 3806 1050 3887 exemplum
1068 3806 1303 3866 conseramuszsie
1322 3807 1393 3866 enim
1416 3807 1547 3889 intellige·

825 3919 886 3958 mus
900 3899 1029 3959 virtutem
1042 3896 1126 3978 bujm
1138 3896 1253 3956 femina.
1267 3900 1457 3980 Saepenumero
1471 3915 1547 3962 notos

826 3989 930 4068 aliquos
942 4002 968 4050 et
983 3989 1145 4049 necessarios
1159 3988 1322 4070 excipientes
1337 4013 1407 4071 agre
1421 3992 1544 4071 serimus,

825 4096 851 4141 et
865 4103 1021 4163 gravamur,
1034 4081 1057 4141 si
1069 4102 1154 4140 uuum
1165 4095 1211 4140 ant
1221 4080 1335 4140 alterum
1347 4083 1417 4142 diem
1429 4105 1547 4144 eommo-

828 4175 879 4233 rati
900 4174 1018 4251 sraerint3
1043 4172 1101 4233 baec
1117 4187 1206 4232 autem
1225 4173 1347 4253 ignotum
1369 4189 1395 4233 et
1413 4174 1555 4257 hospitem·

825 4285 922 4344 magna
938 4265 1076 4324 alacritate
1094 4261 1206 4322 domurn
1224 4263 1374 4343 pertraxit,
1394 4266 1546 4345 prasertim

827 4378 889 4416 eum
900 4376 953 4415 nou
966 4355 1018 4437 ipsi
1030 4355 1092 4430 soli,
1111 4353 1156 4414 sed
1168 4366 1207 4413 tot
1221 4354 1329 4414 camelis
1347 4354 1426 4414 etiam
1440 4358 1549 4416 ollerret

828 4469 921 4508 curam
937 4460 963 4507 et
980 4446 1170 4507 ministerium.
1192 4447 1337 4525 Postquam
1355 4461 1445 4507 autem
1460 4449 1547 4508 iutro·
1613 4504 1616 4511 .

156 4544 288 4629 ΜΡΝ,
310 4545 352 4607 g„
369 4548 498 4623 amam,
511 4548 568 4630 btv
582 4554 714 4632 mmmm,
727 4552 773 4611 καὶ
790 4572 809 4620 C
827 4560 933 4620 gressus
944 4555 984 4599 est
996 4538 1158 4620 hospitium,
1171 4538 1226 4618 jam
1242 4539 1328 4619 magis
1339 4540 1477 4600 considera
1492 4563 1546 4601 ser-

156 4636 235 4721 παρθ
256 4639 365 4700 πάντων
390 4638 550 4721 τιμώμενον,
577 4646 677 4715 πολλῆς
698 4644 772 4725 παρὰ

144 4730 215 4813 plor
246 4731 389 4815 προεδρίας
414 4733 600 4810 ἀπολαύοντας
631 4736 718 4795 καίτοι
743 4761 773 4818 γε

144 4824 213 4884 ἱλετο
222 4830 306 4884 ταῦτα
323 4826 416 4899 εἰπεῖν,
428 4829 475 4885 ούκ
489 4826 520 4884 ἂν
526 4825 646 4908 ἠπόρησε
666 4827 711 4887 καί
723 4827 774 4909 γάρ

144 4916 264 4985 ασιλέως
289 4917 368 4977 αύτθν
381 4921 406 4976 ol
419 4917 558 4999 ἐπιχώριοι
584 4919 691 4998 ἐτίμων.
702 4920 773 4980 Ἀλλ’

144 5007 277 5071 ντούτων
289 4998 373 5081 εἶπεν,
389 5009 458 5069 ἀλλὰ
473 5010 507 5071 rb
521 5011 672 5092 ἀνθρώπινα
688 5016 773 5071 ταῦτα

144 5106 154 5163 ἰ
171 5106 223 5175 τῆς
240 5102 342 5162 ἄνωθεν
354 5102 431 5162 αύτδν
449 5106 532 5183 ῥοπῆς
547 5104 695 5183 ἐκόσμησεν
705 5104 773 5165 ούτω

144 5202 177 5263 ιῑς
190 5192 319 5275 ’Λύραδμ
330 5192 382 5273 ἐγώ
394 5197 458 5272 είμι·
477 5193 570 5274 Κύριος
587 5197 714 5277 εύλόγησε
730 5197 773 5257 τὸν

144 5314 149 5343 ι
171 5286 291 5368 σρόδρα,
313 5286 358 5344 καὶ
382 5284 488 5367 blidin,
513 5288 560 5346 καί
584 5288 680 5348 ἔδωκεν
701 5292 773 5370 αύτῷ

827 4634 854 4693 vi
872 4632 1055 4714 prudentiam.
1077 4631 1207 4712 Apposita
1226 4630 1297 4690 enim
1321 4653 1423 4708 mensa,
1445 4634 1544 4714 inquit,

827 4727 895 4783 Νοπ
906 4727 987 4803 prius
999 4725 1095 4781 cibum
1106 4724 1221 4801 capiam
1234 4742 1323 4801 quom
1337 4722 1442 4803 loquar
1451 4727 1545 4784 uerbo
1557 4754 1615 4798 6,,
1625 4751 1663 4813 ²l·

827 4837 902 4875 mea.
935 4813 1009 4878 Vide
1027 4834 1107 4892 quam
1133 4811 1249 4893 vigilans
1268 4813 1349 4874 fuerit
1369 4828 1396 4874 et
1418 4813 1595 4877 sobriustss

828 4909 1079 4989 Deindepostquam
1089 4903 1296 4986 permissomest
1304 4906 1329 4965 ei
1338 4906 1436 4985 dicere,
1455 4910 1546 4971 videa·

828 5023 887 5060 rum
900 4999 1036 5080 quomodo
1056 4996 1116 5056 illos
1130 4996 1287 5075 alloquitur.
1306 5000 1380 5059 Num
1397 5001 1448 5061 ista
1462 5004 1546 5064 verba

827 5095 862 5153 ad
881 5115 925 5153 eos
944 5090 1041 5151 dixit:
1064 5089 1159 5149 lienam
1184 5110 1212 5148 se
1240 5090 1338 5151 babere
1362 5092 1496 5156 illustrem
1520 5110 1547 5157 et

828 5182 1021 5266 splendidum,
1056 5181 1217 5241 honoratum
1237 5180 1273 5240 ab
1290 5183 1428 5260 omnibus,
1455 5187 1545 5248 virum

829 5308 932 5368 magna
946 5282 1112 5345 arrctoritatis
1124 5281 1196 5363 apud
1209 5282 1281 5346 cives
1294 5285 1419 5368 regionis,
1444 5288 1471 5348 in
1492 5306 1546 5369 epta
