3764 5992
744 493 923 543 EPlS'mLE·
1268 518 1271 523 ·
1535 505 1601 578 797

63 621 150 680 πάντα
169 623 387 700 πολιορκοῦντος,
399 625 447 693 τῆς
467 630 563 702 μικρῦις
576 620 674 691 ταύτης
694 618 739 678 καί
763 618 834 677 εὖτε·
888 622 975 676 tecum
990 639 1078 698 agam,
1092 639 1126 680 ne
1137 642 1193 700 eos,
1209 621 1335 703 aquibus
1348 644 1481 705 amantur,
1496 627 1604 709 probris

63 715 122 780 λοῦς
135 714 182 773 οὐκ
196 711 359 791 ἐπετύχομεν
374 713 496 792 ,χάριτος
508 711 577 780 Δόξα
597 714 636 789 τῷ
653 713 716 789 Θεῷ
730 709 775 768 καί
790 707 834 767 διδ
888 729 1015 788 umquam
1030 709 1153 771 insectari
1163 711 1286 791 desistas,
1299 715 1603 794 quodeumtutamiuos

10 801 14 832 ³
63 811 149 863 τοῦτο.
166 807 207 863 Οὐ
226 803 365 880 παυόμεθα
375 803 427 883 γὰρ
442 802 520 862 αὐτὸν
533 803 578 862 ἐπὶ
594 811 661 860 πᾶσι
675 799 832 870 δοξάζοντες.
887 801 1019 880 tantisque
1031 802 1128 883 opibus
1138 818 1164 864 et
1175 808 1293 886 potentia
1306 808 1603 889 praeditos'habeamus,

10 894 16 928 ²
63 895 115 967 Είη
138 895 274 973 τὸόνομα
295 897 376 954 αὐτοῦ
395 893 571 974 εύλυγημίνον
592 896 629 962 είς
651 893 716 960 τούς
728 895 833 959 αἰῶνας.
887 891 961 952 haud
970 908 1059 954 tamen
1067 895 1139 955 illud
1148 899 1305 977 consequuti
1316 922 1420 977 sumus,
1433 902 1603 981 quodetiam

10 987 18 1019 ²
61 986 138 1047 Πολύ
152 987 179 1047 δὲ
194 986 341 1066 ἐξεπλάγην
355 986 444 1047 καὶτὸ
462 987 518 1061 σὸν,
540 985 581 1045 ὅτι
592 984 721 1066 τετάρτην
734 982 833 1056 ταύτην
848 1006 868 1055 c
886 982 1006 1042 scelerati
1026 983 1148 1044 homines
1167 986 1322 1068 impetrare
1339 1011 1436 1072 nempe
1449 1005 1481 1052 ut
1499 993 1528 1054 in
1546 993 1610 1054 sni-⁷
1659 1009 1662 1020 '

62 1080 231 1152 ἐπιστολήνῆ
242 1080 288 1139 καὶ
301 1079 427 1156 πέμπτην
438 1077 607 1146 ἐπεσταλκὼς
617 1081 652 1157 τῇ
664 1075 777 1137 διαθέσει
787 1100 834 1137 σου
887 1072 954 1132 tiore
967 1094 999 1133 ac
1007 1075 1202 1156 propinquiore
1216 1077 1309 1158 aliquo
1319 1079 1378 1140 loco
1390 1082 1601 1145 collocaremur:

10 1176 16 1208 ²
62 1173 107 1231 >tal
121 1177 156 1251 τῇ
169 1171 339 1249 κοσμιότητι,
355 1171 418 1249 μίαν
429 1170 559 1248 ἐδεξάμην
572 1170 618 1230 καλ
633 1168 725 1246 μόνην.
736 1168 835 1229 Καίτοι
871 1186 993 1239 terum,
1016 1188 1127 1249 corpore
1148 1171 1230 1231 etiam
1250 1171 1328 1232 nobis
1343 1175 1403 1255 jam
1424 1176 1510 1236 fracto
1523 1189 1603 1256 atque

10 1250 14 1255 ⁵
61 1270 141 1324 τοῦτο
159 1262 298 1330 δυσκολίας
319 1266 367 1324 οὐκ
381 1255 424 1337 ἦν,
445 1263 477 1322 τό
500 1261 662 1323 ἐπιστέλλειν
682 1261 834 1342 συνεχέστε-
886 1259 1021 1336 consecto,
1033 1274 1059 1319 et
1073 1261 1227 1328 Isaurorum
1241 1279 1342 1326 terrore
1354 1265 1445 1326 omnia
1456 1267 1603 1346 obsidente,

63 1381 117 1439 ρον.
131 1354 184 1414 Καὶ
201 1361 285 1414 ταῦτα
305 1358 352 1414 οὐκ
366 1357 484 1433 ἐγκαλῶν
509 1376 552 1413 σοι
572 1351 700 1433 λέγωτὸ
721 1353 774 1433 γδρ
787 1358 835 1426 τῆς
886 1351 985 1430 exigua
998 1374 1106 1433 quoquo
1123 1369 1150 1414 et
1163 1356 1226 1418 vilis
1239 1356 1298 1417 hac
1312 1357 1400 1439 gratia
1415 1359 1494 1420 nobis
1507 1374 1612 1439 negata·
1625 1376 1638 1389 ·
1656 1388 1659 1393 ·

10 1460 14 1466 '
62 1448 169 1528 ἀγάπης
183 1449 230 1506 οὐκ
243 1444 314 1507 ἔστιν
329 1446 459 1526 ἀνάγκης,
471 1444 541 1506 ἀλλὰ
555 1445 741 1527 προαιρέσεως.
755 1445 835 1505 Ἀλλὰ
886 1455 933 1502 est.
950 1443 1008 1504 Huc
1021 1467 1128 1524 quoque
1140 1448 1249 1508 nomine
1260 1448 1312 1509 Dei
1328 1450 1414 1530 gloria
1426 1450 1600 1532 predicetur.

62 1541 164 1621 σρόδρα
179 1542 268 1618 ἀλγῶ,
282 1538 323 1597 ὅτι
338 1537 431 1618 ἀθρόον
446 1537 835 1617 ἐξέθαλεςὴμδςτῆςδιανοίας
887 1534 1063 1613 Ncqueeuim
1077 1538 1101 1597 ei
1116 1553 1225 1621 propter
1241 1540 1330 1600 omnia
1345 1541 1460 1621 gloriam
1474 1542 1613 1608 exhihere
1646 1597 1649 1608 .

60 1638 111 1702 τῆς
123 1629 308 1703 σῆς,ἓνούτω
317 1628 405 1709 χρόνῳ
420 1634 516 1710 μακρῷ
530 1628 593 1708 μίαν
605 1629 836 1710 ἡμίν“πέμνίνασα
887 1623 1045 1689 desinimus.
1070 1631 1114 1690 Sit
1147 1655 1252 1693 nomen
1275 1638 1337 1715 ejus
1365 1636 1548 1698 benedictum
1570 1638 1602 1694 t'n
1611 1658 1666 1711 1οη,
1681 1671 1700 1704 1,
1715 1671 1753 1703 ῃ,

61 1722 214 1794 ἐπιστολήν.
229 1724 264 1782 Et
283 1721 369 1782 τοίνυν
385 1721 466 1800 μηδὲν
491 1721 613 1802 φορτικὸν
635 1721 702 1800 μηδὲ
720 1723 836 1804 ἐπαχθὲς
887 1721 1009 1781 soecula.
1024 1724 1066 1781 De
1077 1736 1103 1781 te
1113 1745 1177 1784 vero
1191 1726 1262 1786 illud
1271 1728 1441 1802 vehementer
1452 1749 1513 1788 sum
1524 1727 1603 1787 mira·

61 1819 196 1891 αἰτοῦμεν,
209 1819 287 1872 τοῦτο
296 1820 361 1891 ἡμῖν
372 1814 489 1894 πάρεχε,
504 1805 534 1873 ού
547 1812 579 1873 σθ
590 1813 668 1893 κυρία
680 1805 719 1889 εί,
732 1813 778 1872 καλ
792 1813 836 1873 ἐπὶ
886 1826 949 1892 tus,
966 1813 1039 1892 quod
1047 1860 1057 1893 ,
1078 1837 1140 1875 cum
1155 1831 1280 1896 quartam
1291 1821 1350 1900 jam
1363 1821 1444 1901 hanc,
1462 1821 1614 1881 autetiam

62 1908 104 1964 σοὶ
125 1908 297 1965 astruelda
317 1904 369 1985 γδρ
387 1906 475 1965 ἄλλων
488 1906 575 1966 ἕνεκεν
596 1910 644 1967 οὐκ
669 1908 836 1987 ἐνοχλοῦμεν,
851 1918 870 1964 Ι)
886 1907 1010 1985 quintam
1025 1908 1166 1989 epistolam
1184 1909 1220 1970 ad
1238 1925 1265 1970 te
1278 1911 1415 1989 miserim,
1436 1912 1544 1974 unicam
1560 1926 1616 1972 tam

60 2000 105 2056 ίνα
122 1999 159 2076 μὴ
174 2000 238 2076 πρὸς
253 2001 292 2077 τῷ
311 1997 392 2075 μηδδν
404 1997 491 2058 ἀνύειν
506 1998 551 2058 καλ
567 1998 687 2079 ρορτικοί
707 2022 775 2066 τινις
791 1999 834 2059 δυ’·
887 2020 948 2059 rnen
972 1998 1115 2061 dumtaxat
1131 2003 1230 2084 accepi.
1259 2005 1340 2084 Atqui
1364 2006 1462 2087 sapius
1486 2005 1613 2066 scribere

63 2090 150 2167 ξωμεν
164 2088 208 2148 καὶ
220 2093 343 2170 ἐπαχθεῖς
356 2081 423 2149 εἶναί
437 2112 486 2150 σοι.
700 2125 703 2132 ·
887 2092 998 2152 minime
1011 2092 1124 2154 difficile
1139 2109 1204 2157 erat.
1218 2097 1377 2178 llaeporro
1390 2119 1446 2159 non
1455 2097 1601 2160 aecusandi

886 2185 977 2244 animo
997 2185 1058 2246 dioc
1081 2209 1088 2244 ι
1110 2187 1229 2248 caritatis
1253 2189 1325 2249 enim
1345 2189 1604 2253 officiarvolan'tatis
1653 2212 1756 2260 camnis

888 2290 966 2352 suot,
994 2298 1045 2338 non
1066 2279 1240 2340 necessitatis.
1265 2284 1370 2342 Verum
1384 2281 1456 2343 illud
1471 2303 1524 2347 me
1534 2283 1604 2344 male
1613 2272 1693 2319 ancia.

887 2370 978 2447 babet,
992 2370 1064 2449 quod
1075 2391 1118 2430 me
1128 2391 1163 2430 en
1175 2370 1266 2432 animo
1279 2384 1327 2432 tuo
1338 2374 1477 2435 multatim
1485 2373 1603 2454 ejecisti:
1706 2369 1710 2377 “

887 2477 918 2522 ιιι
930 2484 991 2542 quae
1004 2477 1060 2522 tam
1073 2463 1154 2543 longo
1165 2477 1285 2545 tempore
1297 2486 1380 2526 unam
1392 2465 1535 2527 dumtaxat
1547 2466 1606 2547 epi·

887 2556 983 2614 stolam
992 2554 1027 2615 ad
1036 2577 1078 2615 me
1087 2556 1200 2616 miseris.
1212 2557 1356 2634 Quocirca,
1369 2558 1392 2619 si
1402 2558 1472 2620 nihil
1484 2579 1605 2639 graveac

887 2647 1030 2706 molestum
1039 2647 1087 2707 ahs
1097 2662 1124 2708 te
1133 2649 1260 2729 petimus,
1270 2649 1324 2709 hoc
1334 2649 1411 2710 nobis
1420 2652 1521 2732 praebe,
1530 2651 1605 2731 qood

887 2740 925 2798 toi
940 2738 1048 2799 arbitrii
1059 2753 1108 2817 est,
1121 2754 1227 2820 tuaque
1241 2743 1388 2823 potestatis.
1401 2745 1471 2803 Nam
1481 2743 1516 2803 de
1526 2758 1602 2804 cete·
1680 2747 1683 2751 ’

885 2832 922 2890 ris
936 2832 1017 2892 rebus
1038 2831 1108 2892 nihil
1128 2833 1178 2893 tibi
1193 2834 1293 2914 negotii
1312 2836 1412 2897 lacesso
1424 2860 1430 2894 :
1442 2857 1477 2896 oe
1490 2850 1603 2919 praeter-

885 2944 967 3001 quam
988 2922 1061 3003 quod
1085 2923 1155 2984 nihil
1179 2926 1450 3006 proficiam„etiam
1466 2927 1557 3009 gravis
1576 2940 1617 2987 ets

884 3015 1119 3094 importunustibi
1132 3016 1303 3080 etsevidear.
1381 3042 1385 3050 ’

335 3292 402 3375 ρκα’.
417 3292 562 3375 ιι’λροιόίιμ
1108 3283 1218 3344 CXXI.
1234 3284 1359 3346 Arabio.
1397 3320 1413 3384 γ-

10 3466 15 3476 ’
102 3479 159 3548 Τὴν
181 3477 292 3556 κάμινον
314 3483 361 3550 τῆς
376 3478 488 3556 ἀθυμίας
496 3479 545 3552 ,ἢν
559 3477 604 3537 ἐπὶ
623 3479 670 3549 τῆς
684 3481 770 3560 ψυχῆς
786 3504 832 3539 πε·
926 3477 1051 3538 Maeroris
1063 3479 1209 3550 lonnoem,
1224 3498 1306 3557 quam
1318 3478 1354 3538 ob
1366 3497 1407 3553 ea,
1426 3498 1486 3561 quae
1500 3476 1600 3538 adver·
1629 3497 1753 3554 λοιιηυιιιι

10 3558 17 3592 ²
64 3570 177 3648 μιρὲρεις
190 3568 257 3649 ὑπὲρ
269 3572 322 3629 τῶν
340 3572 375 3637 εἷς
388 3576 460 3646 ἡμᾶς
472 3568 663 3649 γεγενημένων,
680 3570 833 3651 σαφέστατα
887 3592 947 3629 sum
960 3590 1008 3629 nos
1026 3583 1178 3650 perpetrata
1192 3583 1265 3647 suot,
1279 3569 1370 3628 animo
1383 3568 1548 3645 circumfers,
1567 3589 1612 3628 ex·
1630 3560 1756 3664 '3¹:232

12 3654 17 3661 ’
63 3657 159 3725 ἔδειξεν
176 3665 241 3736 ἡμῖν
255 3660 286 3718 τὸ
305 3659 418 3738 γράμμα
432 3660 462 3719 τδ
480 3659 590 3733 σδν,καὶ
604 3660 656 3740 πρὸ
674 3660 767 3721 τούτου
785 3660 833 3740 μὲν
886 3660 940 3720 tuis
954 3659 1040 3718 literis
1052 3658 1221 3739 apertissime
1234 3657 1406 3737 eognovitet
1418 3656 1528 3736 quidem
1541 3669 1601 3716 ante
1611 3697 1668 3728 anno
1678 3682 1734 3740 404,

10 3746 18 3779 ³
63 3748 256 3826 ἐπισταμένοις.
270 3752 312 3810 Οὐ
333 3750 386 3830 γὰρ
410 3749 575 3829 δυνησόμεθα
596 3752 768 3812 ἐκλαθέσθαι
787 3756 835 3825 τῆς
850 3766 869 3814 n
883 3754 941 3833 jam
956 3772 1092 3812 mveram.
1112 3752 1206 3828 Neque
1223 3749 1295 3809 enim
1314 3748 1372 3810 vim
1391 3769 1450 3808 eam
1465 3747 1601 3830 lacryma·

10 3842 16 3873 ²
63 3843 152 3918 πηγῆς
162 3844 214 3899 τῶν
229 3841 359 3923 δακρύων,
372 3842 404 3914 ἥν
426 3843 454 3900 έν
471 3842 542 3923 ἀρχῇ
560 3845 613 3902 τῶν
633 3845 723 3903 κακῶν
736 3843 834 3904 τούτων
887 3865 968 3920 rum,
986 3862 1068 3921 quam
1082 3861 1143 3900 cum
1158 3840 1278 3921 primum
1291 3839 1350 3899 haec
1363 3839 1434 3899 mala
1451 3853 1604 3900 tererentur

10 3932 18 3965 ⁵
63 3932 245 4009 θραυομένων
256 3933 351 4013 ἠρίεις.
361 3934 439 4007 Πλὴν
459 3933 588 4010 ἀλλδικαλ
608 3938 626 4005 ἡ
641 3936 768 4010 ἐπιστολὴ
781 3941 835 3997 τῶν
886 3933 1078 4017 profundebas,
1089 3952 1219 4011 umquam
1229 3930 1355 3991 oblivisci
1370 3930 1527 4011 poterimus.
1544 3930 1603 3991 Cae·

63 4025 183 4103 δακρύων
197 4029 245 4086 οὐκ
259 4027 368 4086 ἔλαττον
381 4027 494 4087 καὶτῶν
514 4029 634 4110 ὀδυρμῶν
649 4028 755 4089 ἐκείνων
770 4031 834 4089 ἀπε·
886 4044 974 4087 terum
995 4025 1108 4109 epistola
1128 4044 1235 4104 quoque
1257 4035 1303 4083 tua
1320 4043 1373 4083 non
1389 4023 1498 4101 minus,
1520 4042 1603 4101 quam

64 4114 165 4194 κάλυψε
176 4117 225 4187 τὴν
240 4117 326 4197 φλόγα
344 4122 391 4190 τῆς
408 4117 494 4192 λύπης
506 4123 581 4197 ἡμῖν,
600 4124 667 4193 οτῆς
680 4122 706 4179 ἕν
720 4124 753 4200 τῇ
768 4144 834 4203 καρ-
887 4121 941 4180 illae
957 4118 1076 4179 lacrima
1091 4139 1124 4178 ae
1144 4116 1277 4198 gemitus,
1302 4115 1425 4177 moeroria
1443 4115 1579 4176 llammam
1589 4160 1607 4188 ,,

64 4206 106 4284 δίη
121 4213 154 4287 τῇ
176 4212 221 4288 σῇ.
231 4209 341 4269 Τούτων
354 4210 488 4293 προσδόκα
511 4210 558 4279 τὰς
577 4212 692 4290 ἀμοιόδς
704 4213 778 4296 παρδ
790 4219 835 4273 ταῦ
887 4235 948 4293 quae
960 4211 987 4270 io
999 4209 1256 4292 cortuumirrepsit,
1266 4209 1344 4269 nobis
1354 4207 1488 4291 patefecit.
1498 4207 1603 4267 Horum

64 4299 249 4381 φιλανθρώπου
265 4303 345 4362 Θεοῦ.
359 4302 440 4362 Ἔστι
452 4303 505 4383 γδιρ
524 4303 570 4363 καὶ
580 4303 665 4377 λύπης
687 4307 779 4384 μισθὸς
790 4306 835 4366 καλ
888 4320 918 4366 to
932 4303 1082 4367 mercedun
1095 4325 1110 4362 a
1124 4302 1241 4383 benigno
1254 4303 1311 4363 Deo
1324 4315 1466 4383 exspecta:
1479 4313 1518 4360 est
1531 4299 1608 4360 enim

64 4389 146 4470 μέγας
156 4392 201 4450 καί
211 4391 301 4460 πολύς.
311 4392 389 4453 Ἐπεὶ
398 4393 444 4453 καλ
453 4395 498 4453 έπδ
508 4394 660 4455 Ἰουδαϊκῶν
669 4401 758 4457 κακῶν
769 4389 838 4470 λαόν
888 4398 969 4459 etiam
979 4396 1102 4458 moeroris
1113 4416 1214 4455 merces
1222 4408 1408 4475 magnaatque
1417 4391 1517 4472 ampla.
1532 4392 1602 4451 Nam
1613 4398 1701 4444 Maron
1714 4413 1753 4442 ιω

62 4506 131 4548 τινες
139 4528 147 4556 ν
159 4483 183 4542 Οἳ
197 4483 232 4543 τὰ
247 4483 372 4564 Υῑδόμῑνα
390 4488 454 4568 παρ’
467 4489 553 4546 αὐτῶν
573 4488 714 4568 διορθῶσαι
728 4487 775 4566 μδν
790 4493 880 4570 οὔκω,
889 4505 916 4552 et
934 4512 967 4551 eo
980 4504 1099 4572 tempore
1106 4533 1116 4565 ‚
1138 4510 1193 4568 quo
1207 4486 1279 4568 apud
1299 4484 1408 4548 Judaeos
1423 4483 1491 4547 vitia
1505 4483 1604 4565 ssagra-
1613 4469 1745 4507 '¹¹⁰“⁶¹⁰⁵¹'

63 4573 205 4648 ἠδύναντο,
216 4575 318 4635 ἔστενον
328 4576 355 4638 δὲ
368 4578 446 4656 μόνον
455 4577 501 4638 καλ
512 4578 644 4662 ἐθρήνουν,
656 4579 702 4639 καί
713 4581 836 4653 τοιαύτην
852 4589 873 4637 λ
887 4585 966 4658 bant,
991 4579 1115 4643 nonnulli
1133 4592 1220 4656 erant,
1240 4578 1288 4657 qui
1306 4599 1368 4637 eum
1392 4597 1486 4637 eorum
1504 4576 1603 4638 scelera

63 4664 255 4744 ἐκαρπώσαντο
266 4665 314 4738 τλν
334 4667 463 4747 ἀμοιύὴν,
476 4673 512 4737 uc
531 4675 583 4731 τῶν
603 4672 692 4732 τίλλων
712 4672 836 4734 ἁπάντων
888 4674 1021 4754 corrigere
1033 4693 1085 4733 non
1103 4683 1221 4751 possent,
1234 4670 1310 4729 luctu
1319 4668 1463 4729 dumtaxat
1476 4684 1502 4729 et
1514 4669 1604 4752 lacry-

10 4770 17 4805 ι·
63 4757 263 4834 ἀπολλυμένων,
277 4759 323 4818 καὶ
337 4761 506 4843 πανωλεθρία
525 4764 751 4844 παραδιδομένων,
767 4765 837 4825 ἐκεί·
888 4768 940 4827 mis
953 4787 984 4825 ea
996 4762 1245 4846 prosequebantur,
1262 4774 1341 4840 atque
1357 4761 1491 4841 ejusmodi
1504 4783 1604 4822 mercc-

63 4872 122 4914 νυνι
133 4850 267 4930 διαφυγεῖν
277 4851 324 4925 τὴν
343 4854 433 4934 ὀργήν.
444 4855 496 4923 Δὸς
506 4855 573 4936 γδρ,
588 4857 669 4938 ρηολ,
683 4859 714 4919 τὸ
727 4870 835 4938 σημεῖον
887 4859 951 4920 dem
975 4854 1132 4937 consequuti
1154 4868 1235 4932 sunt,
1265 4867 1294 4912 ut
1320 4875 1383 4913 cum
1407 4852 1494 4914 ceteri
1514 4874 1606 4915 omncs

63 4940 107 4999 ἐπὶ
128 4941 161 5001 τὰ
178 4943 316 5024 πρόσωπαΙ
332 4948 388 5010 τῶν
400 4947 576 5017 στεναζόντων
598 4949 643 5009 καὶ
658 4952 834 5030 ὀδυρομένων.
889 4952 1025 5032 perirent,
1053 4963 1134 5028 atque
1157 4946 1337 5013 internecione
1354 4945 1507 5008 delerenmr
1515 4991 1535 5030 ,ἢ
1553 4946 1604 5028 ipsi

10 5146 13 5164 ¹
97 5142 112 5183 ¹,
125 5126 196 5177 Ussut
207 5135 325 5182 στείλασα.
849 5138 883 5189 ab
894 5135 1012 5189 omnibus
1024 5134 1083 5186 llas.
1096 5138 1139 5201 μέν
1151 5131 1230 5184 abest.

10 5234 13 5243 ·
100 5207 111 5241 Ι·
129 5204 231 5258 Coislio.
246 5205 361 5277 λρμαδὶῳ.
373 5209 446 5259 llunc
458 5209 575 5260 trabium
588 5226 772 5265 commemorat
783 5231 824 5264 ru·
882 5233 892 5259 t
910 5216 972 5268 Tres
983 5215 1040 5266 lto.
1054 5225 1093 5275 τῆς
1104 5221 1126 5266 δν
1140 5223 1169 5280 τῇ
1180 5216 1265 5278 διανοίᾳ
1277 5222 1304 5277 τῇ
1315 5222 1351 5276 τῇ.

65 5301 110 5349 pru
124 5285 149 5333 in
158 5287 261 5350 epistola
272 5290 296 5351 θ,
305 5287 338 5339 ad
346 5287 607 5356 Olympiademlidit.
615 5301 655 5357 τὴν
662 5300 706 5364 μἰν
718 5304 823 5350 καίιινονι
