3764 5992
233 452 235 457 ·
270 431 340 504 808
588 450 617 497 s.
644 448 784 500 ioannis
810 445 993 495 cnursosr.
1022 445 1179 495 tuemur.
1208 448 1480 499 cousraurruor.

268 578 400 639 demissus
413 589 452 637 cst
460 621 470 655 ,
484 574 588 656 tamdiu
601 574 759 637 inhumatus
770 572 872 655 jacuit,
885 570 985 652 quoad,
1040 572 1110 633 ›carl‹
1122 572 1171 645 τήν
1185 574 1242 633 ὁδὸν
1258 573 1404 648 συνέὸησαν
1422 578 1509 653 ἡμῖν,
1526 573 1589 632 ἀλλ’
1614 571 1722 640 οὐδενὸς
1741 575 1819 652 ἔρρον-

269 683 299 728 ut
320 669 459 751 sepultura
479 667 625 728 donaretur
632 674 677 743 ,a
691 664 810 744 quodam
836 662 986 744 postulatus
1039 663 1160 743 τίσαμεν.
1175 664 1242 726 Ὅτε
1257 666 1284 726 δέ
1297 667 1411 744 ἤλθομεν
1427 664 1495 745 πρὸς
1508 663 1562 736 ele
1577 661 1680 745 χώραν
1695 665 1746 722 τῶν
1757 667 1819 723 Κοτ-

267 760 331 822 et?
342 759 493 821 Recordare
501 779 564 818 eum
573 758 666 817 sunere
676 778 729 816 non
740 757 840 816 elatum
851 774 923 830 esse,
934 753 986 812 im·
1040 755 1179 831 παθόντων,
1193 757 1238 817 καλ
1252 761 1322 836 ἔνι-ᾖ
1336 755 1554 840 Ταυρωιιλικίορ,
1566 755 1673 816 πολλοὶ
1681 755 1757 837 χοροὶ
1768 762 1819 832 ἡμῖν

266 852 435 934 probumque
446 871 595 911 sermonem
605 848 734 909 adversus
747 868 810 908 eum
821 845 985 906 dissemina·
1041 849 1163 922 θπίντων
1177 849 1298 932 πατέρων
1313 849 1394 930 ἁγίων
1410 851 1536 930 ἀνδρῶν,
1560 849 1595 906 οὗ
1628 847 1687 925 μὴν
1706 847 1773 906 ἀλλὰ
1786 851 1821 906 τοὶ

117 959 204 1004 uarat.
216 957 256 1008 τε.
269 959 327 1006 tum
340 943 436 1021 fuisse,
444 942 576 1003 nimirum
584 938 818 1022 eumadiscipulis
829 938 885 999 suis
898 958 987 998 surrc·
1041 940 1130 1015 πλήθη
1143 948 1266 1025 μονιχῶν
1280 943 1325 1003 καλ
1339 941 1492 1024 παρθένων,
1511 940 1561 1010 τθις
1578 940 1736 1007 ἀθανάταις
1749 940 1822 1018 miz

266 1050 346 1120 ptum
355 1035 447 1110 luisse,
453 1057 503 1096 uec
513 1032 702 1095 resurrexisse.
712 1034 744 1092 ln
753 1045 870 1091 mentem
877 1029 987 1092 veniant
1041 1036 1094 1094 τῶν
1107 1035 1227 1119 δακρύων
1242 1036 1386 1118 ἐκχέοντες.
1397 1034 1451 1095 Kal
1464 1033 1574 1094 ἔκλαιον
1592 1038 1823 1114 θεωροῐθνττςῆρίς

267 1127 400 1211 apostoli,
416 1127 464 1206 qui
478 1140 505 1187 et
525 1125 578 1210 ipsi
594 1124 783 1205 undecumque
796 1123 985 1196 vexabantur,
1042 1129 1069 1186 ἐν
1086 1130 1120 1206 τῇ
1136 1124 1223 1207 ἐξορίιρ
1238 1125 1451 1206 ἀπερχομένους,
1466 1125 1513 1183 καλ
1525 1124 1624 1204 ἔλεγον
1638 1124 1709 1206 πρὸς
1720 1124 1824 1195 ἑαυτοὺς

268 1240 301 1280 ao
312 1219 427 1283 latebras
443 1219 617 1300 quaerebant,
634 1215 707 1297 quod
723 1217 751 1276 in
763 1214 877 1277 urbibus
895 1213 986 1296 polam
1043 1217 1181 1300 συνέφερεν
1192 1216 1234 1277 ἵνα
1246 1224 1261 1277 θ
1274 1217 1347 1289 ἥλιος
1371 1216 1521 1277 συνέστειλε
1539 1215 1592 1284 τὰς
1608 1219 1725 1282 ἀκτῖνας
1742 1218 1824 1286 αὐτοῦ,

116 1326 206 1386 Aaou
217 1323 258 1388 4³·
268 1312 370 1374 vmsari
379 1333 433 1374 non
441 1325 567 1393 possent:
581 1331 699 1390 quonam
709 1323 788 1391 pacto
810 1309 905 1368 Petrus
914 1305 987 1387 apud
1043 1307 1118 1382 λίνα
1136 1311 1166 1371 τὸ
1180 1310 1267 1389 στόμα
1280 1308 1404 1371 Ἰωάννου
1415 1309 1561 1382 ἐσιώπησε.
1581 1308 1687 1369 Ταῦτά
1702 1331 1738 1386 με
1751 1311 1823 1391 ἔθορ’»

116 1422 178 1470 Ibat.
186 1420 258 1472 rori.
269 1405 407 1468 Simonem
417 1403 561 1464 coriarium
571 1402 754 1477 delitescebat,
767 1414 793 1460 et
801 1401 903 1459 Paulus
913 1397 988 1480 apud
1044 1401 1110 1475 θησε
1127 1402 1173 1462 καί
1191 1402 1310 1484 ἔθλιψεν,
1327 1402 1419 1474 ἐπειδὴ
1433 1400 1547 1465 ἔβλεπον
1565 1401 1680 1469 πάντας
1695 1402 1824 1468 κλαίοντος

263 1498 411 1560 mulierem
431 1496 642 1578 purpurariam,
665 1494 793 1574 quoniam
817 1493 853 1553 de
870 1492 988 1552 divitum
1044 1494 1106 1575 ampl
1120 1496 1193 1570 ἐμοῦ.
1205 1492 1284 1554 Ἐπεὶ
1296 1499 1349 1554 τῶν
1360 1492 1581 1567 ἄλλωνπᾶντων,
1596 1491 1655 1553 ὅσα
1667 1491 1768 1565 συνέθη
1780 1518 1824 1570 μυ,

268 1610 332 1671 erga
346 1589 472 1650 aeanimo
485 1585 658 1646 dubitabant.
672 1588 707 1645 llt
717 1598 810 1667 postea
821 1582 911 1644 omnia
922 1582 989 1664 ipsis
1006 1606 1025 1653 B
1044 1585 1170 1668 φροντίδα
1185 1588 1233 1647 οὐχ
1248 1587 1371 1660 ἐποίησα,
1385 1584 1462 1644 Πάνυ
1486 1584 1515 1644 δὲ
1541 1589 1623 1662 ἡμᾶς
1647 1583 1824 1653 lugebam

268 1680 349 1764 plana
360 1696 386 1741 et
396 1680 486 1740 facilia
499 1679 616 1739 suerum.
632 1676 677 1738 ad
691 1677 817 1737 eumdem
831 1675 916 1757 igitur
928 1695 989 1734 mo-
1044 1677 1187 1748 ἐπίσκοπος
1200 1683 1248 1752 τῆς
1268 1677 1370 1745 πόλεως
1393 1677 1507 1750 ταύτης,
1528 1677 1579 1737 καί
1606 1676 1718 1749 πολλὴν
1732 1677 1824 1756 ἀγάπην

269 1773 338 1834 dum
355 1787 385 1832 tu
403 1792 510 1852 quoque
532 1769 654 1829 animum
670 1790 703 1829 ne
718 1768 840 1851 dejicias.
869 1768 990 1827 Allatum
1045 1770 1139 1842 ἔδειξεν
1152 1773 1190 1838 τίς
1209 1776 1297 1850 ἡμᾶς·
1309 1767 1397 1843 ὥστε,
1419 1771 1442 1828 εί
1467 1769 1602 1842 δυνατὸν,
1617 1770 1668 1829 καλ
1688 1769 1737 1829 τὸν
1749 1772 1825 1851 θρόνοι

270 1879 362 1926 autem
375 1863 410 1923 ad
424 1884 467 1922 me
481 1875 520 1922 est
532 1860 568 1920 de
588 1860 676 1920 deliro
697 1859 745 1920 illo
760 1858 870 1920 Arsacio
885 1904 894 1937 ,
909 1879 991 1939 quern
1046 1866 1125 1924 αὑτοῦ
1148 1858 1338 1946 παρεχώρησεν
1350 1867 1426 1941 ἡμῖν,
1441 1865 1464 1922 el
1479 1861 1518 1941 μὴ
1539 1861 1588 1922 τὸν
1613 1860 1679 1946 ὅρον
1695 1865 1825 1944 equidem

270 1955 432 2040 imperatrix
449 1956 478 2014 in
491 1952 933 2026 tbronocollocavit,eumlratres
946 1972 991 2012 eos
1047 1979 1104 2036 μεν.
1131 1955 1232 2035 Δέοραι
1253 1945 1298 2014 cdv
1321 1953 1367 2016 κοιλ
1394 1952 1544 2030 θντιὸολῶ,
1564 1953 1619 2013 καὶ
1642 1957 1700 2013 τῶν
1724 1956 1827 2034 γονίτω

271 2069 380 2124 ornnes,
394 2045 517 2127 quicum
532 2042 805 2127 ipso‘oommunicare
813 2043 972 2103 recusabant
980 2087 989 2121 ,
1047 2050 1166 2126 ἅπτομαι
1185 2052 1238 2107 τῶν
1252 2050 1321 2120 σῶν,
1331 2045 1476 2127 ἀπόρριψον
1489 2046 1521 2107 τὸ
1534 2045 1639 2112 πένθος
1653 2049 1706 2117 τῆς
1730 2048 1829 2124 ἀθυμίπς

271 2139 416 2202 afflixisse:
427 2153 453 2199 et
462 2138 562 2198 multos
575 2159 609 2198 ex
620 2137 685 2219 ipsis
696 2136 750 2196 mei
759 2157 840 2196 causa
855 2136 882 2195 in
897 2135 992 2196 vincu-
1048 2164 1094 2214 οου
1102 2186 1111 2216 ,
1120 2137 1188 2221 ὑπὲρ
1198 2142 1275 2217 ἡμῶν
1290 2137 1380 2219 μνείαν
1392 2136 1462 2217 ἔχων
1474 2137 1609 2221 aptemus
1625 2139 1718 2216 Θεὸν,
1730 2139 1776 2198 καί
1789 2144 1830 2198 ἀν-

271 2232 307 2295 lis
316 2231 390 2293 diem
403 2231 467 2293 vitae
482 2245 632 2291 extremum
640 2229 778 2290 clausisse.
794 2229 937 2310 Siquidem
949 2228 992 2288 lu·
1048 2231 1177 2314 τιγροίψαι
1189 2235 1253 2309 ἡμῖν
1264 2228 1460 2312 παρακλήθητι.

271 2348 325 2409 pus
334 2323 588 2406 ille,ovisspeciem
596 2345 652 2405 prae
663 2323 785 2385 seserens
792 2368 801 2400 ,
809 2322 859 2383 etsi
875 2322 993 2403 episcopi

272 2418 378 2480 larvam
391 2429 481 2497 gerat,
492 2413 598 2475 adulter
606 2429 695 2475 tamen
706 2428 755 2477 est.
766 2416 805 2475 Ut
813 2414 886 2475 euim
897 2414 995 2475 mulier

274 2507 397 2570 adultera
405 2522 519 2569 vocatur
529 2529 590 2588 quae
600 2506 712 2569 vivente
721 2507 783 2571 viro
796 2507 873 2568 alteri
890 2507 971 2566 nubit
987 2531 994 2565 ε

274 2600 369 2663 eodem
383 2600 464 2661 modo
475 2599 636 2679 hicquoque
644 2597 752 2659 adulter
761 2612 816 2676 est,
827 2620 880 2659 non
889 2599 995 2674 carnis,

276 2692 325 2755 sed
336 2692 448 2775 spiritus
460 2716 466 2750 :
481 2713 524 2751 me
531 2691 603 2750 enim
610 2691 721 2752 vivente
729 2690 857 2751 Ecclesiae
866 2690 996 2752 tbronum

277 2785 387 2848 invasit.
401 2789 489 2865 Atque
500 2783 560 2844 haec
575 2783 626 2843 tibi
648 2804 664 2842 e
680 2784 785 2844 Cucuso
804 2782 917 2865 scripsi,
940 2804 996 2863 quo

278 2876 405 2940 videlicet
414 2874 578 2957 lmperatrix
599 2874 721 2956 ablegari
735 2895 779 2934 me
791 2875 884 2956 jussit.
901 2875 996 2935 Multae

278 2989 361 3051 porro
370 2967 439 3028 mibi
457 2967 485 3026 in
502 2965 548 3028 via
562 2964 727 3026 calamitates
738 2966 907 3045 contigerunt
925 2990 931 3023 :
947 2987 997 3027 re-

279 3080 342 3120 rum
354 3058 424 3117 nihil
438 3056 572 3139 ejusmodi
585 3055 655 3115 mibi
664 3077 735 3116 curae
744 3057 804 3116 luit.
816 3059 855 3117 Ut
868 3070 959 3118 autem
969 3059 998 3119 in

279 3148 488 3233 Cappadociam,
496 3163 576 3228 atque
585 3148 666 3208 etiam
674 3147 702 3208 in
712 3149 945 3209 Tauro-Ciliciam
952 3173 1000 3211 ve·

279 3241 380 3320 nimus,
391 3262 489 3323 magno
498 3241 607 3321 agmine
616 3240 702 3301 sancti
714 3254 813 3321 patres,
824 3263 854 3302 ac
861 3243 997 3320 monachi,

279 3348 307 3396 et
321 3335 442 3417 virgines
456 3334 567 3396 obviam
585 3334 663 3394 nobis
676 3333 822 3416 prodibant
836 3379 846 3413 ,
863 3333 998 3394 infinitam

279 3427 464 3512 lacrymarum
476 3428 534 3490 vim
547 3426 751 3510 profundentes.
769 3429 892 3508 Cumque
907 3449 957 3488 nos
970 3429 998 3489 in

279 3519 408 3583 exsilium
417 3521 545 3581 abeuntes
567 3534 721 3595 cernerent,
734 3518 762 3579 in
776 3520 857 3581 fletus
873 3542 1000 3603 prorum-

279 3615 388 3696 pebant,
401 3613 500 3692 bisque
509 3613 578 3673 inter
587 3633 615 3671 se
627 3611 718 3673 verbis
729 3612 874 3672 utebantur
886 3634 893 3669 ε
908 3612 1000 3673 Satius

279 3705 374 3766 fnisset
381 3704 464 3764 solem
470 3702 561 3763 radios
571 3724 634 3763 suos
643 3703 809 3778 subtrahere,
822 3725 904 3784 quam
918 3705 1001 3765 loan-

280 3796 323 3856 nis
335 3818 365 3856 os
384 3795 524 3855 conticere.
541 3795 605 3854 Haec
623 3815 667 3854 me
682 3795 878 3875 perturbabant
893 3817 924 3856 ac
938 3819 1001 3878 pre-

280 3887 409 3962 mebant,
429 3886 558 3964 quouiam
582 3905 674 3945 omnes
694 3908 754 3946 mea
769 3909 849 3947 causa
865 3889 1002 3969 plorantes

280 3977 413 4038 intuebar.
423 3978 493 4036 Nam
510 3988 604 4034 caetera
620 3976 729 4056 omnia,
751 4000 811 4056 quae
826 3979 894 4038 mihi
906 3979 1001 4040 oborta

279 4080 359 4147 sunt,
375 4068 451 4128 nulla
475 4088 519 4126 me
532 4087 597 4126 eura
618 4067 776 4128 affecerunt.
796 4073 833 4129 At
845 4092 910 4131 vero
924 4073 1001 4132 urbis

278 4159 393 4242 hujusce
405 4157 547 4240 episcopus
553 4176 684 4237 perquam
694 4156 848 4218 humaniter
857 4179 905 4219 nos
921 4182 1001 4221 exce-

279 4253 338 4336 pit,
359 4265 515 4331 tantamque
533 4269 598 4330 erga
612 4269 660 4308 nos
674 4248 811 4308 mritatem
825 4271 881 4331 prce
906 4273 935 4311 se
953 4267 998 4312 tu-

280 4342 332 4421 lit,
349 4354 380 4401 ut
392 4340 475 4400 etiarn
482 4383 492 4417 ,
505 4338 529 4399 si
543 4336 603 4398 fieri
620 4336 765 4418 potuisset,
780 4336 877 4398 throno
890 4363 999 4420 quoque

280 4454 331 4494 suo
353 4432 431 4493 nobis
441 4451 563 4491 cessurus
577 4429 669 4503 suerit,
689 4429 741 4489 nisi
756 4428 834 4490 uobis
849 4433 1000 4495 cavendum

279 4523 393 4602 luisset,
413 4543 446 4582 ne
461 4523 647 4604 prescriptum
661 4521 776 4582 limitem
799 4525 998 4587 excederemus.

281 4616 467 4691 Quamobrem
487 4628 514 4674 te
525 4635 610 4695 rogo,
626 4635 657 4675 ac
670 4614 747 4675 velut
759 4615 872 4697 genibus
884 4616 938 4679 tuis
949 4619 1008 4679 ad-'
1063 4678 1074 4689 ,,

278 4709 391 4773 volutus
403 4707 522 4768 obtestor
535 4749 544 4783 ,
561 4719 593 4767 ut
606 4727 748 4768 moerorem
761 4720 787 4767 et
801 4708 905 4769 luctum
927 4709 998 4791 abji-

281 4801 351 4878 cias,
369 4821 401 4860 ac
414 4820 465 4882 pro
479 4798 557 4860 nobis
569 4797 645 4881 apud
656 4800 745 4859 Deum
758 4818 862 4861 memor
878 4799 931 4879 sis,
947 4822 1000 4862 no-

281 4892 377 4971 bisque
388 4891 527 4952 rescribas.
