3810 6000
316 425 390 523 956

316 571 423 655 gentilis
436 595 442 629 ι
455 570 480 630 si
499 569 558 628 hec
578 567 669 628 inania
682 567 765 627 verba
778 578 852 638 runt,
867 563 1033 642 redarguat,
1087 559 1186 637 ίδωμκν
1208 557 1245 637 μή
1266 557 1402 617 διίπισαν.
1430 557 1490 618 Οὐκ
1511 556 1696 636 ἀμριόάλλων
1708 555 1791 636 λέγω,
1802 559 1856 618 tttt

316 654 340 712 si
350 665 440 710 autem
449 648 631 721 vera,adoret
643 647 782 707 virtutem.
798 644 877 705 Dixit
892 643 1032 702 Christus:
1088 638 1132 698 τδν
1148 639 1278 718 αἱρετικὸν
1294 635 1483 715 ἐπιστομίζων.
1502 637 1558 695 Διά
1574 635 1743 696 τοῦτοὉαῦ
1791 640 1797 656 “
1823 639 1857 697 καί

318 733 430 791 Caelum
458 743 487 787 et
510 742 589 786 terra
611 729 790 800 transibunt,
819 726 914 783 verba
936 733 1035 780 nutem
1088 721 1156 795 ήγῆ
1169 742 1207 777 πα
1254 715 1391 787 εύσονται,
1407 718 1431 775 σί
1455 715 1483 775 δὲ
1509 717 1588 793 λόγοι
1607 739 1659 792 μου
1675 718 1743 794 σύμ
1778 718 1858 798 παριλ·

317 831 382 868 mea
398 829 457 867 non
475 809 650 865 transibunt.
674 804 750 875 Quid
770 804 822 862 sibi
841 804 936 862 volunt
952 799 1035 861 verba
1090 803 1165 857 θωσι.
1215 803 1264 855 οῖσι
1279 794 1366 871 λόγοι,
1384 793 1423 854 Σίν
1438 787 1462 853 εἶ
1475 795 1599 874 Πέτρος,
1619 794 1668 854 καὶ
1683 795 1729 853 ἐπὶ
1744 797 1858 876 ιαύτητῇ

316 888 394 969 ejus?
417 885 592 944 Adducamus
607 886 635 943 iu
654 883 792 960 medium
817 881 956 941 videamus
970 899 1036 940 num
1052 876 1072 924 Ε
1090 876 1176 958 πέτρᾳ
1204 875 1368 952 οἰκοδομήσω
1388 899 1438 953 μου
1459 875 1510 946 τήν
1524 874 1715 947 Ἐκκλησίαν,
1737 876 1781 933 καί
1795 875 1860 936 utu

317 964 510 1026 interciderint.
533 965 593 1023 Nou
609 963 736 1023 dubitans
750 961 821 1038 dico,
844 959 890 1020 sed
912 958 1037 1017 haerctico
1091 957 1155 1037 ᾅδου
1168 958 1197 1016 οὐ
1215 953 1416 1034 κατισχύσουσιν
1431 956 1522 1024 αὐτῆς.
1534 953 1606 1012 Ἐπί
1629 950 1720 1032 ταύτη
1736 960 1768 1032 τῇ
1782 954 1858 1036 πέιρρ.

317 1067 348 1105 os
363 1043 486 1105 occludo.
500 1043 569 1102 ldeo
586 1044 698 1103 Caelum
716 1055 745 1100 et
761 1055 841 1100 terro
855 1041 1034 1109 transibunt,
1091 1037 1151 1094 Οὔκ
1163 1026 1244 1106 εἶπεν,
1256 1034 1301 1094 ἐπὶ
1314 1038 1351 1115 τῷ
1361 1033 1473 1115 Πέτρῳ·
1489 1032 1621 1171 οὔτεγὰρ
1633 1031 1860 1114 ἐπίτῷάνθρύπρ,

317 1128 412 1183 verba
428 1137 526 1183 autem
540 1144 606 1181 meu
620 1144 680 1181 non
695 1124 874 1180 transibunt.
893 1122 962 1191 Quae
977 1138 1038 1176 vcr-
1091 1116 1150 1174 ἀλλ’
1158 1115 1203 1173 ἐπὶ
1213 1113 1261 1186 τήν
1270 1113 1360 1173 πίστιν
1367 1111 1415 1183 τήν
1424 1116 1519 1171 ἑαυτοῦ
1528 1112 1603 1171 ’Exn
1620 1111 1705 1185 ησίαν
1717 1113 1859 1192 ᾠκοδόμησε.

164 1198 251 1250 Marad.
270 1199 305 1248 ¹⁶·
316 1203 376 1262 ba?
410 1206 453 1261 Tu
469 1223 499 1261 es
519 1205 635 1271 Petrus,
666 1214 693 1259 et
715 1221 801 1279 super
822 1201 901 1257 lranc
922 1209 1038 1276 petram
1091 1195 1128 1254 Τί
1139 1192 1166 1254 δὲ
1181 1185 1241 1265 ήνή
1255 1192 1359 1265 πίστις,
1371 1191 1410 1251 Σὺ
1429 1183 1478 1251 εἶθ
1493 1192 1629 1270 Χριστὸς,
1643 1197 1659 1250 ὁ
1674 1192 1793 1259 iterur
1805 1196 1860 1254 Θισῑ

1031 434 1161 510 souare.

318 1281 473 1362 edificabo
489 1282 653 1339 Ecclesiam
669 1301 773 1350 meam,
796 1291 824 1336 et
839 1291 930 1357 portoe
948 1278 1038 1356 inseri

319 1383 379 1419 non
395 1361 596 1441 prevalebunt
617 1361 755 1418 adversus
770 1379 843 1416 eaor.
857 1358 947 1436 Super
960 1358 1038 1414 lranc

317 1454 442 1520 petrum.
459 1441 519 1498 Non
531 1438 614 1511 dixit,
628 1439 716 1519 Super
728 1441 839 1498 Petrum
851 1460 857 1493 ι
869 1434 1038 1514 nequeenim

320 1540 400 1599 super
422 1518 571 1594 hominem,
597 1517 645 1575 sed
668 1538 747 1598 super
761 1515 843 1574 sideru
858 1516 915 1594 ejus
939 1514 1037 1573 Eccle-

319 1597 388 1657 siam
411 1597 566 1657 aedificavit.
589 1595 664 1668 Quid
681 1609 737 1655 erat
758 1595 807 1653 illa
830 1593 918 1653 fides?
941 1597 966 1651 T
967 1615 985 1651 ιι
1008 1613 1037 1674 es

320 1678 454 1737 Christus
475 1677 572 1735 Filius
589 1678 646 1733 Dei
665 1680 737 1735 vivi.
760 1675 867 1732 Petram
890 1672 1038 1730 Ecclesiam

319 1755 437 1832 vocavit,
451 1777 510 1834 quae
525 1754 626 1833 excipit
639 1755 748 1828 fluctus,
763 1767 788 1811 et
804 1774 856 1811 non
871 1752 1034 1810 concutitur.

318 1833 428 1893 Etenim
453 1834 573 1893 Ecclesia
593 1833 752 1891 tentationes
771 1831 883 1910 excipit,
913 1829 962 1888 sed
983 1850 1035 1888 non

1091 1279 1137 1332 τοῦ
1151 1277 1255 1343 ζῶντος.
1270 1272 1377 1352 Πέτραν
1388 1270 1436 1342 τήν
1446 1270 1619 1343 Ἐκκλησίαν
1630 1271 1746 1331 ἐκάλεσε
1753 1319 1762 1344 ,
1770 1273 1860 1352 δεχομέ-

1092 1376 1139 1425 νην
1151 1352 1274 1430 κύματα,
1286 1351 1375 1429 καὶμὴ
1388 1349 1584 1428 σαλευομένην.
1599 1350 1656 1410 Καὶ
1665 1347 1748 1433 pape,
1761 1353 1860 1425 Ἐκκλη-

1091 1432 1137 1491 σία
1149 1428 1435 1511 δέχεταιπειρασμοὺς,
1447 1433 1507 1488 ἀλλ’
1521 1433 1554 1487 ού
1570 1440 1693 1489 νικᾶται.
1703 1431 1730 1488 Τ
1733 1430 1742 1487 ί
1747 1421 1789 1491 σύν
1795 1435 1859 1506 ἐστιν,

1091 1509 1155 1571 Ἐπί
1170 1517 1204 1591 τῇ
1223 1510 1324 1592 πέτρα,
1340 1508 1489 1588 Ὁμολογία
1503 1508 1551 1567 ἐπὶ
1565 1518 1623 1577 τοῖς
1640 1511 1771 1591 ῥήμασιν.
1785 1511 1861 1570 (bild-

1091 1596 1149 1658 θους
1169 1592 1289 1669 βάλλεις,
1304 1592 1333 1648 οὗ
1348 1590 1426 1662 ξύλα,
1444 1592 1474 1648 οὐ
1488 1590 1621 1668 σίδηρον,
1637 1590 1729 1694 Οὐχὶ,
1743 1591 1859 1670 profrui

1090 1670 1141 1749 γσίρ
1155 1673 1226 1729 ἐστιν
1236 1669 1360 1744 οἰκοδομή
1375 1667 1500 1740 τοιαύτη,
1521 1669 1560 1740 ἣ,
1576 1667 1621 1727 οἵα
1634 1669 1668 1727 διν
1685 1697 1719 1751 η,
1736 1675 1774 1751 τῷ
1791 1671 1860 1748 χρόνῳ

1089 1748 1196 1808 λύεται·
1212 1748 1352 1827 ὁμολογίαν
1368 1747 1395 1806 δὲ
1410 1749 1469 1807 οὔτε
1485 1747 1615 1825 δαίμονες
1624 1755 1740 1821 νικῆσαι
1750 1748 1860 1809 δύνασαι

1090 1828 1144 1888 Καὶ
1159 1835 1335 1908 μαρτυροῦσιν
1346 1832 1371 1887 οἱ
1386 1828 1532 1907 μάρτυρες,
1548 1831 1574 1885 οἱ
1591 1827 1643 1895 τὰς
1658 1828 1775 1908 πλευρίις
1787 1829 1860 1905 {copr-

317 1913 444 1974 viucitur.
465 1912 540 1984 Quid
554 1912 638 1991 igitur
651 1924 690 1970 est
703 1910 780 1984 illud,
801 1911 1079 2001 Spperlpetramfm
1090 1930 1144 1981 νοι,
1158 1908 1204 1967 καί
1218 1907 1266 1980 τήν
1285 1907 1374 1967 πίστιν
1388 1909 1436 1966 οὐκ
1451 1906 1631 1972 ἀπολλύντες.
1659 1906 1702 1968 Ὢ
1726 1914 1814 1968 καινῶν
1826 1911 1861 1967 καί

319 1991 456 2052 Confessio
479 1992 507 2050 in
530 1991 620 2051 verbis
645 2003 695 2049 est.
722 1992 795 2049 Num
819 1989 944 2048 immittis
966 1988 1035 2079 lapi·
1053 2007 1073 2051 Α
1090 1987 1247 2067 παραδόξων
1257 1986 1432 2066 πραγμάτων.
1448 1986 1483 2047 ‘0
1499 2009 1531 2044 το
1543 2010 1593 2105 χσς
1609 1987 1791 2067 δισρύττεται,
1804 1990 1860 2046 καὶί

317 2070 386 2130 des?
401 2092 466 2129 num
478 2070 572 2150 ligna?
582 2090 648 2128 num
660 2069 782 2128 ferrum?
796 2070 889 2146 Nequa
910 2089 984 2144 uam,
996 2089 1036 2126 rn-

315 2151 394 2228 quit:
407 2171 459 2209 non
472 2150 593 2209 estenim
607 2147 754 2207 aedificium
768 2090 935 2228 hujusmodi,
951 2146 1033 2225 quod,

319 2229 442 2307 quolibet
459 2227 539 2288 modo
553 2242 686 2289 structum
699 2228 743 2302 sit,
763 2240 882 2308 tempore
896 2226 1032 2285 solvitur:

318 2308 511 2368 confessionem
520 2322 610 2367 autem
622 2328 655 2366 ue
665 2306 800 2366 daemones
809 2305 920 2384 quidem
931 2307 1036 2367 vincere

318 2401 441 2468 possunt.
464 2389 550 2468 Cujus
573 2389 612 2448 rei
627 2401 704 2446 testes
725 2400 787 2445 sunt
801 2390 944 2465 martyres,
989 2408 1036 2445 ιιο-

319 2488 381 2527 rum
400 2467 483 2526 latera
506 2466 679 2540 radebantur,
706 2486 755 2525 nec
778 2479 866 2524 tamen
890 2464 931 2523 illi
952 2407 1036 2524 fidem

318 2547 486 2605 amittebant.
502 2548 526 2605 0
538 2568 581 2605 res
590 2542 780 2605 admirandas!
794 2544 886 2603 Paries
897 2543 1035 2619 effoditur,

311 2638 344 2684 -et
358 2626 499 2684 thesaurus
510 2645 562 2683 non
574 2624 709 2705 abripitur
719 2648 728 2700 ς
744 2645 806 2683 caro
818 2623 994 2701 consumitur,
1010 2637 1036 2682 et

318 2703 387 2763 fides
400 2725 452 2763 nou
463 2704 598 2763 amittitur
610 2728 616 2760 :
630 2704 692 2763 talis
701 2703 802 2785 quippe
814 2717 884 2762 mart
907 2724 967 2760 rum
977 2702 1035 2763 rir-

317 2796 371 2846 tus,
393 2785 473 2842 Nam
486 2804 572 2863 super
585 2784 663 2842 banc
679 2797 794 2863 petrum
810 2723 962 2863 remstede
979 2784 1034 2841 Ec·

317 2863 439 2922 clerium
451 2884 547 2921 meam
559 2886 567 2918 .·
581 2876 608 2921 et
620 2875 712 2943 portoe
724 2864 814 2943 inseri
825 2883 885 2920 non
893 2862 1035 2942 proevale-

318 2944 390 3000 bunt
411 2943 551 3001 adversus
570 2937 646 3000 carri.
674 2942 829 3003 Verborum
838 2941 1036 3000 accurationem

317 3018 541 3080 animadvertite:
554 3023 753 3099 Portoeinferi
764 3042 824 3078 non
833 3021 1034 3100 prevalebunt

317 3100 457 3157 adversus
479 3120 553 3157 eam.
576 3100 652 3169 Ciu,
680 3099 815 3176 inquiunt,
847 3120 900 3157 non
921 3099 1035 3179 impedit

316 3178 461 3255 quominus
473 3176 631 3235 tentationes
644 3177 792 3236 Ecclesiam
807 3177 957 3257 imperant?
974 3181 1033 3237 Nou

317 3255 457 3336 impedio;
472 3270 594 3314 nonneut
603 3259 824 3315 meamvirtutem
831 3256 991 3315 ostendam?
1004 3259 1034 3319 Si

1091 2067 1220 2147 θησαυρὸς
1243 2068 1271 2125 οὐ
1299 2069 1429 2125 συλᾶται·
1454 2072 1471 2138 ἡ
1498 2065 1568 2145 σδρ,
1592 2067 1766 2139 δαπανᾶται,
1786 2067 1824 2126 καὶ
1847 2073 1860 2138 ί,

1090 2145 1179 2213 πίστις
1195 2146 1242 2205 οὐκ
1263 2145 1452 2205 ἀναλίσκεται·
1479 2144 1593 2215 τοιαύτη
1617 2151 1676 2206 τῶν
1701 2149 1860 2230 μαρτύρυνή

1090 2224 1208 2303 δύναμις.
1228 2223 1292 2284 Ἐπί
1306 2224 1358 2305 γὰρ
1380 2228 1413 2303 τῇ
1430 2224 1516 2305 πέτρα
1537 2224 1627 2298 ταύτῃ
1644 2229 1809 2305 οἰκοδομήσω
1821 2250 1860 2302 ραι

1089 2303 1137 2377 τήν
1152 2302 1328 2375 Ἐκκλησίαν·
1354 2305 1400 2363 καί
1426 2304 1509 2363 πύλαι
1529 2304 1595 2384 ᾅδου
1619 2309 1653 2366 οὐ
1676 2307 1860 2386 κατισχύσουσιν

1090 2386 1179 2456 αὐτῆς.
1200 2384 1353 2465 Προσέχετε
1366 2407 1400 2463 ιη
1415 2381 1540 2485 ἀκριύείρ
1559 2389 1608 2441 τοῦ
1631 2374 1776 2484 palpentur:
1789 2386 1862 2445 Πύλαι

1090 2462 1152 2543 ᾅδου
1170 2466 1199 2522 ού
1210 2463 1414 2542 κατισχύσουσιν
1431 2465 1523 2531 αυτῆς.
1539 2462 1594 2522 ort
1616 2488 1646 2523 τι
1666 2465 1734 2545 γὰρ,
1749 2466 1822 2546 ρησὶ,
1832 2468 1862 2542 μή

1089 2543 1185 2602 κωλύει
1207 2541 1269 2610 τοὺς
1294 2541 1457 2622 πειρασμοδς
1482 2547 1516 2619 τῇ
1544 2541 1707 2625 Ἐκκλησία
1737 2544 1862 2624 προσέρχε-

1089 2627 1167 2694 σθαι;
1182 2624 1244 2702 Οὐχ
1263 2620 1307 2680 ίνα
1331 2620 1406 2689 δείξω
1429 2645 1479 2700 μου
1500 2619 1553 2692 τήν
1575 2621 1713 2701 δύναμιν;
1728 2623 1773 2683 Ἂν
1787 2625 1862 2702 μήτις

1089 2701 1170 2774 αὐτήν
1184 2700 1343 2780 πολεμήσῃ,
1355 2702 1459 2781 ἔχουσιν
1472 2703 1558 2760 εἰπεῖν
1571 2724 1577 2737 ·
1601 2706 1628 2760 εἷ
1640 2703 1810 2781 ἐπολεμήθη,
1820 2708 1862 2762 ἔνι·

1087 2790 1162 2841 κᾶτο.
1176 2781 1228 2841 Διά
1243 2787 1319 2840 τοῦτο
1333 2781 1439 2860 ἀρίησιν
1455 2779 1540 2852 αὐτήν
1555 2784 1768 2859 πολεμηθῆναι,
1785 2784 1822 2840 fer
1832 2781 1862 2858 μή

1086 2863 1120 2939 τῇ
1133 2860 1232 2941 ἐρημία
1248 2863 1300 2918 τῶν
1311 2861 1497 2938 πολεμούντων
1511 2860 1549 2918 τὰ
1562 2864 1614 2930 τῆς
1637 2862 1718 2934 νίκης
1733 2863 1862 2944 ἐπιγρύρη·

1086 2961 1141 2999 ται.
1167 2941 1219 2999 Καὶ
1238 2940 1319 3000 ταίλαι
1344 2940 1423 3018 ᾅδου,
1444 2943 1493 2999 οὐκ
1513 2929 1609 3012 εἶπεν,
1632 2945 1665 3000 οὐ
1691 2943 1863 3023 προσύαλωσιν

1088 3019 1170 3098 αὐτῇ,
1181 3021 1251 3092 ἀλλ’,
1265 3021 1306 3078 Ob
1317 3019 1524 3098 κατισχύσουσιν
1543 3022 1646 3092 αὐτῆς·
1661 3023 1862 3099 πολεμηθήσεττι

1088 3097 1146 3176 μίν,
1161 3100 1189 3158 οὗ
1198 3097 1369 3171 νικηθήσεται
1378 3097 1415 3157 δέ.
1427 3098 1623 3176 Χειμόζεταιή
1636 3101 1803 3176 Ἐκκλησία,
1815 3102 1862 3159 ἀλλ’

1087 3182 1117 3236 οὐ
1126 3177 1356 3245 καταποντίζεται·
1368 3177 1572 3250 κλυδωνίζεται,
1586 3181 1652 3237 ἀλλ’
1663 3185 1694 3240 οὖ
1704 3175 1802 3260 γίνεται
1811 3187 1862 3239 ὑπο

1088 3256 1209 3337 όύχιος·
1230 3257 1336 3337 δέχεται
1350 3257 1432 3334 βέλη,
1447 3257 1507 3317 ἀλλ’
1531 3260 1562 3316 ού
1586 3259 1704 3339 δέχεται
1725 3261 1860 3340 τραύματα·

317 3356 395 3393 nemo
418 3357 477 3394 eam
499 3335 678 3425 impugnaret,
695 3336 784 3395 dicere
802 3337 905 3416 possint
920 3360 926 3392 :
941 3338 971 3427 βί
985 3359 1034 3418 op·
1050 3353 1068 3398 Β
1088 3337 1193 3435 δεχεται
1208 3336 1408 3416 μηχανήματα,
1432 3337 1492 3396 ἀλλ’
1511 3342 1527 3395 θ
1551 3337 1659 3419 πύργος
1684 3344 1713 3400 οὐ
1729 3342 1859 3398 σαλεύεται

316 3429 497 3504 pugnaretur,
520 3429 614 3492 utrque
632 3415 795 3475 vinceretur.
821 3415 885 3474 ldeo
899 3415 964 3475 sinit
975 3438 1035 3477 eam

317 3494 485 3574 impugnari,
510 3515 543 3552 nc
557 3494 671 3553 defectui
686 3495 904 3574 impugnantium
920 3496 1035 3555 victoria

316 3573 495 3632 adscribatur.
515 3576 557 3632 Et
579 3587 672 3654 portoe
688 3577 790 3652 inferi,
806 3596 857 3633 non
871 3574 949 3650 dicit,
974 3577 1034 3634 Non

246 3650 248 3654 ’
317 3653 468 3733 impingent
482 3652 509 3710 iu
524 3674 582 3711 eam
594 3677 602 3709 .·
616 3652 673 3721 sed,
690 3656 759 3712 Non
769 3655 970 3735 prevalebunt
983 3656 1035 3713 ad·

319 3754 417 3791 versus
431 3754 497 3790 eam
511 3756 519 3787 :
533 3732 749 3813 impugnabitur,
771 3732 816 3792 sed
832 3754 884 3793 non
899 3734 1033 3793 vincetur.

317 3813 385 3870 Tem
406 3825 501 3870 estates
510 3812 584 3870 subit
592 3812 721 3888 Ecclesia,
732 3812 780 3871 sed
791 3834 843 3872 non
852 3813 1032 3893 demergitur:

317 3834 445 3949 fluctibus
454 3891 583 3969 jactatur,
606 3890 654 3949 sed
668 3913 720 3950 non
736 3892 881 3950 obruitur:
896 3893 948 3951 tela
961 3893 1034 3952 exei-

316 3968 367 4048 pit,
388 3966 434 4027 sed
454 3989 506 4026 non
526 3969 708 4029 vulneratur:
728 3972 861 4030 machinis
883 3971 1032 4045 imietitur,

316 4046 365 4106 sed
377 4046 458 4106 turris
468 4069 521 4106 non
531 4047 659 4127 quatitur.
672 4049 708 4108 Et
717 4050 787 4128 quid
798 4050 859 4109 dico
871 3994 1034 4110 Ecclesiam?

316 4127 410 4187 Unum
429 4127 543 4186 verbum
565 4127 677 4208 protulit
696 4130 822 4209 piscator,
848 4144 874 4189 et
892 4144 944 4189 stat
965 4130 1034 4190 sicut

316 4207 398 4265 turris
411 4206 569 4266 immobilis.
586 4212 660 4281 Quot
673 4210 780 4288 tyranni
794 4209 909 4269 verbum
920 4209 972 4268 lroc
986 4209 1034 4269 de-

315 4282 371 4344 lere
386 4286 473 4345 conati
487 4300 559 4357 sunt,
580 4301 605 4346 et
626 4308 680 4346 non
698 4295 859 4368 potuerunt?
879 4291 967 4368 Supra

315 4375 386 4422 tram
400 4365 471 4424 enim
485 4365 628 4424 fundatum
641 4381 706 4426 erat.
724 4368 773 4425 llic
783 4369 903 4427 animum
918 4310 1032 4427 adhibi:

315 4444 434 4582 gprauni,
455 4445 644 4524 Imperatores,
660 4445 826 4524 diademata,
845 4447 930 4526 gladii
947 4448 1031 4524 acuti,

1088 3418 1141 3475 Και
1166 3416 1193 3473 τί
1214 3416 1284 3494 λέγω
1304 3419 1321 3485 ἡ
1343 3414 1597 3489 ἘκκλησίαςἜνα
1624 3420 1708 3499 λόγον
1736 3421 1861 3500 ίρθέγξστσ

1086 3494 1218 3566 δᾶλιεδς,
1240 3495 1286 3554 καί
1309 3495 1417 3567 ἕστηκεν
1442 3499 1478 3561 ὡς
1499 3495 1606 3576 πύργος
1632 3500 1765 3564 ἀσειστος.
1791 3501 1860 3557 Πόσα

1086 3573 1208 3655 τύραννοι
1219 3574 1416 3654 ἐφιλονείκησαν
1431 3574 1560 3655 ἀρανίσαι
1569 3577 1602 3634 τὸ
1615 3582 1694 3656 βῆμα
1715 3586 1804 3649 τοῦτο,
1813 3579 1859 3635 ἀλλ’

1088 3656 1134 3712 οὐκ
1152 3655 1277 3734 ἴσχυσαν,
1294 3652 1357 3713 Ἐπί
1380 3653 1432 3736 γὰρ
1450 3660 1483 3735 τῇ
1498 3655 1588 3733 πέτρα
1604 3659 1795 3736 τεθεμελίωτο.
1809 3659 1861 3716 Ἐν·

1087 3732 1193 3805 νόησον·
1207 3733 1343 3834 τύραννοι,
1361 3736 1491 3811 βασιλεῖς,
1507 3734 1691 3811 διαδήματα,
1703 3738 1763 3818 ξίρη
1775 3743 1860 3808 ἠκονη·

1089 3812 1171 3889 μένα,
1188 3820 1284 3893 θηριων
1297 3812 1413 3885 ὀδόντες,
1424 3813 1532 3872 θάνατοι
1543 3817 1754 3894 ἀπειλούμενοι,
1763 3817 1859 3897 τήγαντ,

1088 3892 1206 3969 κύμινοι.
1221 3893 1275 3953 Καὶ
1295 3892 1347 3971 μὴν
1361 3893 1409 3962 τήν
1425 3893 1573 3970 βελοθήκην
1589 3900 1677 3954 adro&
1691 3896 1859 3964 ἐξεκένωσενδ

1088 3971 1222 4043 διόόολσς,
1239 3971 1286 4044 τήν
1312 3970 1339 4030 δέ
1361 3971 1524 4043 Ἐκκλησίαν
1551 3975 1603 4031 οὖκ
1631 3974 1748 4056 ἔβλαψε.
1770 3973 1858 4044 Ardet}

1087 4050 1174 4110 Πύλαι
1190 4044 1252 4133 ᾄδοι]
1268 4054 1297 4110 οὐ
1316 4050 1520 4130 κατισχύσουσιν
1535 4055 1631 4124 αὐτῆς.
1649 4055 1737 4114 Πόσοι
1750 4055 1775 4124 ἐξ
1789 4059 1860 4133 ἀρχῇ

1087 4129 1255 4208 ἐπολέμησαν
1272 4130 1320 4203 τὴν
1331 4127 1509 4203 Ἐκκλησίαν,
1532 4138 1587 4191 ποῦ
1610 4135 1637 4190 οἱ
1659 4135 1860 4212 πολεμήσαντες.

1087 4210 1265 4288 Σεσίγηνται,
1286 4208 1331 4268 καί
1354 4208 1422 4289 λήθη
1443 4211 1661 4290 παραδίδονται·
1685 4219 1703 4284 ἡ
1725 4211 1859 4285 Ἐκκλησία

1087 4291 1166 4348 ἀνθεῖ.
1192 4293 1250 4350 Ποῦ
1267 4288 1407 4362 Κλαύδιος,
1423 4295 1474 4347 ποῦ
1491 4290 1671 4367 Αὔγουστος,
1694 4301 1746 4352 ποῦ
1767 4294 1858 4393 Νέρων,

1086 4375 1137 4427 ποῦ
1157 4372 1182 4429 Τ
1185 4368 1293 4451 ιύέριοςς
1304 4367 1443 4444 Ὀνόματαί
1464 4371 1515 4428 εἰσι
1535 4369 1620 4447 ψιλοί·
1634 4372 1738 4430 τούτων
1751 4372 1777 4432 δὲ
1790 4371 1859 4436 oodric

1087 4445 1232 4525 μέμνηται.
1252 4446 1364 4517 Ἐπειδὴ
1379 4447 1427 4518 τὴν
1443 4447 1612 4520 Ἐκκλησίαν
1629 4452 1809 4528 ἐπολέμησαν,
1821 4449 1858 4508 καί

336 4536 408 4580 cutes
418 4523 547 4596 ferarum,
563 4524 657 4583 mortis
668 4524 764 4584 oblatae
779 4541 903 4602 terrores,
918 4541 1032 4607 sartagr-
1087 4527 1134 4598 τήν
1157 4530 1266 4605 μνήμην
1289 4525 1446 4584 ἀπώλεσαν·
1469 4532 1485 4597 ἠ
1511 4527 1540 4585 δὲ
1564 4527 1723 4601 Ἐκκλησία
1745 4532 1808 4609 ὑπὲρ
1822 4529 1858 4586 τὸν

314 4619 372 4678 nes,
387 4602 507 4660 fornaces
521 4628 527 4660 ι
539 4603 693 4683 pharetram
709 4605 809 4686 quippe
824 4627 901 4665 suam
914 4627 1029 4665 cvacua-
1048 4607 1067 4655 G
1086 4608 1160 4677 ἥλιον
1180 4607 1291 4684 λάμπει.
1312 4603 1401 4664 Ὅπου
1415 4604 1438 4662 δ’
1451 4603 1482 4662 διν
1499 4607 1637 4686 ἀπέλθῃς,
1655 4615 1693 4676 εἰς
1709 4611 1815 4682 Ἰνδούς,
1828 4611 1857 4672 εἰς

314 4679 354 4739 vit
369 4679 495 4740 diabolus
510 4704 517 4738 ε
530 4681 578 4741 sed
592 4682 743 4743 Ecclesiam
755 4706 808 4744 non
821 4685 898 4744 lesit.
917 4686 1028 4756 Quare?

312 4760 413 4817 Portoe
422 4762 512 4852 inseri
522 4781 583 4820 non
613 4765 791 4822 roevolebunt
803 4766 942 4825 adversus
954 4787 1028 4823 eam.

314 4838 389 4911 Quot
398 4838 434 4896 ab
444 4839 522 4898 mitio
534 4784 662 4899 Ecelisia
675 4841 712 4902 im
733 4843 895 4921 uguatoresi¹
911 4844 1030 4904 Ubinam

313 4915 375 4974 illi?
389 4917 502 4977 Silentio
515 4933 541 4978 et
554 4919 688 4980 oblivioni
740 4923 758 4981 ti
770 4936 833 4982 sunt
847 4937 892 4983 :et
907 4923 1028 4983 Ecclesia

312 4993 397 5054 floret.
409 4997 464 5054 Ubi
477 4998 630 5057 Claudius?
644 5000 691 5058 ubi
702 5003 862 5081 Augustus?
878 5002 926 5062 ubi
937 5003 1028 5063 Nero?

313 5072 361 5132 ubi
375 5074 523 5136 Tiberius?
537 5077 652 5137 Nomina
664 5100 737 5139 mera
749 5095 811 5140 sunt
822 5105 829 5139 ε
839 5081 937 5143 horum
950 5103 1028 5143 nemo

344 5262 354 5289 ν
373 5249 405 5300 tn
416 5252 495 5304 veteri
506 5253 619 5304 versione
630 5251 743 5339 additur,
756 5254 793 5307 ud
802 5248 942 5324 Ηὶιρσιιοι.

1087 4682 1224 4766 Μαυροδς,
1242 4688 1278 4752 εἷς
1302 4681 1461 4792 Πρετανοίις,
1475 4689 1532 4752 “eir
1547 4686 1596 4757 τήν
1608 4690 1778 4766 οἰκουμένην,
1792 4689 1857 4767 ulpi-

1085 4770 1155 4833 σεις,
1170 4764 1216 4824 Ἐν
1232 4769 1301 4846 ἀρχῇ
1314 4788 1347 4839 ην
1365 4769 1379 4823 ὁ
1394 4763 1496 4841 Λόγος,
1514 4766 1561 4824 καί
1585 4768 1646 4846 βίον
1661 4769 1792 4848 ἐνάρετον.
1809 4766 1856 4846 Πρδ

1084 4843 1136 4922 γδιρ
1150 4843 1241 4904 τούτου
1253 4845 1297 4902 καί
1314 4842 1404 4909 πόλεις
1415 4846 1441 4901 ἐν
1457 4844 1567 4925 ἀσεόείᾳ
1579 4848 1807 4927 πεπλημυμέναι·
1818 4853 1854 4902 νῦν

1085 4923 1112 4984 δὲ
1129 4924 1203 4995 καὶὴ
1219 4924 1316 5003 ἔρημος
1332 4921 1464 4989 εὐσεβείας
1476 4924 1686 5002 ἐμπέπλησται.
1702 4928 1761 5007 Πρδ
1775 4926 1853 4984 τούτου

1084 5001 1130 5063 καί
1167 5002 1300 5080 βασιλίδες
1328 5005 1480 5082 ὠρχοῦντο·
1504 5005 1637 5083 γενεσίων
1665 5007 1692 5067 δὲ
1722 5006 1852 5085 γενομένων

1062 5159 1066 5168 1
1084 5081 1204 5164 Ἡρώδου
1221 5083 1363 5164 ὠρχήσατο
1384 5082 1533 5165 ’ήθυγιίτηρ
1543 5083 1725 5164 Ἡρωδιάδος·
1751 5088 1849 5164 σήμερον
