3764 5992
108 532 174 580 112
412 529 441 576 S.
470 527 611 578 JOANNIS
636 524 818 575 CHRYSOST·
846 523 1006 574 ARCBIEP·
1033 524 1303 605 constantinop.-

102 654 238 738 apostolos
255 653 331 734 signa
354 673 408 713 non
426 653 533 730 iecisse,
545 653 673 731 majorem
697 651 819 731 ipsorum
871 648 982 723 πένητες
991 694 1000 723 ,
1019 648 1065 711 καί
1078 651 1316 733 εὐκαταφρόνητοι,
1332 649 1379 710 καί
1393 651 1586 734 ἀγράμματοι,
1599 654 1645 713 καί

102 744 220 806 ostendis
228 745 366 813 virtutem,
376 758 402 804 et
410 744 523 824 gratiam
532 739 747 820 divinam,quod
756 740 820 798 abs·
872 741 991 812 ἰδιῶται,
1014 741 1059 800 καί
1078 744 1205 816 εὐτελεῖς,
1221 743 1267 803 καί
1289 741 1391 802 δώδεκα
1403 743 1450 802 τὸν
1461 743 1585 823 ἀριθμὸν,
1597 746 1646 804 πό-

103 858 155 915 qne
168 835 253 917 signis
266 850 371 895 tantum
385 835 478 894 orbem
491 847 621 893 terrarum
636 831 771 912 potuerint
783 828 819 889 ad
870 834 925 900 λεις
948 834 1092 909 τοσαύτας,
1106 836 1152 895 καί
1166 836 1245 910 ἔθνη,
1258 837 1304 895 καὶ
1318 837 1432 915 δήμους,
1453 836 1500 896 καὶ
1517 838 1644 915 βασιλεῖς,

101 923 228 1004 pietatem
245 923 392 982 traducere.
407 923 465 981 Hoc
480 920 553 980 enirn
566 919 717 980 maximum
734 932 774 978 est
793 931 820 978 et
871 923 919 982 καί
937 925 1092 1007 τυράννους,
1117 926 1163 986 καὶ
1183 926 1351 1008 φιλοσόφους,
1374 927 1421 988 καί
1445 927 1576 1009 ῥήτορας,
1598 926 1644 987 καί

100 1013 260 1073 inusitatum
267 1013 439 1084 miraculum,
445 1033 509 1070 eum
518 1031 648 1092 pauperes
658 1023 818 1089 arqoemen·
870 1026 972 1092 πᾶσαν,
987 1022 1023 1086 ὡς
1037 1023 1129 1092 εἰπεῖν,
1145 1020 1194 1091 τὴν
1206 1024 1256 1098 γῆν
1269 1020 1351 1102 χωρίς
1364 1020 1484 1099 σημείων
1499 1020 1643 1100 φαίνωνται

101 1102 167 1177 dici,
183 1104 292 1185 abjecti,
304 1102 434 1176 illiterati,
443 1101 571 1183 imperiti,
581 1100 658 1176 viles,
672 1116 697 1160 et
707 1120 818 1161 numero
869 1107 936 1190 πρὸς
956 1110 1064 1177 ἑαυτοῦ,
1082 1110 1246 1180 mmm„
1273 1113 1368 1172 Βούλε,
1381 1111 1409 1172 δὲ
1423 1111 1469 1171 „t
1484 1118 1531 1170 ,η,
1544 1121 1644 1189 omne,

100 1192 244 1253 d⁰0d0⁰im
259 1206 298 1252 ¹⁰²
311 1193 402 1266 urbes,
417 1207 519 1273 gentes,
534 1193 660 1274 populos,
674 1211 759 1272 reges,
774 1204 818 1272 ty·
869 1201 994 1281 γινόμενα
1007 1205 1087 1280 idem
1101 1203 1174 1283 Ἐγύι
1188 1228 1230 1265 σοι
1243 1205 1319 1275 δείξω
1329 1205 1376 1265 καί
1387 1204 1496 1284 μείζονα
1509 1209 1563 1264 τῶν
1577 1227 1641 1282 προ-

100 1308 214 1365 rannos,
228 1287 418 1369 philosophos,
431 1301 564 1364 oratores,
579 1301 606 1345 et
625 1299 709 1345 totam
720 1305 819 1367 prope·
869 1292 962 1372 τίρων,
986 1297 1036 1376 οὐχ
1053 1293 1100 1355 ἕνα
1117 1295 1207 1376 νεκρὸν
1230 1296 1402 1378 ἐγειρόμενα,
1421 1299 1473 1377 ούχ
1485 1295 1533 1356 tva
1544 1295 1643 1376 τυφλδν

99 1377 212 1438 modum
230 1392 330 1439 terram
348 1379 450 1457 absque
468 1378 552 1458 signis
574 1378 708 1459 potuerint
730 1376 766 1436 ad
789 1398 818 1436 se
829 1427 854 1466 ,3
869 1384 1061 1460 αναύλίποντα,
1083 1387 1152 1447 ἀλλὰ
1174 1392 1270 1448 πᾶσαν
1286 1388 1335 1461 τὴν
1354 1393 1405 1467 γῆν
1427 1390 1459 1448 τὸ
1476 1374 1571 1454 σκότος
1594 1391 1640 1460 τῆς

98 1470 261 1552 pertrahere.
270 1473 312 1530 An
325 1490 389 1532 vero
402 1469 479 1551 enpis
491 1469 572 1529 etiarn
586 1490 658 1529 nunc
667 1469 727 1529 fieri
741 1470 853 1549 signat
868 1476 971 1547 πλάνης
993 1478 1172 1556 ἀποθεμένην·
1195 1483 1242 1560 οθγ
1267 1481 1313 1540 ἕνα
1328 1479 1425 1560 λεπρδν
1439 1478 1639 1561 καθαιρόμενον,

98 1563 304 1624 oemereiTibi
315 1583 364 1644 ego
374 1563 422 1622 illa
433 1577 459 1622 et
470 1563 572 1643 majora
580 1561 718 1643 prioribus
728 1576 817 1622 osten·
868 1569 927 1627 ἀλλ’
947 1569 1007 1644 ἔθνη
1030 1579 1144 1631 τοσαῦτα
1164 1571 1213 1644 την
1225 1549 1325 1653 λέπραν
1343 1575 1392 1643 τῆς
1405 1571 1541 1652 ἁμαρτίας
1553 1574 1637 1629 ’ἀπο-

98 1652 175 1731 dam,
190 1675 243 1714 non
252 1667 479 1714 unummortuum
488 1653 656 1729 suscitatum,
663 1675 717 1714 non
726 1653 817 1714 visum
868 1657 1005 1736 σμήξαντα
1019 1662 1065 1723 καί
1079 1662 1122 1723 διδ
1135 1672 1180 1724 τοῦ
1193 1666 1303 1744 λουτροῦ
1322 1663 1527 1744 παλιγγενεσίας
1540 1668 1638 1743 καθαρ-

98 1744 148 1803 uni
158 1764 228 1804 σασα
239 1745 408 1820 restitutum,
420 1744 468 1805 sed
478 1744 615 1805 discussas
627 1745 726 1805 erroris
739 1759 816 1805 tene-
867 1754 953 1814 θέντα,
968 1754 1005 1815 Τί
1017 1755 1115 1816 τούτων
1128 1758 1182 1814 τῶν
1194 1756 1312 1834 σημείων
1330 1759 1417 1835 μεῖζον
1433 1758 1581 1829 ἐπιζητεῖς,
1594 1755 1638 1814 όν-

99 1836 180 1914 bras,
191 1858 251 1916 quae
264 1851 348 1896 totam
361 1851 460 1897 terram
479 1850 692 1918 occupaverant:
705 1858 758 1896 non
777 1837 816 1896 le·
867 1851 973 1926 θρωπε,
994 1845 1087 1929 ἀθρόον
1104 1846 1234 1921 τοσαύτην
1254 1851 1302 1919 τῆς
1318 1847 1474 1928 σθωυμίνης
1488 1845 1640 1928 pemmo

97 1949 209 2009 prosum
230 1949 314 1987 unum
328 1928 555 2007 mundatum,sed
577 1942 616 1988 tot
629 1942 737 2007 gentes,
756 1950 816 2007 quae
867 1938 1140 2019 δρῶγφεγενημένην,

97 2019 199 2099 pensati
221 2019 326 2101 lepram
348 2020 541 2097 absterserunt,
556 2041 588 2080 ne
607 2041 655 2101 per
675 2019 815 2079 lavacrum

96 2111 304 2191 regenerationis
314 2111 451 2174 mundatae
463 2127 535 2174 sunt.
546 2111 629 2186 Quod
640 2111 747 2192 signnm
757 2133 814 2172 nra-

93 2200 141 2281 jus
159 2201 204 2262 his
221 2203 331 2283 quaeris,
344 2203 383 2262 mi
404 2203 496 2276 horno,
513 2224 575 2263 eum
588 2216 691 2264 tantam
709 2218 735 2263 ot
759 2218 814 2264 tam

96 2307 204 2374 repente
214 2295 312 2354 [acum
324 2295 500 2355 mutationem
511 2295 660 2378 conspicias
671 2301 685 2353 θ

136 2383 164 2444 8.
177 2385 245 2447 Vin’
255 2399 285 2474 tu
294 2385 452 2466 intelligere,
462 2385 630 2466 qnotandem
639 2388 813 2469 pactovisum
904 2386 997 2449 Βούλει
1030 2393 1122 2466 μαθεῖν
1150 2390 1208 2455 πῶς
1231 2386 1380 2469 οῖναόλέψαι
1404 2387 1455 2461 την
1479 2387 1637 2467 οίκουμίνην

95 2474 223 2536 universo
247 2490 381 2536 terrarum
407 2476 466 2537 orbi
493 2479 640 2539 restitnerit
668 2480 813 2542 Christus?
864 2481 1022 2554 ἐποίησενθ
1046 2479 1175 2559 Χριστός,
1197 2481 1238 2544 Ti
1251 2481 1376 2561 πρότερον
1396 2480 1427 2540 τὸ
1441 2480 1518 2549 ξύλον
1533 2479 1636 2541 »stete

94 2575 179 2632 Antea
190 2573 295 2654 lignum
305 2589 331 2634 et
341 2573 459 2656 lapidem
468 2564 812 2637 nonesistimnbenthomi·
863 2573 935 2633 λίθον
949 2576 997 2633 οὐκ
1011 2571 1128 2650 ἐνόμιζον
1143 2562 1209 2631 εἶναι
1224 2570 1297 2640 ξύλον
1307 2572 1353 2632 καί
1367 2571 1438 2632 λίθον
1453 2575 1478 2632 οἱ
1493 2573 1632 2656 ἄνθρωποι,

94 2682 141 2722 nes
160 2663 268 2745 lignum
282 2680 309 2726 et
327 2664 447 2747 lapidem
460 2688 524 2740 esse,
541 2689 637 2728 verum
657 2689 699 2727 res
720 2690 811 2731 sensns
864 2663 933 2726 ἀλλὰ
950 2663 1022 2732 θεοὺς
1038 2663 1147 2725 ἐκάλουν
1161 2663 1195 2723 τὰ
1210 2663 1370 2735 ἀναίσθητα»
1384 2663 1468 2733 οὕτως
1482 2655 1553 2736 ἦσαν
1569 2670 1634 2726 ἄπο·

93 2770 215 2836 expertes
235 2757 299 2818 deos
322 2758 468 2835 vocabant,
486 2759 552 2817 adeo
570 2760 695 2820 exonerati
714 2775 809 2822 erant:
863 2756 1074 2838 τετυφλωμένου·
1092 2756 1149 2815 νυνί
1167 2753 1195 2815 δὲ
1209 2745 1276 2814 εἶδον
1291 2754 1318 2813 τί
1337 2754 1421 2828 ξύλον,
1434 2755 1463 2813 τί
1475 2755 1561 2823 λίθος·
1575 2756 1631 2815 eut-

90 2846 150 2928 jam
169 2869 233 2909 vero
255 2849 324 2928 quid
347 2848 451 2928 lignum
462 2850 512 2923 sit,
527 2848 629 2927 quidve
642 2851 712 2932 lapis
727 2873 808 2912 norea
863 2847 1013 2910 moerori
1026 2847 1105 2914 Θεός.
1124 2845 1221 2906 Πίστει
1231 2844 1283 2926 γδιρ
1297 2845 1365 2924 μόνῃ
1380 2850 1518 2926 θεωρεῖται
1531 2851 1549 2917 ἡ
1564 2844 1630 2906 ἀνύ-

6 2961 30 2989 ω
38 2947 83 2993 rot·
93 2952 157 2999 runt
166 2963 175 3015 ς
184 2939 250 3018 quid
260 2939 563 3001 sitDeuserodiderunt.
574 2941 637 3002 Sola
647 2942 748 3024 quippe
755 2943 810 3003 fide
860 2941 951 3019 λεθρος
961 2939 1007 2999 καί
1017 2937 1137 3019 μακαρία
1145 2937 1221 3019 φύσις
1230 2937 1327 3011 ἐκείνη.
1345 2937 1440 2997 Βούλει
1451 2937 1480 2998 δί
1490 2939 1538 2996 καὶ
1547 2936 1633 3019 [tepor

3 3017 40 3116 {¹¹³
93 3031 254 3092 immortalis
266 3052 298 3090 ao
314 3030 391 3090 beata
401 3030 448 3089 illa
461 3043 558 3090 natura
571 3045 715 3110 spectatur.
724 3033 810 3095 Visne
825 3051 843 3099 n
862 3031 1030 3099 ἀναστάσεως
1048 3033 1110 3090 ῖδεῖν
1133 3038 1261 3109 σημεῖον,
1283 3029 1347 3090 Ἀπὸ
1366 3035 1415 3102 τῆς
1432 3035 1486 3090 τῶν
1507 3033 1630 3109 μαθητῶν

91 3121 169 3183 aliud
194 3143 301 3203 quoqne
324 3121 524 3182 resurrectionis
550 3122 660 3202 signum
687 3123 810 3204 intueri?
860 3122 1046 3204 γνιύμηςόψεο
1067 3121 1112 3182 καὶ
1135 3128 1213 3182 τοῦτο
1234 3121 1321 3198 μεῖζον
1343 3121 1480 3199 γινόμενον
1502 3122 1571 3200 μετὰ
1583 3120 1630 3193 τὴν

92 3214 138 3274 Ex
152 3215 211 3296 ipsa
224 3213 422 3295 discipulorum
432 3227 521 3273 mente
528 3229 649 3276 sumtum
661 3214 731 3274 illud
742 3237 810 3294 quo·
861 3218 1014 3276 ἀνάστασιν.
1035 3203 1091 3274 Καὶ
1107 3213 1159 3296 γὰρ
1176 3213 1250 3294 παρὰ
1262 3223 1344 3272 πᾶσιν
1357 3213 1544 3292 ὡμολόγηται,
1561 3212 1631 3274 ύτιθ

89 3328 144 3387 que
153 3308 241 3388 majus
251 3304 358 3366 ridebis
368 3318 429 3385 post
438 3306 657 3366 resurrectionem
667 3308 808 3368 affulsisse.
861 3308 910 3386 μὲν
932 3305 994 3388 περί
1011 3308 1096 3375 ζῶντα
1118 3305 1255 3384 ἄνθρωπον
1272 3306 1393 3370 εὐνοϊκῶς
1409 3303 1575 3383 διακείμενος
1585 3302 1631 3363 καί

90 3397 233 3479 Siquidem
252 3397 280 3456 in
294 3397 413 3456 confesso
430 3409 472 3456 est
483 3396 556 3476 apud
570 3402 662 3457 omn'es
675 3400 808 3478 eum,qui
861 3396 1034 3464 ἀποθανόντος
1055 3394 1119 3462 ἴσως
1136 3394 1195 3454 οὐδὲ
1216 3395 1362 3474 μίμνηται·
1385 3397 1400 3453 θ
1417 3393 1445 3454 δὲ
1462 3395 1526 3477 περὶ
1546 3399 1630 3463 ζῶντα

89 3486 807 3571 ergavirentemhominembenevolesitaffectos,ipso
860 3486 1018 3566 ἀγνωμόνως
1054 3485 1180 3553 διατεθείς
1211 3487 1256 3545 καί
1286 3485 1471 3564 ἐγκαταλιπὼν
1495 3487 1629 3565 περιόντα,

90 3594 197 3641 mortuo
210 3581 321 3639 sortasse
336 3600 369 3638 ne
383 3578 493 3658 quidem
506 3580 563 3659 ejus
577 3579 745 3639 meminisse:
759 3580 807 3660 qui
858 3580 950 3659 πολλῷ
964 3579 1065 3656 μᾶλλον
1078 3577 1252 3644 ἀποθανόντος
1265 3577 1429 3651 ίπιλήσεται.
1455 3575 1537 3637 Ὅθεν
1549 3578 1629 3646 οὐδεὶς

89 3693 156 3734 τετυ
169 3673 239 3732 maie
249 3671 361 3732 affectus
371 3673 406 3730 sit
423 3692 486 3752 erga
498 3671 598 3749 illurn,
611 3670 678 3730 dum
691 3672 804 3752 viveret,
858 3674 911 3730 τῶν
927 3668 1072 3750 ἀνθρώπων
1085 3669 1130 3728 τὸν
1150 3668 1225 3748 φίλον
1242 3668 1288 3727 καὶ
1306 3668 1352 3728 τὸν
1377 3666 1543 3728 διδάσκαλον
1557 3669 1631 3750 ἀφείς

89 3777 116 3824 et
125 3763 296 3845 superstitem
305 3763 462 3838 deseruerit,
473 3761 559 3823 multo
568 3763 655 3843 magis
665 3763 805 3825 immemo·
859 3766 945 3832 ζῶντα
964 3761 1009 3821 καί
1030 3758 1225 3840 ἐγκαταλιπὼν,
1249 3759 1443 3832 τελευτήσαντα
1456 3759 1520 3839 περί
1532 3763 1629 3820 πολλῶ

89 3877 147 3916 rem
166 3855 286 3915 defuncti
317 3857 449 3914 futurum.
466 3857 529 3931 Quo
548 3855 590 3932 fit,
608 3869 639 3915 ut
658 3877 736 3917 nemo
757 3857 806 3937 qui
859 3862 993 3925 ποιεῖται,
1007 3852 1053 3910 καλ
1067 3851 1183 3927 μαλιστα
1196 3848 1258 3909 όταν
1277 3850 1411 3919 κινδύνους
1430 3851 1540 3929 μυρίους
1555 3854 1628 3931 corp

89 3947 207 4007 amicum
227 3946 421 4027 magistrumve
434 3947 604 4026 superstitem
626 3947 763 4026 reliquerit
773 3934 805 4009 ao
858 3945 1046 4028 reponsorium<
1066 3940 1119 4002 ἀπδ
1139 3946 1188 4012 τῆς
1207 3941 1269 4024 περί
1286 3944 1384 4002 ἐκεῖνον
1402 3943 1520 4013 σιτωαδῆς
1533 3942 1627 4022 βλίττη,

88 4037 246 4115 deseruerit,
263 4038 318 4096 rita
334 4035 457 4095 sunctum
474 4036 585 4116 plurimi
600 4038 690 4111 faciat,
704 4060 736 4099 ae
746 4054 805 4101 turn
859 4037 928 4099 Ἀλλ’
948 4034 1003 4095 ίδοίι
1023 4042 1100 4095 τοῦτο
1121 4032 1152 4092 τὸ
1166 4033 1211 4091 ἐπὶ
1227 4034 1338 4112 μηδενὸς
1351 4033 1507 4110 συμύαῖνον,
1524 4033 1570 4094 ieri
1582 4038 1628 4093 τῶ

88 4130 232 4212 precipue,
245 4152 307 4190 curn
321 4142 431 4210 propter
444 4128 593 4188 exhibitam
608 4129 635 4188 in
650 4150 712 4189 eum
725 4131 806 4192 bene-
821 4135 840 4184 C
858 4130 974 4207 Χριστοῦ
992 4126 1038 4185 καὶ
1056 4128 1108 4184 τῶν
1131 4123 1284 4184 ἀποστόλων
1305 4124 1423 4204 ἐγίνετο,
1443 4124 1489 4184 καί
1504 4129 1529 4185 σί
1543 4128 1628 4194 ζῶντα

88 4221 237 4282 volentiam
253 4221 328 4280 mille
345 4220 463 4301 pericula
476 4220 529 4279 sibi
539 4220 638 4280 viderit
651 4221 802 4284 imminere.
857 4220 934 4281 αύτδν
953 4217 1130 4301 ἀρνησόμενοι
1152 4216 1198 4276 καί
1217 4217 1456 4298 ἐγκαταλιπόντες,
1469 4216 1516 4277 καί
1530 4219 1629 4290 συλλη-

88 4313 161 4375 Ευσε
175 4327 263 4373 tamen
276 4311 347 4371 illud
361 4310 432 4390 quod
454 4311 522 4370 nulli
532 4311 642 4384 accidit,
656 4311 685 4370 in
696 4313 804 4375 Christo
857 4310 955 4393 φθίντα
976 4308 1098 4390 ἀφίντες,
1128 4308 1173 4368 καί
1200 4309 1432 4381 ἀποπηδήσαντες,
1455 4305 1525 4385 μετὰ
1546 4307 1628 4389 μυρία

87 4405 266 4488 etdiseipulis
276 4403 377 4479 evenit,
387 4417 413 4462 et
424 4403 472 4481 qui
487 4403 624 4464 viventem
634 4403 714 4463 ilium
724 4427 805 4487 nega·
857 4406 946 4463 ε’κεῑνα
969 4402 1054 4472 ὀνείδη
1074 4400 1120 4459 καί
1145 4399 1191 4459 τδν
1212 4400 1333 4481 σταυρὸν,
1355 4397 1422 4459 οὕτω
1442 4399 1505 4478 περὶ
1529 4402 1629 4460 πολλῶ

87 4511 183 4558 verant
202 4517 234 4555 ae
254 4493 441 4568 deseruerant,
454 4507 480 4553 et
500 4495 721 4575 comprehensum
741 4497 805 4568 reii-
856 4493 1032 4567 πεποίηνται,
1052 4495 1089 4558 ὡς
1101 4491 1147 4551 καί
1160 4490 1207 4559 τδις
1219 4490 1307 4572 ψυχὰς
1319 4493 1455 4550 ἐπιδοῦναι
1466 4488 1515 4559 τδις
1528 4494 1629 4551 ἑαυτῶν

86 4587 419 4668 querant,etansngerant,
427 4599 486 4667 post
498 4586 637 4646 innumera
648 4587 801 4670 illaoppro·
856 4585 922 4666 ὑπὲρ
944 4590 991 4657 τῆς
1013 4588 1049 4675 είς
1072 4582 1148 4642 αὐτδν
1169 4578 1309 4663 δμολογίοις
1328 4581 1509 4649 καίπίστεως.
1532 4582 1629 4643 Καίτοι

85 4678 156 4754 bria,
165 4694 192 4740 et
202 4677 393 4755 crucem,tanti
403 4698 464 4736 enm
475 4678 603 4751 fecerunt,
613 4691 644 4736 nt
652 4700 702 4760 pro
716 4680 803 4761 ipsius
855 4701 887 4754 γε
909 4679 932 4736 εί
946 4675 991 4735 καί
1007 4675 1058 4735 *οὐ
1073 4672 1254 4745 τετελεύτήκει
1275 4672 1390 4754 Χριστὸς
1401 4672 1448 4732 καὶ
1459 4675 1508 4733 ονἰκ
1521 4675 1628 4748 ἀνέστη,

86 4771 287 4832 ooniessioneae
297 4768 351 4827 fide
360 4769 463 4827 animas
474 4768 623 4828 etiamsoas
631 4785 801 4851 exponerent,
854 4773 912 4836 πῶς
931 4758 986 4848 εἶχε
998 4767 1075 4843 λόγον
1087 4766 1147 4835 τοὺς
1158 4764 1238 4836 ἡνίκα
1251 4765 1296 4836 ίζη
1310 4765 1439 4847 φυγόντας
1450 4763 1494 4824 δεδι
1507 4765 1552 4825 τὸν
1564 4767 1628 4825 tm·

83 4862 232 4923 Enimvero
244 4861 268 4934 si
292 4873 414 4919 mortuos
437 4859 529 4919 suisset
554 4861 689 4943 Christus,
716 4884 802 4942 neque
854 4858 974 4937 κείμενον
993 4859 1120 4927 κίνδυνον,
1134 4857 1214 4931 ἡνίκα
1235 4858 1387 4930 ἐτελεύτησε
1403 4856 1506 4940 μυρίοις
1520 4855 1629 4923 {eorde

83 4951 283 5027 resurrexisset,
301 4951 349 5031 qui
370 4949 429 5009 fieri
447 4949 593 5031 potuisset,
607 4965 637 5010 nt
655 4953 712 5030 qui,
734 4952 800 5013 dum
854 4953 889 5011 δι’
911 4954 1008 5010 ἐκεῖνον
1026 4949 1357 5032 repromittentem
1378 4953 1415 5011 0t
1434 4947 1482 5028 μὲν
1494 4942 1539 5008 ὧν
1551 4949 1629 5008 ἄλλοι

82 5058 216 5130 superstes
226 5056 302 5119 esset,
310 5041 346 5103 ob
354 5040 506 5125 pericnlum
516 5040 657 5102 imminens
664 5043 799 5123 ingerant,
854 5042 951 5109 πάντες
973 5041 1076 5124 ἔφυγον,
1101 5041 1203 5125 Πίτρος
1218 5041 1249 5102 δὲ
1260 5041 1306 5102 καί
1319 5042 1455 5124 ἠρνήσατο
1468 5043 1526 5118 μεθ’
1545 5039 1625 5121 ὅρκον

113 5238 125 5265 ⁸
141 5219 215 5277 00¹b·
227 5226 415 5287 monetatum«.
862 5221 917 5271 scit.
931 5215 1038 5271 Emend.
1049 5217 1125 5282 λῖτα]

115 5306 128 5329 ‘
144 5297 299 5371 [θοίοαύυια
312 5295 410 5352 νίύσιυι·
423 5300 457 5360 οὐ,
470 5293 539 5364 quod
551 5296 678 5364 Interpres
690 5312 742 5348 non
757 5311 836 5366 ⁸5²⁰·
