3764 5992
111 409 158 495 4ο
429 423 460 472 s.
487 421 628 471 scaurus
652 420 833 469 cunvsosr.
865 421 1023 469 ancumr.
1049 420 1319 469 consularium).

111 552 158 630 lis,
172 564 260 633 potes,
275 563 302 610 et
315 547 403 630 gloria
416 545 600 608 circumdatus
609 567 649 620 es,
660 566 827 624 quamnemo
880 547 1011 608 τοσώτων
1029 551 1102 625 ἡμᾶς
1115 544 1259 614 ἀξιώσαντι
1271 547 1388 624 ἀγαθῶν,
1405 542 1449 603 ὅτι
1471 545 1545 624 αὐτῷ
1558 542 1649 624 τρίται

112 643 198 725 possit
209 643 323 702 aut'erre.
340 644 394 701 Pro
413 638 458 698 his
477 651 568 697 autem
580 637 707 697 omnibus
728 637 830 717 gratias
880 651 956 700 πᾶσα
965 639 1026 708 doio
1033 683 1043 713 ,
1053 636 1120 717 τιμὴ
1131 638 1177 697 καλ
1185 637 1297 719 κράτος,
1308 638 1347 716 τῷ
1357 634 1448 715 Πατρὶ
1455 679 1466 713 ,
1479 635 1578 715 καὶτῷ
1588 637 1650 716 Tiri,

111 756 225 815 agamus
238 734 279 808 ei,
299 733 346 813 qui
367 753 416 791 nos
435 731 517 790 mutis
537 729 720 810 dignatusest
733 730 828 806 honis3
881 731 928 793 καλ
949 735 989 811 τῷ
1011 731 1079 812 ἁγίῳ
1099 729 1255 808 Πνεύματι,
1276 727 1379 789 νῦνκαλ
1392 726 1450 804 ἀεὶ,
1472 725 1521 787 καλ
1540 729 1577 793 εἰς
1596 725 1651 792 coir

112 827 177 904 quia
191 825 244 906 ipsi
258 823 383 884 convenit
395 822 482 882 omnis
493 822 590 901 gloria,
603 820 691 880 honor
705 835 732 880 et
744 821 830 903 irnpe-
883 828 981 892 αἰῶνας
991 828 1044 885 τῶν
1054 823 1167 884 αἰώνων.
1181 820 1274 900 Ἀμήν,

112 917 197 993 rium,
213 917 299 987 Patri,
321 914 393 975 Filio
412 927 439 973 et
455 912 570 993 Spiritui
592 925 699 986 sancto,
713 933 786 973 nunc
804 926 831 972 et

112 1028 233 1088 semper,
245 1019 272 1067 et
285 1006 315 1065 in
324 1004 422 1066 saemla
432 1002 602 1064 seculorum.
611 1007 709 1063 Amen.

124 1212 1633 1254 m

681 1428 1096 1555 MONITUM

454 1739 523 1813 ΑΙ)
554 1738 832 1813 HOMlLlAM
863 1739 917 1813 ΙΝ
947 1735 1317 1813 PARALYTICUM

648 1991 721 2052 PER
741 1990 903 2052 TECTUM
923 1989 1129 2051 DEMlSSUM.

156 2230 232 2291 lianc
256 2229 398 2290 homiliam
419 2250 472 2290 uon
489 2230 643 2312 publicavit
663 2230 796 2289 Henricus
818 2227 938 2290 Savilius
944 2252 954 2306 3
972 2226 1019 2289 sed
1032 2229 1108 2310 prior
1121 2248 1155 2288 ex
1176 2226 1292 2287 tenebris
1305 2249 1341 2288 cx
1359 2247 1414 2287 uno
1437 2240 1544 2288 tantum
1559 2228 1655 2289 Codice

114 2325 186 2384 eruit
199 2327 299 2385 Fronto
314 2327 439 2384 Ducaeus.
455 2324 535 2401 Anni,
544 2346 600 2404 quo
617 2324 710 2383 habita
731 2323 788 2382 haec
807 2323 871 2400 suit,
885 2320 1067 2402 temporisque
1084 2335 1186 2392 uotam,
1196 2342 1255 2380 meo
1265 2320 1381 2402 judicio,
1395 2341 1449 2381 non
1461 2320 1576 2381 dubiam
1590 2345 1655 2404 sup-

114 2417 217 2499 peditat
228 2418 438 2499 chrysostomus
449 2416 478 2475 in
490 2417 614 2495 exordio,
629 2438 691 2476 cum
706 2416 745 2475 ait
757 2437 785 2474 se
797 2435 885 2496 nuper
895 2413 930 2472 de
946 2413 1110 2495 Paralytico,
1125 2414 1172 2493 qui
1190 2413 1268 2473 annis
1286 2413 1397 2494 triginta
1417 2428 1477 2474 octo
1501 2415 1656 2475 infirmitate

114 2507 238 2570 detentus
250 2511 348 2585 suerat,
358 2529 508 2568 sermonem
521 2509 660 2568 habuisse:
673 2507 721 2567 ubi
737 2529 796 2567 earn
810 2526 957 2565 memorare
978 2526 1088 2586 prorsus
1097 2504 1214 2588 videtur,
1219 2505 1371 2578 homiliam,
1384 2528 1466 2585 quam
1477 2521 1572 2566 contra
1585 2512 1655 2567 Ano

115 2623 198 2662 maeos
211 2600 400 2661 duodecimam
418 2601 559 2681 posuimus
578 2601 666 2660 Tomo
680 2601 704 2659 Ι.
718 2601 749 2658 ln
763 2599 811 2657 illa
825 2597 927 2679 quippe
944 2611 1035 2656 contra
1050 2600 1193 2656 Auomoeos
1211 2597 1347 2678 praecipuo
1361 2598 1463 2677 agitur,
1478 2599 1656 2680 exemploque

56 2726 62 2735 ·
115 2693 259 2775 paralytici
274 2694 398 2752 amnrbo
416 2693 525 2752 liberati
538 2694 669 2771 aequalem
689 2706 806 2772 paternae
827 2689 893 2749 Filii
906 2701 1066 2769 potestatem
1078 2690 1309 2750 commonstratS.
1321 2689 1415 2750 doctor
1426 2714 1436 2769 ρ
1452 2690 1520 2770 quin
1532 2690 1656 2751 ctiamut

116 2785 181 2844 Filii
197 2805 258 2842 cum
274 2787 353 2842 Patre
370 2782 550 2860 aequalitatem
563 2798 672 2858 asserat,
687 2782 760 2840 hunc
773 2780 916 2861 Evangelii
930 2780 1028 2855 locum,
1047 2784 1140 2840 Pater
1153 2802 1233 2841 meus
1253 2802 1344 2865 usque
1358 2783 1444 2841 modo
1466 2796 1617 2862 operatur,
1628 2796 1657 2842 et

116 2896 168 2957 ego
188 2895 301 2954 operor,
317 2873 519 2955 explanandum
532 2873 656 2955 suscipit.
672 2872 741 2932 Hinc
752 2872 834 2932 etiam
846 2868 923 2930 aliud
932 2885 1121 2950 argumentum
1133 2871 1262 2948 eruimus,
1272 2894 1326 2951 quo
1340 2872 1472 2953 probatur
1485 2872 1555 2932 hanc
1568 2872 1655 2932 homi·

114 2964 181 3025 liam
194 2965 289 3046 paucis
301 2979 362 3046 post
375 2964 451 3024 illam
461 2964 496 3024 dc
510 2966 564 3025 alio
573 2965 723 3047 paralytico
735 2963 832 3024 diebus
843 2963 1043 3046 pronuntiatam
1059 2965 1140 3024 luisse
1146 2988 1156 3044 3
1170 2965 1197 3024 in
1206 2964 1258 3024 hac
1271 2965 1344 3025 enim
1359 2986 1466 3044 quoquc
1474 2963 1511 3024 de
1521 2965 1586 3025 Filii
1596 2987 1655 3025 cum

115 3058 196 3117 Patre
209 3057 359 3136 squalitate
369 3057 471 3135 aliquot
487 3057 516 3116 in
527 3057 605 3131 locis,
619 3058 684 3118 licet
694 3057 790 3134 obiter,
803 3056 886 3117 verba
896 3057 969 3117 facit.
981 3059 1080 3132 Quare
1092 3058 1212 3118 maxime
1225 3080 1375 3128 movemur,
1393 3073 1422 3116 ut
1435 3058 1489 3117 hoc
1502 3057 1656 3131 exordium,

117 3151 192 3209 Cum
205 3152 237 3207 in
249 3150 454 3229 paralyticum
469 3153 561 3230 juata
570 3154 715 3230 piscinam
730 3155 762 3209 in
783 3151 857 3208 lecto
875 3152 1025 3231 jacentem
1040 3172 1132 3231 nuper
1147 3153 1359 3223 incidissemus,
1371 3151 1496 3209 multum
1513 3164 1542 3210 et
1554 3154 1657 3232 ingen-

117 3254 175 3300 tem
201 3244 370 3302 thesaurum
400 3245 575 3315 invenimus,
601 3241 637 3302 de
665 3243 712 3302 illa
737 3241 851 3301 homilia
871 3240 900 3300 in
920 3243 1106 3324 Paralyticum
1135 3243 1245 3323 triginta
1270 3264 1403 3302 annorum
1427 3240 1661 3323 Constantinopoli

117 3354 187 3392 anno
200 3334 260 3394 598
273 3333 366 3392 hahita
384 3333 591 3413 intelligendum
604 3355 760 3395 censeamus
770 3348 864 3412 :atque
882 3332 950 3393 adeo
960 3334 1030 3393 hanc
1042 3335 1185 3395 homiliam
1199 3334 1228 3395 in
1243 3335 1428 3418 Paralyticum
1442 3356 1492 3416 per
1502 3346 1604 3393 tectum
1615 3333 1660 3392 de·

118 3424 230 3486 missum
245 3426 338 3506 paucis
351 3439 413 3506 post
427 3425 524 3485 diebus
546 3425 777 3506 eodemqueanno
794 3426 1026 3507 Constantinopoli
1040 3426 1160 3487 habitam
1171 3440 1329 3487 statuamus.
1336 3429 1368 3486 In
1381 3427 1433 3485 hac
1445 3448 1526 3507 porro
1536 3425 1663 3486 concione

118 3516 244 3598 pluribus
256 3514 421 3577 demonstrat
430 3517 651 3600 chrysostomus,
661 3518 840 3598 evangelistas
851 3517 921 3578 iuter
933 3541 962 3579 se
975 3521 1093 3580 maxime
1106 3520 1266 3599 consentire,
1281 3519 1407 3600 huncque
1415 3520 1602 3603 paralyticum
1616 3539 1663 3600 per

118 3610 223 3690 tegulas
234 3609 391 3686 demissum,
402 3611 543 3672 diversum
558 3633 614 3671 esse
623 3612 660 3670 ab
674 3632 715 3684 eo,
731 3611 778 3690 qui
785 3611 866 3691 juxta
879 3611 1011 3693 piscinam
1019 3613 1137 3693 jacebat.

159 3701 346 3783 interpretatio
362 3704 511 3765 batinaest
525 3704 669 3764 Frontonis
685 3703 788 3765 Ducaei.

128 3917 1661 3949 ....—-—.--.-

390 4083 577 4144 HOMILIA
858 4088 878 4135 B
1209 4088 1343 4147 0lllllllh

120 4273 159 4330 ln
172 4269 384 4346 Paralyticum
392 4290 446 4350 per
456 4282 565 4329 tectum
583 4270 753 4343 demissum,
765 4270 845 4351 quod
896 4272 945 4340 Εἷς
955 4272 1000 4334 τὸν
1012 4272 1191 4355 παραλυτικὸν
1208 4272 1254 4333 διὰ
1268 4276 1315 4345 τῆς
1326 4272 1420 4354 στέγης
1432 4272 1616 4353 χαλασθέντα,
1630 4271 1671 4331 ὅτι

163 4385 223 4422 nnn
236 4366 273 4422 sit
286 4360 350 4435 ilie,
362 4363 399 4420 de
409 4383 466 4443 quo
476 4363 557 4441 apud
565 4363 713 4421 loannem
726 4367 825 4445 agitur
829 4384 844 4438 ,·
937 4368 985 4426 οὔκ
996 4365 1073 4434 αὐτός
1092 4368 1163 4425 ἐστιν
1176 4371 1191 4426 h
1204 4366 1277 4447 παρὰ
1288 4371 1327 4446 τῷ
1338 4366 1449 4446 Ἰωάννῃ
1463 4365 1603 4444 κείμενος·
1626 4366 1671 4425 καὶ

160 4457 254 4538 deque
267 4456 342 4514 Filii
355 4476 422 4514 cum
437 4457 537 4533 ¹Patre
550 4455 732 4536 aequalitate.
937 4457 999 4542 περὶ
1011 4464 1059 4532 τῆς
1067 4465 1113 4518 τοῦ
1123 4460 1188 4528 Υἱοῦ
1203 4457 1267 4541 πρὸς
1280 4458 1324 4520 τὸν
1336 4459 1447 4542 Πατέρα
1463 4458 1594 4530 ἰσότητος.

163 4657 192 4714 1.
216 4654 285 4713 Cum
307 4651 335 4712 in
358 4650 540 4734 paralyticum
559 4652 640 4732 juxta
665 4650 796 4732 piscinam
817 4653 846 4714 iu
938 4654 1130 4738 Περιτυχόντες
1154 4657 1246 4739 πρῴην
1271 4661 1310 4738 τῷ
1334 4658 1508 4737 παραλυτικῷ
1538 4654 1603 4736 περὶ
1625 4654 1673 4728 τὴν

122 4746 191 4806 lecto
206 4747 340 4826 jacentem
362 4766 448 4826 nuper
467 4743 667 4823 incidissemus,
681 4745 800 4806 multum
820 4760 847 4806 et
899 4749 1137 4831 κολυμὸήθρανέπλ
1149 4755 1196 4824 τῆς
1217 4750 1307 4824 κλίνης
1320 4748 1448 4830 κειμένῳ,
1464 4748 1546 4809 πολὺν
1558 4749 1606 4807 καλ
1629 4749 1673 4827 με’-

88 4870 91 4875 ·
122 4837 257 4915 ingentem
272 4837 427 4896 thesaurum
439 4835 601 4912 invenimus,
616 4858 669 4897 non
683 4850 782 4897 terram
803 4840 846 4898 el·
899 4865 948 4922 γαν
964 4844 1113 4923 εὑρήκαμεν
1130 4842 1271 4924 θησαυρὸν,
1287 4842 1345 4923 οὐχὶ
1355 4848 1404 4921 γῆν
1419 4840 1597 4921 διορύξαντες,
1607 4841 1673 4902 ἀλλὰ

123 4928 264 5000 fodientes,
277 4928 326 4987 sed
338 4930 396 5009 ojus
416 4928 500 4989 animi
514 4950 590 5017 sopsa
607 4943 771 4989 scrutantes:
782 4931 846 4991 the·
899 4934 948 5007 rhu
959 4935 1074 4995 διάνοιαν
1089 4936 1167 4995 αὐτοῦ
1192 4933 1395 5014 διασκάψαντες·
1414 4934 1564 5014 εὑρήκαμεν
1577 4940 1674 5007 θησαυ-

123 5040 235 5080 saurum
246 5019 400 5079 invenimus
414 5042 467 5081 non
483 5042 582 5081 aurunt
595 5034 621 5081 et
635 5021 767 5103 pretiosos
777 5022 849 5105 lapi-
902 5027 944 5107 phv
962 5027 1022 5108 οὐχλ
1034 5027 1157 5108 ἀργύριον
1171 5026 1266 5107 ἔχοντα
1290 5027 1336 5086 καλ
1356 5026 1464 5110 χρυσίον
1478 5025 1524 5085 καλ
1536 5028 1625 5096 λίθους
1637 5049 1674 5085 τι·

122 5110 171 5172 des
186 5110 375 5184 continentem,
388 5112 437 5173 sed
446 5114 628 5192 tolerantiam,
636 5114 847 5197 philosophiam,
900 5120 992 5198 μίσος,
1010 5118 1079 5179 ἀλλὰ
1092 5117 1234 5199 καρτερίαν
1247 5117 1294 5178 καλ
1309 5119 1463 5201 φιλοσοφίαν
1476 5119 1522 5179 καλ
1542 5117 1674 5197 ὑπομονὴν

123 5200 294 5285 patientiam,
307 5214 334 5262 et
346 5203 459 5264 multam
470 5206 498 5266 in
510 5208 696 5289 Deumspem,
711 5229 848 5288 quaeauro
900 5211 946 5272 καὶ
958 5211 1058 5285 πολλὴν
1076 5210 1125 5283 τὴν
1138 5209 1203 5288 πρὸς
1216 5211 1260 5272 τὸν
1271 5212 1340 5273 Θεὸν
1356 5211 1465 5287 ἐλπίδα,
1476 5210 1494 5282 ἣ
1505 5212 1604 5280 παντὸς
1614 5234 1676 5292 χρυ·
