3764 5992
542 468 574 514 m·
602 467 730 515 ιιιειιιιι
755 470 799 516 m·
824 470 971 520 νιοιιιιιι.
1459 458 1521 554 391

140 642 1528 682 Q

223 800 285 860 ΕΙΣ
305 801 384 861 TON
405 802 523 862 llhth
1065 807 1104 865 ΙΝ
1120 806 1276 886 HELIAM,

140 981 176 1048 τίς
185 979 234 1053 rho
248 982 346 1063 χήραν,
359 983 478 1060 καὶπερὶ
492 986 678 1064 ἐλεημοσύνης.
903 990 944 1046 Et
957 991 988 1046 in
1001 991 1138 1061 ituream,
1153 1003 1181 1049 et
1194 993 1231 1050 de
1241 993 1439 1070 eleemosyna.

140 1188 154 1233 ς
174 1164 287 1247 ἡμέραις
307 1158 350 1236 αἷς
369 1168 541 1245 ίνηστεύομεν
559 1167 689 1239 ἅπαντας,
704 1164 763 1233 τούς
843 1170 984 1230 1.]λὶείιιιο
992 1172 1056 1247 illis,
1063 1172 1162 1251 quibus
1168 1175 1530 1257 jejunabamusomnes,eum

140 1257 305 1336 λιημοσύνης
319 1260 447 1328 πολλάκις
459 1261 581 1338 ἑλόμενος
594 1263 700 1330 κινῆσαι
712 1259 761 1319 tl·
812 1281 994 1340 sepenumero
1005 1284 1152 1323 sermonem
1165 1266 1303 1326 instituere
1315 1267 1351 1327 de
1363 1269 1530 1351 eleemosyna

140 1350 277 1431 ιρονύμην,
295 1353 344 1421 τῆς
369 1351 482 1432 ἑσπέρας
504 1350 762 1429 καταλαμύανούσης
811 1353 978 1432 statuissem,
1001 1356 1203 1436 superveniente
1216 1380 1325 1439 vespera
1334 1381 1395 1419 sum
1413 1361 1529 1441 impedi·

140 1460 183 1518 γοα
193 1440 386 1514 διακοπτούσης
395 1443 511 1520 ἡμῖντδν
522 1443 627 1521 δρόμον.
638 1444 724 1501 Τοῦτο
734 1441 761 1501 δὲ
813 1455 866 1512 tus,
883 1465 943 1522 quac
957 1445 1034 1503 nobis
1045 1467 1154 1505 cursum
1168 1448 1297 1507 orationis
1307 1451 1459 1532 interrupit.
1472 1452 1530 1513 Hoc

140 1536 173 1590 ὤ
186 1534 258 1593 Θεοῦ
269 1534 341 1613 τοίγε
351 1534 536 1616 συμφερόντως
551 1538 761 1611 οἰκονομούντος,
811 1555 875 1595 vero
886 1536 968 1596 debat
976 1539 1034 1597 Deo
1047 1539 1158 1599 sortasse
1169 1540 1196 1598 in
1206 1553 1325 1600 nostram
1336 1542 1480 1603 utilitatem
1492 1543 1530 1602 ita

140 1620 321 1706 ἡνπαρῶσαν
329 1626 432 1706 ἡμέραν
441 1625 489 1698 τὴν
499 1626 561 1707 περὶ
569 1626 668 1684 τούτων
680 1629 760 1706 ὓπερ·
811 1626 980 1707 disponente,
995 1643 1077 1707 atque
1096 1631 1123 1689 iu
1142 1631 1214 1692 hunc
1227 1632 1300 1691 diem
1318 1633 1529 1694 cohortationem

140 1716 294 1797 ωρσίνεσιν·
319 1717 362 1777 ίνα
387 1717 425 1796 μὴ
450 1717 520 1777 κατδ
545 1717 594 1790 τὴν
617 1717 759 1791 ἐκκλησίαν
811 1716 847 1776 de
860 1718 903 1776 nis
922 1719 1004 1778 rebus
1018 1720 1173 1781 differente:
1191 1745 1224 1782 ne
1232 1724 1298 1782 dum
1311 1745 1361 1785 vos
1378 1724 1531 1786 inertem

139 1830 155 1864 ν
169 1810 256 1884 ὑμῶν,
272 1808 354 1877 οὕτως
375 1814 392 1882 ἡ
417 1815 463 1882 τῆς
478 1808 657 1886 ἐλεημοσύνης
674 1833 759 1890 παρα·
811 1809 893 1869 divisi
906 1810 997 1884 eratis,
1009 1812 1183 1895 eleemosyna
1193 1835 1282 1874 mensa
1295 1814 1371 1875 vobis
1382 1836 1530 1897 apponere·

140 1902 179 1967 da
189 1900 340 1983 ’σήμερον
351 1906 397 1962 οὐκ
411 1901 502 1974 ἐπειδὴ
517 1901 585 1982 μίγα
604 1926 630 1961 τι
645 1901 690 1960 καί
701 1925 759 1979 γεν-
778 1905 795 1951 Β
811 1917 868 1961 tur:
884 1923 936 1962 uon
947 1903 1020 1982 quod
1035 1905 1116 1966 hodie
1130 1928 1258 1986 maguum
1269 1906 1374 1987 aliquid
1388 1921 1414 1966 et
1426 1908 1530 1988 insigne

140 2013 155 2057 ς
172 1989 271 2071 ίχομεν
285 1995 377 2065 εἰπεῖν,
391 1995 450 2052 ἀλλ’
476 1994 566 2064 ἐπειδὴ
587 1994 690 2072 μεγάλη
713 1994 758 2053 καὶ
809 1993 1120 2073 dicendutnhabeamus,
1135 1997 1182 2056 sed
1192 1997 1266 2077 quod
1276 2020 1373 2079 magna
1386 1999 1421 2058 sit
1431 2012 1458 2059 et
1469 2000 1528 2060 exi·

140 2084 346 2161 εἴκεηαοσύνης
363 2090 380 2156 ἡ
397 2085 517 2164 δύναμις,
534 2084 626 2157 Πολλὴ
646 2084 698 2167 γὰρ
712 2090 757 2143 τοῦ
810 2084 866 2144 mia
889 2085 975 2146 virtus
998 2086 1183 2167 eleemosyna.
1206 2089 1323 2148 Multam
1336 2090 1437 2170 quippe
1450 2089 1526 2149 fidu·
1577 2111 1681 2157 Eleemo-

149 2178 168 2247 ἡ
183 2175 322 2255 παρρησία
334 2176 400 2255 πρὸς
414 2176 459 2237 τὸν
473 2175 555 2237 Θεόν·
571 2178 617 2235 καὶ
638 2176 758 2257 καθάπερ
810 2176 880 2235 eiam
894 2176 970 2257 apud
980 2179 1068 2237 Deum
1079 2199 1120 2237 res
1133 2180 1183 2238 ista
1197 2179 1333 2258 conciliat,
1348 2194 1375 2239 et
1388 2187 1594 2259 tamquamffl·
1606 2176 1681 2234 ‘issi‘

140 2261 214 2324 imea
228 2271 276 2338 τῆς
290 2271 349 2326 καθ’
364 2275 436 2344 ἡμᾶς
455 2268 601 2342 πολιτείας,
612 2268 680 2327 ούτω
690 2268 758 2346 μετδι
808 2268 901 2347 regina
911 2268 1037 2348 quadam
1046 2269 1201 2349 religionem
1212 2285 1329 2330 nostram
1340 2293 1433 2353 regens
1443 2273 1529 2332 multa
1538 2243 1578 2280 ω’

140 2360 183 2428 λῆς
195 2360 249 2416 τῶν
263 2359 388 2437 ὠρανίων
401 2359 502 2438 ἀψίδων
514 2356 659 2417 ἐπιύαίνειν
669 2357 757 2416 είωθε·
809 2381 871 2419 eum
888 2362 1032 2420 securitate
1042 2360 1158 2422 caelestes
1171 2365 1276 2442 ingredi
1290 2364 1367 2423 sedes
1377 2364 1528 2443 consuevit,

144 2448 234 2517 πύλας
246 2455 300 2509 τῶν
314 2455 428 2530 οὐρανῶν
441 2450 668 2533 ἐγκεχειρισμέναι
681 2450 757 2509 δυνοί·
809 2463 836 2510 et
848 2452 912 2526 illae,
926 2453 1027 2531 quihus
1039 2454 1166 2513 caelorum
1184 2455 1275 2536 januar
1288 2455 1436 2514 commissae
1450 2469 1527 2535 sunt,

140 2540 174 2603 lv
193 2540 273 2603 ἴδωσι
292 2543 341 2614 τὴν
359 2543 537 2620 ἐλεημοσύνην
560 2542 756 2614 ἐπιύαίνουσαν,
808 2557 959 2624 potestates,
970 2544 993 2603 si
1004 2545 1115 2624 quidem
1129 2544 1273 2604 intrantem
1285 2544 1404 2604 viderint
1412 2545 1528 2606 eleemo·

140 2639 167 2707 ῆς
176 2638 226 2703 τῆς
239 2640 318 2712 τιμῆς
328 2636 374 2695 καὶ
387 2645 444 2703 ταῖς
462 2636 555 2701 ἄλλαις
571 2634 604 2692 δι’
619 2633 698 2707 αὐτὴν
709 2632 757 2701 τδς
808 2655 915 2715 synam,
925 2636 1011 2695 multo
1022 2657 1084 2694 cum
1095 2637 1195 2695 honore
1204 2636 1316 2717 reliquis
1325 2639 1405 2696 etiam
1416 2637 1530 2697 virtuti-

140 2749 187 2794 νας
201 2726 348 2806 ἀνοίγουσιν
369 2730 490 2807 ἀρεταῖς·
505 2726 536 2784 διν
561 2725 588 2785 δὲ
603 2726 686 2806 χωρίς
708 2729 756 2797 τῆς
806 2725 859 2784 bus
872 2741 983 2808 propter
995 2728 1084 2807 ipsam
1102 2729 1172 2787 iores
1186 2727 1247 2787 illas
1261 2729 1400 2809 aperiunt:
1422 2729 1463 2788 sin
1479 2750 1529 2787 au·

140 2842 161 2891 ηε
180 2818 260 2880 ἴδωσι
279 2821 510 2900 παραγενομένας,
526 2817 695 2879 ἀποκλείουσι
709 2819 756 2887 τὰς
773 2821 792 2868 C
808 2830 861 2875 tem
871 2817 972 2896 absque
986 2819 1155 2899 eleemosyna
1170 2819 1481 2895 venireviderinnlores
1494 2820 1529 2879 il-

140 2919 187 2979 τῖς.
213 2911 268 2971 Kal
288 2917 365 2970 τοῦτο
391 2914 422 2971 ἐκ
441 2917 493 2971 τῶν
517 2910 652 2988 παροίνων
677 2912 754 2982 δῆλον
806 2908 841 2968 lis
855 2910 1011 2969 occludunt.
1025 2915 1113 2989 Atque
1126 2911 1177 2970 hoc
1190 2931 1223 2969 ex
1238 2910 1393 2991 virginibus
1406 2911 1463 2971 illis
1475 2934 1528 2994 pa-
1540 2936 1625 2983 mm„
1639 2936 1679 2984 25,

140 3001 208 3063 ’διδ
228 3010 305 3064 τοῦτο
318 3008 366 3074 τῆς
388 3008 459 3082 ἱερᾶς
481 3005 615 3070 παστάδος
630 3002 754 3062 ἀπεκλεί-
807 3015 854 3075 tet,
877 3023 937 3080 quae
959 3015 1099 3082 propterea
1119 3023 1195 3061 sacro
1213 3003 1261 3062 illo
1283 3003 1403 3062 thalamo
1418 3004 1528 3064 suerunt

140 3094 201 3166 τιδὴ
212 3094 328 3166 διηνεκὲς
338 3095 424 3154 ἔλαιον
439 3099 465 3154 ἓν
487 3105 543 3163 ταῖς
555 3094 693 3171 λαμπσίοιν
709 3097 755 3154 οὐκ
807 3093 932 3168 exclusae,
955 3093 1029 3173 quod
1042 3095 1133 3153 oleum
1153 3095 1180 3154 in
1203 3092 1375 3176 lampadibus
1394 3096 1451 3156 suis
1464 3119 1528 3179 per-

156 3184 253 3247 οκιίπει
277 3209 323 3264 μοι
340 3187 389 3257 τὴν
411 3186 547 3268 διαφοράν.
570 3185 754 3263 Ἐλεημοσύνη
804 3199 887 3266 petuo
901 3207 954 3245 non
966 3186 1104 3246 habereut.
1121 3187 1237 3246 Aemihi
1248 3187 1393 3248 discrimen
1404 3189 1530 3250 oonside·

140 3277 279 3357 παρθενίας
290 3274 349 3344 τοὺς
363 3279 444 3348 αὐτῆς
457 3276 598 3357 τροφίμους
609 3281 645 3346 εἷς
655 3278 698 3337 τ“ον
711 3282 754 3336 οὐ·
807 3297 846 3335 ra.
864 3277 1043 3358 Eleemosyna
1056 3278 1167 3357 quidem
1179 3279 1282 3357 absque
1296 3280 1451 3359 virginitate
1462 3302 1525 3342 suos

140 3393 216 3451 γαγε·
231 3369 360 3449 παρθενία
374 3369 402 3428 δὲ
418 3370 500 3452 Ιχωρὶς
515 3369 691 3449 ἐλεημοσύνης
708 3373 755 3430 οὐκ
806 3368 931 3428 alumnos
945 3368 1100 3429 introduxit
1110 3371 1138 3428 in
1149 3370 1244 3429 calum
1258 3394 1265 3427 :
1278 3385 1306 3428 at
1315 3371 1458 3450 virginitas
1468 3373 1528 3433 abs-

140 3463 195 3523 ἱπεὶ
206 3454 251 3521 οὖν
267 3463 382 3535 τοσαύτη
399 3471 444 3522 τοῦ
465 3464 620 3542 πράγματος
642 3468 658 3533 ἡ
678 3462 756 3521 δύνα-
806 3481 859 3538 que
880 3461 1049 3542 eleemosyna
1072 3461 1183 3519 minime
1195 3461 1294 3542 potuit.
1310 3463 1428 3536 Quando
1442 3463 1529 3542 igitur

140 3554 224 3626 τέο-ης
240 3557 354 3626 σπουδῆς
365 3556 411 3614 καὶ
424 3554 482 3621 τοὺς
497 3556 557 3634 περὶ
576 3559 655 3626 αὐτῆς
671 3553 755 3636 δεχώ-
807 3565 879 3611 tanta
904 3553 944 3611 rei
958 3553 1041 3635 hujus
1064 3567 1103 3611 est
1122 3553 1221 3630 virtus,
1241 3553 1314 3612 omni
1339 3553 1429 3613 studio
1445 3554 1527 3614 insti-

140 3648 286 3716 ιΓὲνσιτο
299 3649 320 3705 δ’
337 3646 367 3706 ἂν
383 3646 478 3727 ἀρίστη
500 3647 546 3706 καὶ
561 3647 686 3725 σύντομος
708 3655 754 3707 τοῦ
806 3658 877 3704 tutos
899 3645 934 3705 de
955 3667 986 3704 ea
1012 3665 1146 3704 sermones
1174 3644 1349 3725 excipiamus.
1379 3645 1527 3706 Enimvero

148 3745 167 3813 ἡ
182 3739 355 3819 παραίνεσις,
369 3742 391 3798 εἷ
416 3738 481 3821 πρὸς
503 3738 551 3810 τὴν
573 3739 660 3820 χήραν
685 3742 753 3817 ὑμᾶς
772 3757 789 3801 u
805 3736 993 3817 compendiosa
1007 3737 1089 3795 luerit
1102 3734 1251 3795 admodum
1265 3736 1300 3795 ad
1315 3737 1384 3796 hanc
1407 3758 1464 3796 rem
1479 3758 1527 3796 co-

140 3855 160 3890 ιν
169 3829 220 3904 τὴν
232 3833 261 3889 ἐν
273 3832 418 3911 Σαρερθοῖς
429 3836 476 3902 τῆς
489 3833 613 3899 Σιδῶνος.
625 3833 686 3890 Τῶν
700 3830 753 3912 γὰρ
805 3827 933 3903 hortatio,
945 3827 967 3886 si
980 3847 1029 3885 vos
1043 3826 1077 3884 ad
1091 3825 1207 3886 viduam
1218 3828 1338 3908 Sareptis
1348 3828 1458 3888 Sidonis
1471 3829 1526 3888 ha-

140 3920 313 3982 ίωλευόντων
328 3928 352 3982 oi
362 3924 405 3983 διδ
419 3928 471 3983 τῶν
486 3923 569 4004 ἔργων
583 3923 751 3990 παιδεύοντες
803 3921 935 3980 bitantem
958 3918 1135 3979 abducamus.
1161 3921 1232 3979 Nam
1255 3921 1304 3999 qui
1317 3921 1444 4002 operibus
1459 3920 1526 4002 ipsis

140 4038 185 4095 ροι
203 4015 360 4075 διδάσκαλοι
373 4015 504 4095 γίνονται·
523 4017 564 4076 διδ
579 4016 655 4087 καλή
679 4016 752 4097 χήρα
804 4013 958 4089 instruunt,
981 4012 1069 4071 multo
1089 4012 1227 4091 digniores
1240 4011 1294 4071 fide
1307 4014 1429 4093 magistri
1443 4014 1525 4090 suunt,

145 4108 306 4189 πράγματος
321 4109 414 4167 τούτου
428 4108 522 4183 γένοιτ’
539 4108 570 4167 ἂν
594 4113 657 4186 ἡμῖν
672 4108 750 4167 διδοί-
804 4124 885 4182 quam
898 4104 944 4184 qui
958 4104 1050 4166 verbis
1064 4104 1128 4163 solis
1142 4104 1285 4163 consilium
1296 4103 1381 4164 daut:
1395 4106 1524 4184 quocirca

140 4209 191 4268 ιεῐς
204 4199 254 4277 μὲν
269 4199 320 4279 γδρ
332 4199 403 4279 λόγῳ
415 4209 606 4281 παραινοῦμεν·
621 4201 708 4271 ἐκείνη
722 4199 749 4258 δὲ
803 4195 886 4256 vidua
908 4217 1016 4275 quoque
1029 4195 1107 4255 uobis
1130 4195 1168 4254 rei
1182 4196 1265 4275 hujus
1287 4197 1389 4277 optima
1403 4198 1454 4256 erit
1468 4221 1526 4258 ma·

140 4316 189 4372 γιιιιι
203 4294 274 4369 ὑμᾶς
290 4294 431 4350 παιδεῦσαι
450 4293 604 4364 δυνήσεται,
624 4291 672 4364 την
686 4291 749 4370 δμό-
803 4286 895 4366 gistra.
906 4287 1051 4366 Siquidem
1059 4309 1106 4346 uos
1115 4286 1207 4345 verbis
1215 4287 1325 4366 quidem
1335 4288 1524 4348 adhortamur:

140 4406 190 4444 νσα
214 4386 273 4462 μεθ’
294 4388 376 4455 αύτῆς
398 4385 612 4462 συνεζευγμένην.
627 4384 681 4445 Δύο
698 4387 749 4463 γάρ
801 4394 829 4439 at
844 4380 892 4439 illa
906 4402 955 4440 vus
969 4382 1096 4460 operibus
1109 4378 1204 4438 docere
1218 4381 1325 4460 poterit,
1339 4401 1402 4438 cum
1419 4380 1519 4440 eisdem

145 4481 176 4536 αἱ
189 4480 291 4557 χῆραι·
306 4477 355 4555 μία
368 4477 415 4555 μὲν
427 4479 453 4536 ἐν
468 4481 501 4556 τῇ
514 4481 615 4557 Κοινῇ,
630 4477 691 4548 ned
704 4475 749 4535 δύο
801 4472 946 4553 preditam
959 4472 1095 4545 moribus,
1109 4471 1210 4529 sociam
1223 4471 1321 4529 habeat
1344 4472 1396 4530 sihi
1410 4471 1521 4552 oopnla·

140 4564 280 4636 ὅαλοῦσα,
296 4566 345 4643 μία
367 4566 395 4625 δὲ
416 4569 442 4626 ἐν
463 4571 496 4644 τῇ
521 4568 642 4646 Παλαιᾷ,
667 4569 683 4636 ἡ
703 4565 747 4624 τὸν
801 4579 864 4624 tam.
880 4567 946 4624 Dua
960 4564 1063 4645 qnippe
1076 4576 1138 4622 sunt
1152 4563 1195 4622 hae
1210 4562 1312 4637 viduae,
1329 4584 1382 4621 una
1397 4563 1425 4622 in
1440 4565 1518 4623 Novo
1529 4593 1583 4638 nu„
1601 4596 1675 4642 viana

140 4654 305 4723 ποδίξασθαι
318 4657 522 4725 καταξιωθεῑσα·
536 4657 582 4715 καὶ
599 4656 745 4739 ἀμφότεραι
756 4656 981 4739 „,Testameuto,
1007 4675 1067 4732 quae
1089 4650 1144 4709 duo
1162 4651 1262 4710 mimna
1286 4652 1371 4729 misit,
1387 4652 1473 4711 altera
1487 4653 1515 4712 in
1526 4655 1571 4699 ‘³¹1⁰
1604 4665 1674 4702 ¹⁰¹¹·-

140 4746 204 4821 tels
217 4747 334 4827 ἔρθαοαν
348 4750 395 4819 τῆς
414 4749 566 4829 ριλοσορίας
583 4748 689 4830 ιἰρετὴν,
702 4751 746 4809 καὶ
765 4759 784 4801 Α
799 4749 901 4823 Veteri,
913 4768 974 4825 quae
985 4744 1144 4827 prophetam
1156 4745 1291 4823 suscipere
1303 4744 1419 4803 meruit:
1435 4759 1516 4823 atque
1525 4727 1673 4836 ffiff

140 4838 306 4906 ίιιεδείξαντο
319 4839 521 4919 φιλοφροσύνην,
535 4845 567 4917 τῇ
585 4847 637 4900 τῶν
651 4864 747 4923 κατορ-
799 4841 885 4901 amhae
900 4838 936 4899 ad
949 4837 1070 4898 eamdem
1085 4835 1263 4918 philosophice
1277 4835 1404 4896 virtutem
1420 4858 1514 4918 perve-
1526 4843 1581 4888 euc.
1593 4857 1632 4889 ²¹·

140 4929 258 5002 ωιύτητι
271 4929 320 5002 τὴν
334 4930 485 5010 συγγένειαν
502 4937 566 5009 ἡμῖν
578 4937 628 4991 τῶν
644 4937 746 5005 brubn-
799 4946 906 5006 nerunt,
922 4929 1096 5007 eamdemque
1111 4928 1263 4986 comitatem
1285 4927 1477 5002 exhibuerunt,
1491 4944 1671 5019 et3,1t03‚17‚

140 5022 246 5102 ύμιναι.
260 5021 389 5102 Καθάπερ
403 5020 455 5104 γὰρ
467 5024 590 5084 σκόπελοί
603 5049 671 5092 τινες
683 5027 748 5106 ὑψη
799 5046 911 5085 suorum
927 5035 998 5082 recte
1020 5021 1151 5080 laetorum
1167 5018 1346 5080 similitudine
1359 5021 1517 5082 Testamen-

140 5218 197 5258 etur
208 5202 331 5256 mendum
343 5203 453 5259 subesse.
