3764 5992
875 500 1055 549 nulsione.
1336 486 1339 495 ’
1659 488 1729 585 785

187 619 233 687 δῆς
262 615 308 688 τλν
337 618 514 696 τεθλιμμένην
538 622 594 681 ὁδὀν
618 621 737 683 διανύσαι
759 625 884 702 θενηθῇς,
910 625 959 697 τὴν
1006 624 1128 706 jusmodi
1139 628 1201 688 telis
1210 631 1375 714 superiorem
1387 631 1553 714 ταμιεύεται.
1564 634 1728 714 haeresim,

187 714 197 738 ²
208 708 273 785 πρὸς
285 709 363 768 αὐτὸν
375 709 529 788 ἀνάγουσαι.
1009 717 1032 775 si
1046 717 1127 779 modo
1139 719 1219 796 velis,
1234 721 1322 802 ipsam
1331 743 1438 803 quoque
1447 723 1511 784 vitae
1525 745 1653 808 pompam
1661 748 1728 789 ouu-

1010 820 1127 869 temnere
1139 833 1172 870 ac
1191 812 1357 892 proculcare.
1376 817 1471 875 Unum
1492 812 1521 875 id
1537 830 1638 897 specta,
1661 839 1729 898 quo·

1009 921 1072 960 nam
1082 916 1162 983 pacto
1175 916 1346 984 magnorum
1359 905 1451 966 studio
1462 928 1494 966 ac
1504 906 1644 988 diligentia
1653 909 1729 973 νίιιιι

1008 1006 1120 1071 meum,
1144 1016 1205 1073 quae
1217 995 1253 1056 ad
1275 997 1371 1057 caelnrn
1385 999 1470 1078 veluit,
1487 1000 1617 1063 conficere
1631 1023 1725 1082 queas.

209 1161 253 1241 ρζ’.
269 1165 382 1258 ίίίστῳ,
396 1167 548 1249 Οὐαλερίῳ,
565 1169 720 1251 Διοριίντιμ,
737 1170 783 1229 καλ
796 1172 957 1251 Ιίυριακῷ,Ι
1010 1173 1104 1232 CVII.
1130 1173 1230 1247 Casto,
1260 1177 1388 1250 Valerio,
1412 1180 1595 1260 Diophanto,
1620 1193 1650 1242 σθ
1668 1182 1728 1258 Cy·

474 1258 669 1340 πρεσύυτίροις.
1220 1272 1312 1342 riacO,
1324 1273 1513 1349 presbyteris.

226 1432 265 1493 Ὃ
280 1435 419 1513 συμύαίνει
439 1440 476 1517 τῷ
495 1438 597 1522 χρυσίῳ
616 1440 814 1520 βασανιζομένῳ
830 1442 958 1509 πολλάκις
973 1457 992 1504 Ε
1044 1437 1127 1509 Quod
1137 1459 1217 1518 auro,
1232 1439 1303 1500 cum
1311 1439 1368 1520 igni
1379 1462 1452 1523 saepe
1461 1443 1604 1524 probatur,
1615 1443 1725 1525 accidit,
1737 1460 1823 1507 cmm
1842 1478 1853 1506 ι

186 1528 237 1587 ὑπδ
255 1529 352 1608 πυρός,
374 1536 451 1590 τοῦτο
472 1533 517 1589 καλ
542 1541 599 1600 ταῖς
620 1543 732 1612 χρυσαῖς
751 1533 826 1593 stote
845 1533 958 1613 προσγί-
1008 1528 1060 1588 ltoc
1071 1529 1158 1593 etiam
1166 1531 1254 1592 aureis
1265 1531 1395 1592 animisa
1415 1523 1608 1595 tentationibus
1621 1537 1730 1598 evenire
1739 1538 1768 1568 ⁰⁰
1781 1523 1838 1581 4⁰⁵·

185 1624 273 1677 νεσθαι
291 1622 388 1701 ψωμοῖς
406 1622 458 1680 ύπδ
475 1625 527 1680 τῶν
545 1627 709 1702 πειρασμῶν.
727 1623 850 1697 Ἐκείνην
863 1647 893 1682 τε
906 1624 958 1702 γὰρ
1007 1619 1082 1679 solet.
1104 1623 1143 1680 Ut
1156 1622 1228 1690 enlm
1248 1622 1364 1682 llammae
1380 1638 1475 1684 natura
1487 1624 1629 1688 materiam
1643 1627 1730 1705 illam,

185 1709 232 1781 τλν
254 1711 318 1784 ύλην
339 1713 526 1795 λαμπροτέραν
546 1717 637 1794 πολλῷ
660 1714 705 1774 καί
731 1715 919 1796 καθαρωτέραν
939 1721 957 1788 ἡ
1007 1733 1070 1770 cum
1083 1712 1215 1790 quamdiu
1229 1714 1295 1774 artis
1308 1714 1351 1774 lex
1368 1716 1504 1796 permittit
1519 1737 1581 1777 cum
1597 1739 1628 1778 ea
1639 1739 1731 1779 versa·

184 1807 231 1874 τῆς
252 1806 345 1884 φλογὸς
369 1806 507 1886 ἀποφαίνει
522 1806 611 1887 ρύσις,
628 1811 756 1884 ὁμιλοῦσα
775 1811 841 1888 αὐτῇ
863 1809 957 1889 χρόνον
1005 1816 1062 1877 tur,
1084 1804 1163 1884 longe
1182 1805 1398 1887 splendidiorem
1412 1828 1444 1866 ac
1463 1807 1601 1888 puriorem
1616 1808 1727 1871 reddit:

184 1903 321 1970 τοσοῦτον,
344 1896 404 1956 ὅσον
426 1897 457 1955 θν
478 1903 492 1957 θ
514 1903 562 1968 τῆς
587 1898 681 1977 τέχνης
703 1898 839 1979 ἐπιτρέπει
863 1900 955 1979 νόμος·
1005 1893 1099 1954 eodem
1121 1893 1204 1956 modo
1226 1897 1406 1976 frequentium
1430 1899 1609 1960 tentationum
1629 1900 1727 1962 fornax

184 1987 290 2053 rosiers
315 1992 353 2067 τῷ
371 1989 473 2070 χρυσίῳ
492 1989 561 2049 κατὰ
582 1991 698 2051 διάνοιαν
718 1992 836 2059 έοικότας
855 1992 955 2072 ἀνθρώ·
1004 1986 1126 2047 homiues
1150 2009 1206 2065 eos,
1229 1988 1275 2068 qui
1296 2003 1384 2050 mente
1396 1989 1431 2050 ad
1445 1991 1505 2051 auri
1519 1991 1725 2082 similitudipetn

184 2103 264 2152 πους,
289 2080 399 2159 χρυσίω
422 2082 519 2148 παντὸς
540 2082 723 2163 φαιδροτέρους
745 2083 791 2142 καθ
812 2086 955 2144 mturar-
1004 2077 1147 2154 accedunt,
1171 2099 1238 2138 auro
1259 2080 1358 2158 quovis
1381 2081 1623 2162 splendidioresac
1644 2084 1725 2167 louge

183 2171 288 2251 στέρους
304 2172 371 2251 μετὰ
384 2175 484 2243 πολλῆς
497 2177 545 2244 τῆς
559 2173 709 2252 περιουσίας
724 2180 741 2247 η
761 2178 814 2235 τῶυ
834 2177 952 2250 ὶπαλλή.
1005 2170 1200 2249 prestantiores
1212 2169 1305 2229 efficit.
1319 2171 1363 2230 Oh
1378 2184 1490 2250 umque
1502 2194 1723 2256 causam,quam·
1833 2173 1834 2177 ’

182 2266 235 2322 λων
259 2268 414 2344 πειρασμῶν
434 2266 573 2346 έργᾶζεται
595 2265 713 2342 κάμινος.
735 2266 787 2326 Διδι
812 2266 844 2340 δὴ
867 2235 996 2344 ταῦταοὶΞ
1005 2259 1048 2321 vis
1060 2274 1115 2320 tam
1125 2261 1205 2341 longe
1218 2283 1234 2320 a
1248 2262 1327 2321 tubis
1338 2263 1452 2344 sejuncti
1464 2265 1560 2340 simus,
1575 2288 1624 2328 vos
1633 2282 1722 2330 tamen

182 2355 228 2414 καλ
252 2358 282 2414 ἐκ
306 2355 429 2416 τοσούτου
452 2357 598 2432 καθήμενοι
623 2358 954 2436 διαστηματος,οθααυό-
1003 2353 1095 2412 beatos
1117 2352 1264 2433 predicare
1282 2374 1429 2433 numquam
1453 2355 1610 2418 desinimus.
1640 2360 1723 2421 Scitis

182 2452 248 2524 μεθα
270 2449 395 2519 διηνεκῶς
416 2448 604 2528 μακαρίζοντες
624 2454 701 2526 ὑμᾶς,
722 2448 795 2510 Ἴατα
815 2451 877 2531 γὰρ,
897 2453 953 2513 tm
1002 2444 1086 2517 enim,
1094 2443 1184 2535 scitis,
1202 2444 1323 2523 iuquam,
1341 2445 1493 2527 perspicue,
1514 2463 1646 2527 quantum
1663 2450 1720 2512 ltu.

182 2542 286 2620 σαρῶς,
301 2539 361 2600 ὅσον
375 2545 429 2600 τῶν
441 2539 565 2600 τοιούτων
579 2540 726 2600 ἕπιύουλῶν
739 2542 771 2602 τδ
784 2542 890 2625 κέρδος,
908 2546 954 2605 καὶ
1000 2534 1291 2617 ju⁵ffl⁰ffil1¹8ldl³rum
1300 2536 1407 2596 luctum
1418 2537 1463 2614 sit,
1477 2540 1645 2622 atquehujus
1655 2543 1720 2604 vilae

181 2638 237 2702 πῶς
252 2638 326 2707 qvod
340 2632 468 2715 παρόντος
488 2634 615 2712 εὐημερία
636 2633 693 2712 βίου
707 2633 790 2712 ὄυομα
804 2634 883 2713 μόνου
896 2638 954 2697 ἐστὶ
1002 2626 1210 2708 prosperitatem
1216 2627 1320 2686 nudum
1331 2627 1505 2690 dumtaxatet
1516 2633 1720 2695 iuauevocabu—

180 2727 272 2805 ψιλὸν,
293 2725 449 2806 πράγματος
470 2725 568 2805 ἔρημον
575 2769 583 2799 ,
606 2724 641 2784 τὰ
656 2723 684 2786 δὲ
705 2726 835 2803 μέλλοντα
856 2729 953 2807 ἀγαθὰ,
1003 2719 1060 2779 lum
1068 2741 1338 2799 acrevacuumesse,
1346 2721 1437 2781 sutura
1446 2724 1623 2803 autembona‚
1631 2727 1720 2808 firma,
1834 2776 1837 2784 .

180 2817 334 2895 πεπηγότα,
349 2817 478 2890 ἀκίνητα,
492 2815 605 2895 μόνιμα,
617 2816 745 2877 ἀθάνατα.
760 2818 815 2878 Kal
829 2821 859 2878 οὐ
875 2825 954 2882 τοῦτο
1003 2811 1123 2886 Slahllla,
1135 2825 1219 2885 suta,
1233 2812 1405 2874 immortalia.
1421 2815 1477 2873 Nec
1490 2836 1555 2877 vem
1571 2816 1623 2877 ltoc
1635 2816 1718 2880 dum-

181 2909 258 2987 μόνον
281 2910 338 2970 ἐστὶ
357 2911 388 2969 τὸ
408 2913 498 2986 θαῦμα
511 2911 559 2978 τῆς
573 2909 681 2986 ἀρετῆς,
702 2911 743 2967 ὅτι
759 2915 870 2970 τοιαῦτα
888 2916 952 2989 ἡμῖν
1003 2917 1078 2962 taxat
1100 2902 1253 2962 admirandi
1268 2904 1356 2965 virtus
1370 2903 1462 2977 habet,
1478 2906 1552 2985 quod
1571 2907 1629 2971 ltaec
1641 2910 1720 2972 nobis

179 3002 214 3061 τὰ
228 3002 329 3061 ἔπαθλα
342 3001 502 3081 παρέχεται,
520 3001 578 3059 ἀλλ’
590 2997 632 3059 ὅτι
644 2999 690 3058 καὶ
703 3001 755 3080 πρὸ
765 3005 819 3061 τῶν
830 3003 951 3066 έπύθλων
1000 2995 1113 3076 praemia
1124 2994 1261 3072 conciliat,
1274 2995 1462 3058 verumetiam
1478 2997 1551 3075 quod
1563 3012 1626 3059 ante
1644 3021 1717 3082 pree-

179 3099 204 3153 οῑ
223 3097 321 3172 ἀγῶνες
340 3095 420 3164 αὐτῆς
437 3092 539 3151 έπαθλα
557 3090 687 3169 γίνονται,
703 3091 749 3150 καί
762 3095 791 3153 οὐ
814 3093 893 3170 μόνον
905 3102 951 3157 τοῦ
1000 3086 1118 3145 miorum
1126 3100 1231 3167 tempus
1241 3086 1327 3167 ipsius
1336 3087 1481 3148 certamina
1489 3089 1665 3169 praemiorum
1672 3112 1718 3151 ra-

179 3185 288 3264 θεάτρου
301 3184 419 3249 λυθέντος
432 3181 466 3241 τὰ
487 3181 599 3262 βραδεῖα
615 3190 669 3250 τοῖς
689 3183 852 3255 νενικηκόσιν
871 3185 951 3267 ἔρχα-
999 3179 1099 3238 tionem
1110 3179 1221 3252 habent,
1238 3193 1318 3258 atque
1328 3179 1387 3260 ipsa
1397 3201 1449 3239 nou
1460 3181 1718 3244 modosolutotltea·

177 3300 221 3336 ται
233 3276 360 3357 φέρουσα,
376 3274 443 3333 ἀλλὰ
464 3274 509 3333 καὶ
529 3276 555 3332 ἐν
576 3276 647 3354 αὐτῷ
665 3273 739 3354 μέοιρ
758 3279 796 3355 τῷ
809 3276 950 3356 ααᾶμμαςς
999 3283 1042 3329 tro
1052 3270 1203 3330 victoribus
1210 3271 1330 3352 palmam
1340 3271 1585 3349 alterqsedetiam
1593 3275 1620 3335 in
1628 3275 1717 3337 media

176 3368 312 3448 λαμπροὺς
340 3376 394 3433 τοῖς
418 3365 618 3446 ἀγωνιζομένοις
648 3365 741 3425 πλίκει
765 3366 824 3435 rol<
850 3370 949 3451 ατερά-
964 3382 983 3430 B
999 3383 1078 3421 arena
1091 3361 1233 3442 praeclaras
1246 3362 1355 3421 athletis
1367 3383 1477 3423 coronas
1491 3365 1581 3427 nectit.
1593 3369 1634 3426 Ac
1647 3388 1717 3448 pro-

175 3484 242 3528 ιους.
262 3459 315 3519 Διὰ
336 3464 414 3518 τοῦτο
438 3456 484 3516 καὶ
501 3459 607 3523 Παῦλος
629 3459 676 3516 οὐκ
696 3457 741 3518 ἐπὶ
764 3467 823 3527 ταῖς
847 3462 949 3522 averad
998 3453 1061 3513 inde
1075 3454 1285 3531 Paulusquoque
1294 3474 1347 3512 non
1362 3453 1398 3511 ob
1410 3454 1592 3515 calamitatum
1603 3458 1716 3537 praemia

175 3577 233 3613 αεαι
262 3555 315 3611 τῶν
344 3550 456 3630 θλίψεων
482 3548 571 3629 χαίρει
597 3548 643 3608 καὶ
669 3550 836 3630 ιθρραίνεται
855 3551 948 3630 μόνω,
997 3546 1140 3604 dumtaxat
1161 3543 1261 3623 gaudet
1282 3565 1314 3603 ac
1333 3543 1451 3628 letatur,
1464 3565 1561 3604 serum
1581 3544 1716 3608 etiam'ob

175 3645 244 3704 ἀλλὰ
270 3644 316 3703 καί
341 3647 382 3703 ἐπ’
409 3645 499 3707 αὑταῖς
521 3649 578 3707 ταῖς
605 3641 709 3720 θλίψεσι
738 3643 947 3716 καλλωπίζεται,
997 3636 1069 3725 ipsas
1085 3655 1193 3714 quoque
1215 3633 1379 3695 calamitates
1400 3632 1540 3712 gloriatur,
1559 3635 1603 3695 his
1624 3638 1714 3699 verbis

173 3738 243 3794 οὕτω
262 3737 344 3813 λέγων
355 3758 361 3771 ·
373 3735 414 3794 Οὐ
432 3733 508 3811 μόνον
528 3731 564 3807 δέ,
585 3730 655 3793 ἀλλὰ
673 3732 720 3792 καλ
740 3733 901 3814 καυχώμεθα
919 3739 946 3796 ἐυ
997 3742 1095 3787 utens:
1117 3729 1183 3786 Non
1202 3727 1297 3786 solum
1318 3738 1427 3795 autem,
1445 3727 1498 3785 sed
1510 3739 1539 3786 et
1549 3728 1791 3807 gloriamurttom.
1804 3747 1826 3793 5.
1840 3745 1865 3793 3.

172 3837 230 3893 ταῖς
245 3827 372 3907 θλίψεσιν.
388 3817 456 3885 Εἶτα
470 3823 751 3905 ἀπαριθμούμενοςτὸν
765 3828 879 3906 ὁρμαθόν
893 3834 945 3890 τῶν
996 3824 1029 3877 in
1044 3819 1293 3877 tribulationibus.
1311 3821 1351 3876 Ac
1368 3813 1466 3875 deinde
1478 3819 1652 3898 praemiorum
1666 3843 1713 3884 co·

174 3919 304 3998 βραθείων
324 3923 372 3988 τῆς
393 3917 522 3997 θλίψεως,
546 3916 641 3995 φησὶν,
657 3915 699 3976 ότι
718 3917 853 3994 ὑπομονὴν
877 3919 944 3994 αὕτη
995 3933 1066 3982 rum,
1081 3932 1143 3989 qua
1155 3931 1190 3969 ex
1201 3908 1353 3969 calamitate
1369 3921 1461 3967 orium
1479 3909 1600 3991 trahunt,
1617 3913 1713 3975 seriem

172 4012 264 4082 τίκτει,
278 4009 326 4081 τὴν
342 4008 444 4088 μητέρα
458 4011 511 4067 τῶν
531 4010 651 4085 ἀγαθῶν,
670 4007 715 4065 τθν
737 4008 888 4086 ἀκύμαντον
901 4014 944 4069 λι-
995 4024 1163 4074 θθυῐιιοινιιιε,
1179 4002 1234 4061 ait:
1255 4004 1281 4060 Τ
1278 4002 1418 4061 ribulatt'o
1432 4006 1608 4082 patientiam
1620 4011 1713 4086 parit;

172 4103 247 4179 μένα,
261 4102 309 4173 τλν
326 4103 353 4159 ἐν
364 4100 467 4179 γαλήνῃ
482 4099 567 4172 ζωὴν,
585 4098 634 4173 τὴν
648 4098 747 4181 πέτρας
760 4101 942 4181 ἰσχυροτέρου,
993 4095 1074 4173 hanc,
1090 4095 1210 4173 inquam,
1219 4093 1352 4152 bonorum
1367 4105 1491 4172 matrem,
1501 4097 1711 4175 portumllucti-

171 4196 215 4253 καὶ
227 4194 376 4273 ἀδάμαντος
391 4191 577 4273 στερροτέραν,
597 4190 645 4263 τλν
660 4190 742 4252 ὅπλου
754 4193 851 4259 παντὸς
864 4195 942 4253 δυνα-
992 4187 1044 4246 bus
1065 4208 1194 4263 uacuum,
1215 4183 1389 4263 tranquillam
1408 4184 1504 4260 vitam,
1525 4207 1593 4267 rupe
1614 4188 1710 4251 fortio·

169 4287 300 4366 πιοτέραν,
314 4284 359 4346 καί
377 4290 472 4365 τειχῶν
485 4284 692 4365 ἀσφαλεστέραν.
706 4285 825 4356 tumst
846 4310 941 4367 κατορ.
992 4299 1061 4357 rem,
1081 4278 1223 4338 adamante
1237 4276 1393 4348 firmiorem,
1408 4276 1553 4354 quibusvis
1566 4278 1707 4340 armisva·
1772 4354 1776 4360 .

168 4386 279 4439 θωθεῖσα
295 4377 417 4456 δοκίμους
429 4378 475 4445 καὶ
488 4375 623 4454 γενναίους
636 4383 706 4436 ποιεῖ
719 4375 779 4445 τοὺς
791 4380 871 4450 αὐτῆς
881 4403 941 4459 τρο·
991 4369 1141 4442 lentiorem,
1168 4389 1201 4429 ac
1223 4367 1356 4427 moenihus
1377 4367 1511 4427 tutiorem.
1535 4367 1601 4428 Haec
1620 4383 1711 4431 autem

167 4473 275 4551 ρίμους,
287 4469 332 4529 καλ
354 4471 410 4546 μεθ’
431 4468 578 4546 ύπερύολῆς
597 4467 766 4547 θχειρύιτους.
781 4470 939 4554 Οὐδενὶγθρ
955 4501 974 4548 0
993 4461 1118 4521 omnihus
1132 4459 1251 4520 numeris
1263 4458 1379 4540 perlecta
1401 4471 1426 4516 et
1450 4458 1572 4518 absoluta
1585 4459 1709 4522 alumnos

167 4562 261 4640 ἀρίησι
274 4564 326 4619 τῶν
337 4558 556 4639 προσπιπτόντων
571 4561 659 4626 αὐτοῖς
672 4558 838 4636 θορυόεῖσθαι
850 4563 936 4635 λυπη-
991 4574 1054 4613 suos
1078 4554 1204 4634 probatos
1223 4566 1248 4611 ct
1270 4570 1409 4630 generosos
1429 4564 1509 4630 atque
1522 4550 1709 4616 incredibilem

167 4655 228 4729 ρῶν,
239 4650 530 4718 οθδὲύπεσκελίζεσθαι·
540 4651 600 4708 ἀλλ’
610 4649 727 4727 ὥσπερὴ
740 4650 824 4730 πέτρα
832 4650 938 4731 ὅσῳπερ
992 4646 1136 4726 quemdam
1144 4647 1171 4705 in
1183 4643 1294 4704 modurn
1303 4643 1418 4704 invictos
1427 4640 1524 4703 reddit.
1536 4644 1626 4715 Nullis
1636 4647 1708 4708 enim

165 4743 196 4800 ἂν
217 4744 268 4803 ὑπὸ
289 4743 416 4802 πλειόνων
438 4742 550 4815 παίηται
575 4743 714 4820 κυμάτων,
735 4742 803 4813 αύτη
825 4742 873 4821 μὲν
895 4748 938 4804 ἐκ.
991 4737 1130 4810 mulestiis‚
1145 4733 1396 4816 quaesubindcillis
1410 4733 1549 4808 accidunt,
1562 4735 1635 4817 ipsos
1648 4759 1708 4819 per-

164 4834 319 4914 καθαίρεται
334 4832 473 4911 μειζόνως,
488 4831 547 4893 οὐδὲ
564 4833 657 4912 μικρδν
673 4834 828 4912 κινουμένη,
842 4840 895 4895 τῶν
909 4837 936 4896 δὲ
991 4831 1094 4890 turbari
1116 4851 1147 4889 ac
1164 4828 1245 4908 dejici
1266 4827 1349 4886 sinit:
1367 4844 1464 4886 νειιιιιι
1477 4826 1707 4906 quemadmodum

163 4926 401 5007 προσρηγνυμένων
423 4925 490 5004 αὐτῇ
509 4924 553 4984 τὸν
572 4925 650 5002 όγκον
669 4925 772 4984 ὑδάτων
793 4927 936 5008 διαφθείρει
990 4944 1079 5004 rupes,
1095 4942 1149 5000 quo
1165 4919 1290 5001 pluribus
1310 4917 1437 4978 fluctibus
1459 4918 1626 4996 roboratur,
1648 4919 1707 5002 ipsa

164 5018 268 5098 ῥαδίως,
281 5020 310 5076 ού
324 5021 363 5097 τῷ
377 5016 473 5088 παίειν,
486 5016 554 5075 ἀλλὰ
567 5021 605 5096 τῷ
619 5017 744 5076 παίεσθαι
760 5017 932 5098 ἀφανίζουσα·
988 5012 1097 5094 quidem
1111 5012 1205 5094 purior
1215 5009 1341 5088 efficitur,
1356 5029 1388 5069 ac
1399 5030 1431 5068 ue
1446 5009 1584 5069 tantillum
1596 5009 1707 5090 quidem

163 5110 228 5169 οὕτω
243 5111 274 5183 δὴ
289 5110 334 5170 καί
348 5115 361 5169 θ
375 5108 482 5187 δόκιμος
499 5108 525 5177 ἐξ
540 5106 673 5187 ύπομονῆς
685 5108 832 5187 γενόμενος,
846 5110 934 5180 παίσης
990 5119 1137 5181 emovetur,
1157 5106 1289 5183 aquarum
1305 5117 1394 5161 autem
1414 5122 1474 5180 quae
1490 5100 1543 5182 ipsi
1556 5101 1708 5188 alliduntur

196 5297 206 5319 ¹
224 5284 322 5348 Legisse
335 5280 433 5333 uidetur
447 5285 574 5348 Interpres
586 5289 640 5351 πρὸς
652 5286 744 5351 adpeti-a
758 5290 892 5348 ἀνόρουσαν.
