<?xml version="1.0" encoding="UTF-8"?>
<!DOCTYPE html PUBLIC "-//W3C//DTD XHTML 1.0 Transitional//EN"
    "http://www.w3.org/TR/xhtml1/DTD/xhtml1-transitional.dtd">
<html xmlns="http://www.w3.org/1999/xhtml" xml:lang="en" lang="en">
 <head>
  <title>
</title>
<meta http-equiv="Content-Type" content="text/html;charset=utf-8" />
  <meta name='ocr-system' content='tesseract 3.04.00' />
  <meta name='ocr-capabilities' content='ocr_page ocr_carea ocr_par ocr_line ocrx_word'/>
</head>
<body>
  <div class='ocr_page' id='page_1' title='image "./sanctipatrisnos03chrygoog_0110.png"; bbox 0 0 3764 5992; ppageno 0'>
   <div class='ocr_carea' id='block_1_1' title="bbox 105 423 1322 501">
    <p class='ocr_par' dir='ltr' id='par_1_1' title="bbox 105 423 1322 501">
     <span class='ocr_line' id='line_1_1' title="bbox 105 423 1322 501; baseline -0.001 -29"><span class='ocrx_word' id='word_1_1' title='bbox 105 427 152 501; x_wconf 79' lang='lat'>90</span> <span class='ocrx_word' id='word_1_2' title='bbox 429 424 458 472; x_wconf 75' lang='lat' dir='ltr'>S·</span> <span class='ocrx_word' id='word_1_3' title='bbox 486 424 627 473; x_wconf 76' lang='lat' dir='ltr'>JOANNIS</span> <span class='ocrx_word' id='word_1_4' title='bbox 651 424 834 474; x_wconf 76' lang='lat' dir='ltr'>CHRYSOST.</span> <span class='ocrx_word' id='word_1_5' title='bbox 863 424 1022 474; x_wconf 75' lang='lat' dir='ltr'>tuctttttt.</span> <span class='ocrx_word' id='word_1_6' title='bbox 1050 423 1322 474; x_wconf 69' lang='lat' dir='ltr'>constantinop·</span> 
     </span>
    </p>
   </div>
   <div class='ocr_carea' id='block_1_2' title="bbox 103 545 1655 2655">
    <p class='ocr_par' dir='ltr' id='par_1_2' title="bbox 105 545 1654 632">
     <span class='ocr_line' id='line_1_2' title="bbox 105 545 1654 632; baseline -0.001 -24"><span class='ocrx_word' id='word_1_7' title='bbox 105 548 210 632; x_wconf 76' lang='lat' dir='ltr'><strong>possint</strong></span> <span class='ocrx_word' id='word_1_8' title='bbox 223 545 367 608; x_wconf 79' lang='lat' dir='ltr'>extendere</span> <span class='ocrx_word' id='word_1_9' title='bbox 378 545 439 607; x_wconf 78' lang='lat' dir='ltr'>:aad</span> <span class='ocrx_word' id='word_1_10' title='bbox 451 546 548 607; x_wconf 86' lang='lat' dir='ltr'>debere</span> <span class='ocrx_word' id='word_1_11' title='bbox 562 567 609 608; x_wconf 86' lang='lat' dir='ltr'>nos</span> <span class='ocrx_word' id='word_1_12' title='bbox 622 546 757 608; x_wconf 76' lang='lat' dir='ltr'>&#39;firmiores</span> <span class='ocrx_word' id='word_1_13' title='bbox 767 547 824 606; x_wconf 89' lang='lat' dir='ltr'>im·</span> <span class='ocrx_word' id='word_1_14' title='bbox 879 548 1031 622; x_wconf 85' lang='grc' dir='ltr'>τελειότητα</span> <span class='ocrx_word' id='word_1_15' title='bbox 1050 551 1104 607; x_wconf 83' lang='grc' dir='ltr'>τῶν</span> <span class='ocrx_word' id='word_1_16' title='bbox 1118 549 1234 608; x_wconf 82' lang='grc' dir='ltr'>δυνατῶν</span> <span class='ocrx_word' id='word_1_17' title='bbox 1245 546 1407 609; x_wconf 62' lang='grc' dir='ltr'>ἐπιτείνεσθαι</span> <span class='ocrx_word' id='word_1_18' title='bbox 1420 545 1458 623; x_wconf 73' lang='grc' dir='ltr'>μὴ</span> <span class='ocrx_word' id='word_1_19' title='bbox 1481 545 1654 624; x_wconf 81' lang='grc' dir='ltr'>δυναμένους·</span> 
     </span>
    </p>

    <p class='ocr_par' dir='ltr' id='par_1_3' title="bbox 106 637 1655 722">
     <span class='ocr_line' id='line_1_3' title="bbox 106 637 1655 722; baseline -0.002 -20"><span class='ocrx_word' id='word_1_20' title='bbox 106 640 266 702; x_wconf 75' lang='lat' dir='ltr'>beeillitatm</span> <span class='ocrx_word' id='word_1_21' title='bbox 274 639 446 701; x_wconf 83' lang='lat' dir='ltr'>infirmorum</span> <span class='ocrx_word' id='word_1_22' title='bbox 464 639 603 700; x_wconf 84' lang='lat' dir='ltr'>sustinere.</span> <span class='ocrx_word' id='word_1_23' title='bbox 623 641 678 700; x_wconf 89' lang='lat' dir='ltr'>Nos</span> <span class='ocrx_word' id='word_1_24' title='bbox 690 637 726 699; x_wconf 89' lang='lat' dir='ltr'>de</span> <span class='ocrx_word' id='word_1_25' title='bbox 738 652 826 701; x_wconf 81' lang='lat' dir='ltr'>restra</span> <span class='ocrx_word' id='word_1_26' title='bbox 843 644 862 692; x_wconf 79' lang='lat' dir='ltr'>C</span> <span class='ocrx_word' id='word_1_27' title='bbox 880 641 939 700; x_wconf 78' lang='grc' dir='ltr'>ἀλλ’</span> <span class='ocrx_word' id='word_1_28' title='bbox 954 639 995 700; x_wconf 83' lang='grc' dir='ltr'>ότι</span> <span class='ocrx_word' id='word_1_29' title='bbox 1017 645 1093 720; x_wconf 84' lang='grc' dir='ltr'>ἡμεῖς</span> <span class='ocrx_word' id='word_1_30' title='bbox 1114 640 1252 722; x_wconf 83' lang='grc' dir='ltr'>ὀφειλομιν</span> <span class='ocrx_word' id='word_1_31' title='bbox 1267 644 1292 699; x_wconf 87' lang='grc' dir='ltr'>οἱ</span> <span class='ocrx_word' id='word_1_32' title='bbox 1309 638 1414 698; x_wconf 84' lang='grc' dir='ltr'>δυνατοί</span> <span class='ocrx_word' id='word_1_33' title='bbox 1427 639 1462 697; x_wconf 78' lang='grc' dir='ltr'>τὰ</span> <span class='ocrx_word' id='word_1_34' title='bbox 1482 639 1655 717; x_wconf 77' lang='grc' dir='ltr'>ἀσθενήματα</span> 
     </span>
    </p>

    <p class='ocr_par' dir='ltr' id='par_1_4' title="bbox 108 729 1655 813">
     <span class='ocr_line' id='line_1_4' title="bbox 108 729 1655 813; baseline -0.001 -21"><span class='ocrx_word' id='word_1_35' title='bbox 108 730 524 812; x_wconf 78' lang='lat' dir='ltr'>sumusutilitatesolliciti,non</span> <span class='ocrx_word' id='word_1_36' title='bbox 535 745 826 793; x_wconf 85' lang='lat' dir='ltr'>utnostemereosten-</span> <span class='ocrx_word' id='word_1_37' title='bbox 879 737 932 795; x_wconf 84' lang='grc' dir='ltr'>τῶν</span> <span class='ocrx_word' id='word_1_38' title='bbox 946 734 1081 794; x_wconf 80' lang='grc' dir='ltr'>ἀδυνάτων</span> <span class='ocrx_word' id='word_1_39' title='bbox 1096 733 1245 813; x_wconf 79' lang='grc' dir='ltr'>βαστάζειν.</span> <span class='ocrx_word' id='word_1_40' title='bbox 1262 729 1401 811; x_wconf 83' lang='grc' dir='ltr'>Ὠφιλείας</span> <span class='ocrx_word' id='word_1_41' title='bbox 1424 737 1491 809; x_wconf 77' lang='grc' dir='ltr'>ἡμῖν</span> <span class='ocrx_word' id='word_1_42' title='bbox 1510 731 1587 809; x_wconf 79' lang='grc' dir='ltr'>μελει</span> <span class='ocrx_word' id='word_1_43' title='bbox 1607 735 1655 801; x_wconf 80' lang='grc' dir='ltr'>τῆς</span> 
     </span>
    </p>

    <p class='ocr_par' dir='ltr' id='par_1_5' title="bbox 107 821 1653 997">
     <span class='ocr_line' id='line_1_5' title="bbox 107 821 1653 906; baseline -0.003 -21"><span class='ocrx_word' id='word_1_44' title='bbox 107 840 297 906; x_wconf 78' lang='lat' dir='ltr'>tentus:au1ue</span> <span class='ocrx_word' id='word_1_45' title='bbox 311 823 413 886; x_wconf 85' lang='lat' dir='ltr'>ideireo</span> <span class='ocrx_word' id='word_1_46' title='bbox 424 825 547 886; x_wconf 78' lang='lat' dir='ltr'>sensibus</span> <span class='ocrx_word' id='word_1_47' title='bbox 560 825 744 886; x_wconf 87' lang='lat' dir='ltr'>immoramur.</span> <span class='ocrx_word' id='word_1_48' title='bbox 880 826 1024 906; x_wconf 77' lang='grc' dir='ltr'>ὑμετέρας,</span> <span class='ocrx_word' id='word_1_49' title='bbox 1037 829 1084 887; x_wconf 82' lang='grc' dir='ltr'>οὐκ</span> <span class='ocrx_word' id='word_1_50' title='bbox 1107 824 1256 894; x_wconf 70' lang='grc' dir='ltr'>ἐπιδείξεως</span> <span class='ocrx_word' id='word_1_51' title='bbox 1272 824 1375 889; x_wconf 73' lang='grc' dir='ltr'>ἅπλῶς·</span> <span class='ocrx_word' id='word_1_52' title='bbox 1399 821 1443 882; x_wconf 81' lang='grc' dir='ltr'>διθ</span> <span class='ocrx_word' id='word_1_53' title='bbox 1466 827 1545 881; x_wconf 75' lang='grc' dir='ltr'>τοῦτο</span> <span class='ocrx_word' id='word_1_54' title='bbox 1565 823 1653 882; x_wconf 87' lang='grc' dir='ltr'>ἐνδια-</span> 
     </span>
     <span class='ocr_line' id='line_1_6' title="bbox 878 916 1202 997; baseline 0.003 -21"><span class='ocrx_word' id='word_1_55' title='bbox 878 917 1003 997; x_wconf 78' lang='grc' dir='ltr'>τρίὸομεν</span> <span class='ocrx_word' id='word_1_56' title='bbox 1015 927 1069 985; x_wconf 82' lang='grc' dir='ltr'>τοῖς</span> <span class='ocrx_word' id='word_1_57' title='bbox 1079 916 1202 996; x_wconf 81' lang='grc' dir='ltr'>νοήμασι.</span> 
     </span>
    </p>

    <p class='ocr_par' dir='ltr' id='par_1_6' title="bbox 103 1001 1653 2655">
     <span class='ocr_line' id='line_1_7' title="bbox 145 1001 1653 1092; baseline -0.006 -20"><span class='ocrx_word' id='word_1_58' title='bbox 145 1015 177 1072; x_wconf 78' lang='grc'>5.</span> <span class='ocrx_word' id='word_1_59' title='bbox 195 1013 290 1090; x_wconf 87' lang='lat' dir='ltr'>ltaque</span> <span class='ocrx_word' id='word_1_60' title='bbox 299 1010 389 1092; x_wconf 90' lang='lat' dir='ltr'>primo</span> <span class='ocrx_word' id='word_1_61' title='bbox 398 1010 444 1071; x_wconf 86' lang='lat' dir='ltr'>die</span> <span class='ocrx_word' id='word_1_62' title='bbox 454 1031 508 1071; x_wconf 88' lang='lat' dir='ltr'>non</span> <span class='ocrx_word' id='word_1_63' title='bbox 527 1032 583 1071; x_wconf 86' lang='lat' dir='ltr'>esse</span> <span class='ocrx_word' id='word_1_64' title='bbox 600 1024 698 1071; x_wconf 87' lang='lat' dir='ltr'>temero</span> <span class='ocrx_word' id='word_1_65' title='bbox 709 1026 824 1092; x_wconf 79' lang='lat' dir='ltr'>prater·</span> <span class='ocrx_word' id='word_1_66' title='bbox 919 1012 962 1087; x_wconf 78' lang='grc' dir='ltr'>Τῇ</span> <span class='ocrx_word' id='word_1_67' title='bbox 974 1001 1653 1090; x_wconf 76' lang='grc' dir='ltr'>μὲνοόνπρώτῃἡμέρφότιοθχᾶπλῶςπαρατρέχειν</span> 
     </span>
     <span class='ocr_line' id='line_1_8' title="bbox 106 1095 1652 1184; baseline -0.005 -20"><span class='ocrx_word' id='word_1_68' title='bbox 106 1103 209 1164; x_wconf 84' lang='lat' dir='ltr'>eundas</span> <span class='ocrx_word' id='word_1_69' title='bbox 228 1100 414 1184; x_wconf 75' lang='lat' dir='ltr'>inscriptiones</span> <span class='ocrx_word' id='word_1_70' title='bbox 436 1101 571 1176; x_wconf 83' lang='lat' dir='ltr'>dicebam,</span> <span class='ocrx_word' id='word_1_71' title='bbox 587 1124 641 1182; x_wconf 90' lang='lat' dir='ltr'>quo</span> <span class='ocrx_word' id='word_1_72' title='bbox 655 1116 775 1184; x_wconf 86' lang='lat' dir='ltr'>tempore</span> <span class='ocrx_word' id='word_1_73' title='bbox 790 1104 826 1163; x_wconf 89' lang='lat' dir='ltr'>ti·</span> <span class='ocrx_word' id='word_1_74' title='bbox 879 1099 933 1184; x_wconf 77' lang='grc' dir='ltr'>χρίΙ</span> <span class='ocrx_word' id='word_1_75' title='bbox 949 1101 997 1171; x_wconf 76' lang='grc' dir='ltr'>τὰς</span> <span class='ocrx_word' id='word_1_76' title='bbox 1016 1102 1161 1183; x_wconf 71' lang='grc' dir='ltr'>ἐπιγραφὰς</span> <span class='ocrx_word' id='word_1_77' title='bbox 1180 1101 1288 1181; x_wconf 83' lang='grc' dir='ltr'>ἔλεγον,</span> <span class='ocrx_word' id='word_1_78' title='bbox 1312 1099 1356 1160; x_wconf 79' lang='grc' dir='ltr'>ὅτε</span> <span class='ocrx_word' id='word_1_79' title='bbox 1374 1097 1421 1159; x_wconf 82' lang='grc' dir='ltr'>καί</span> <span class='ocrx_word' id='word_1_80' title='bbox 1443 1098 1475 1158; x_wconf 76' lang='lat' dir='ltr'>ab</span> <span class='ocrx_word' id='word_1_81' title='bbox 1495 1095 1652 1180; x_wconf 82' lang='grc' dir='ltr'>ἐπίγραμμα</span> 
     </span>
     <span class='ocr_line' id='line_1_9' title="bbox 107 1183 1651 1275; baseline -0.006 -21"><span class='ocrx_word' id='word_1_82' title='bbox 107 1195 196 1254; x_wconf 88' lang='lat' dir='ltr'>tulum</span> <span class='ocrx_word' id='word_1_83' title='bbox 209 1192 297 1254; x_wconf 70' lang='lat' dir='ltr'>uobis</span> <span class='ocrx_word' id='word_1_84' title='bbox 314 1193 409 1253; x_wconf 88' lang='lat' dir='ltr'>altaris</span> <span class='ocrx_word' id='word_1_85' title='bbox 427 1193 493 1274; x_wconf 87' lang='lat' dir='ltr'>legi,</span> <span class='ocrx_word' id='word_1_86' title='bbox 515 1214 547 1253; x_wconf 88' lang='lat' dir='ltr'>ac</span> <span class='ocrx_word' id='word_1_87' title='bbox 566 1194 646 1253; x_wconf 89' lang='lat' dir='ltr'>Pauli</span> <span class='ocrx_word' id='word_1_88' title='bbox 667 1194 826 1275; x_wconf 51' lang='lat' dir='ltr'>sapientiam</span> <span class='ocrx_word' id='word_1_89' title='bbox 880 1198 941 1270; x_wconf 82' lang='grc' dir='ltr'>ὑμῖν</span> <span class='ocrx_word' id='word_1_90' title='bbox 962 1190 1076 1271; x_wconf 79' lang='grc' dir='ltr'>ἀνέγνων</span> <span class='ocrx_word' id='word_1_91' title='bbox 1098 1196 1144 1250; x_wconf 79' lang='grc' dir='ltr'>τοῦ</span> <span class='ocrx_word' id='word_1_92' title='bbox 1169 1193 1273 1269; x_wconf 81' lang='grc' dir='ltr'><strong>βωμοῦ,</strong></span> <span class='ocrx_word' id='word_1_93' title='bbox 1290 1189 1335 1250; x_wconf 84' lang='grc' dir='ltr'>καλ</span> <span class='ocrx_word' id='word_1_94' title='bbox 1353 1185 1403 1261; x_wconf 81' lang='grc' dir='ltr'>τλν</span> <span class='ocrx_word' id='word_1_95' title='bbox 1423 1185 1526 1268; x_wconf 82' lang='grc' dir='ltr'>σοφίαν·</span> <span class='ocrx_word' id='word_1_96' title='bbox 1535 1183 1651 1252; x_wconf 78' lang='grc' dir='ltr'>ἐπίδειξα</span> 
     </span>
     <span class='ocr_line' id='line_1_10' title="bbox 107 1279 1651 1366; baseline -0.006 -20"><span class='ocrx_word' id='word_1_97' title='bbox 107 1285 222 1362; x_wconf 85' lang='lat' dir='ltr'>ostendi,</span> <span class='ocrx_word' id='word_1_98' title='bbox 232 1285 279 1366; x_wconf 85' lang='lat' dir='ltr'>qui</span> <span class='ocrx_word' id='word_1_99' title='bbox 293 1285 407 1345; x_wconf 91' lang='lat' dir='ltr'>militem</span> <span class='ocrx_word' id='word_1_100' title='bbox 427 1285 556 1362; x_wconf 83' lang='lat' dir='ltr'>alienum,</span> <span class='ocrx_word' id='word_1_101' title='bbox 566 1285 667 1365; x_wconf 85' lang='lat' dir='ltr'>quique</span> <span class='ocrx_word' id='word_1_102' title='bbox 680 1286 707 1346; x_wconf 85' lang='lat' dir='ltr'>in</span> <span class='ocrx_word' id='word_1_103' title='bbox 727 1286 826 1348; x_wconf 86' lang='lat' dir='ltr'>adver·</span> <span class='ocrx_word' id='word_1_104' title='bbox 881 1283 1005 1356; x_wconf 80' lang='grc' dir='ltr'>Παύλου,</span> <span class='ocrx_word' id='word_1_105' title='bbox 1019 1283 1063 1344; x_wconf 86' lang='grc' dir='ltr'>τδν</span> <span class='ocrx_word' id='word_1_106' title='bbox 1079 1283 1217 1363; x_wconf 80' lang='grc' dir='ltr'>ἀλλότριον</span> <span class='ocrx_word' id='word_1_107' title='bbox 1232 1279 1396 1362; x_wconf 69' lang='grc' dir='ltr'>στρατιώτην</span> <span class='ocrx_word' id='word_1_108' title='bbox 1407 1279 1454 1338; x_wconf 79' lang='grc' dir='ltr'>καί</span> <span class='ocrx_word' id='word_1_109' title='bbox 1470 1281 1545 1357; x_wconf 82' lang='grc' dir='ltr'>ἐντῇ</span> <span class='ocrx_word' id='word_1_110' title='bbox 1564 1300 1651 1360; x_wconf 83' lang='grc' dir='ltr'>παρα-</span> 
     </span>
     <span class='ocr_line' id='line_1_11' title="bbox 106 1368 1650 1456; baseline -0.008 -18"><span class='ocrx_word' id='word_1_111' title='bbox 106 1377 239 1438; x_wconf 86' lang='lat' dir='ltr'>sariorum</span> <span class='ocrx_word' id='word_1_112' title='bbox 249 1376 307 1436; x_wconf 83' lang='lat' dir='ltr'>acic</span> <span class='ocrx_word' id='word_1_113' title='bbox 317 1377 414 1453; x_wconf 88' lang='lat' dir='ltr'>stabat,</span> <span class='ocrx_word' id='word_1_114' title='bbox 424 1375 460 1436; x_wconf 84' lang='lat' dir='ltr'>a&#39;d</span> <span class='ocrx_word' id='word_1_115' title='bbox 471 1377 593 1437; x_wconf 82' lang='lat' dir='ltr'>cohortes</span> <span class='ocrx_word' id='word_1_116' title='bbox 604 1399 665 1437; x_wconf 88' lang='lat' dir='ltr'>suus</span> <span class='ocrx_word' id='word_1_117' title='bbox 677 1379 825 1439; x_wconf 83' lang='lat' dir='ltr'>transtulit.</span> <span class='ocrx_word' id='word_1_118' title='bbox 880 1374 953 1444; x_wconf 80' lang='grc' dir='ltr'>τάξει</span> <span class='ocrx_word' id='word_1_119' title='bbox 966 1378 1019 1434; x_wconf 84' lang='grc' dir='ltr'>τῶν</span> <span class='ocrx_word' id='word_1_120' title='bbox 1038 1377 1138 1456; x_wconf 80' lang='grc' dir='ltr'>ἐχθρῶν</span> <span class='ocrx_word' id='word_1_121' title='bbox 1158 1372 1289 1445; x_wconf 77' lang='grc' dir='ltr'>ἑστηκότα</span> <span class='ocrx_word' id='word_1_122' title='bbox 1306 1373 1373 1452; x_wconf 78' lang='grc' dir='ltr'>πρὸς</span> <span class='ocrx_word' id='word_1_123' title='bbox 1395 1369 1445 1443; x_wconf 64' lang='lat' dir='ltr'>vlu</span> <span class='ocrx_word' id='word_1_124' title='bbox 1469 1368 1650 1450; x_wconf 78' lang='grc' dir='ltr'>οίκείαν“φᾶ-</span> 
     </span>
     <span class='ocr_line' id='line_1_12' title="bbox 107 1457 1651 1550; baseline -0.006 -22"><span class='ocrx_word' id='word_1_125' title='bbox 107 1470 139 1528; x_wconf 91' lang='lat' dir='ltr'>ln</span> <span class='ocrx_word' id='word_1_126' title='bbox 154 1468 206 1528; x_wconf 87' lang='lat' dir='ltr'>hoc</span> <span class='ocrx_word' id='word_1_127' title='bbox 213 1466 294 1528; x_wconf 89' lang='lat' dir='ltr'>desiit</span> <span class='ocrx_word' id='word_1_128' title='bbox 306 1468 391 1550; x_wconf 86' lang='lat' dir='ltr'>priori</span> <span class='ocrx_word' id='word_1_129' title='bbox 405 1468 450 1528; x_wconf 92' lang='lat' dir='ltr'>die</span> <span class='ocrx_word' id='word_1_130' title='bbox 462 1481 516 1528; x_wconf 85' lang='lat' dir='ltr'>tota</span> <span class='ocrx_word' id='word_1_131' title='bbox 529 1467 664 1528; x_wconf 81' lang='lat' dir='ltr'>doctrina:</span> <span class='ocrx_word' id='word_1_132' title='bbox 673 1484 734 1550; x_wconf 87' lang='lat' dir='ltr'>post</span> <span class='ocrx_word' id='word_1_133' title='bbox 750 1469 826 1529; x_wconf 88' lang='lat' dir='ltr'>illam</span> <span class='ocrx_word' id='word_1_134' title='bbox 881 1469 969 1547; x_wconf 84' lang='grc' dir='ltr'>λαγγα</span> <span class='ocrx_word' id='word_1_135' title='bbox 979 1466 1202 1546; x_wconf 61' lang='grc' dir='ltr'>μεταστήσαντος.</span> <span class='ocrx_word' id='word_1_136' title='bbox 1220 1467 1269 1532; x_wconf 79' lang='grc' dir='ltr'>Εἰς</span> <span class='ocrx_word' id='word_1_137' title='bbox 1281 1470 1359 1525; x_wconf 82' lang='grc' dir='ltr'>τοῦτο</span> <span class='ocrx_word' id='word_1_138' title='bbox 1372 1466 1398 1522; x_wconf 91' lang='grc' dir='ltr'>ἐν</span> <span class='ocrx_word' id='word_1_139' title='bbox 1412 1459 1555 1544; x_wconf 73' lang='grc' dir='ltr'>τῇπρώτη</span> <span class='ocrx_word' id='word_1_140' title='bbox 1566 1457 1651 1539; x_wconf 66' lang='lat' dir='ltr'>tatu</span> 
     </span>
     <span class='ocr_line' id='line_1_13' title="bbox 107 1553 1650 1641; baseline -0.003 -22"><span class='ocrx_word' id='word_1_141' title='bbox 107 1557 225 1619; x_wconf 89' lang='lat' dir='ltr'>seeundo</span> <span class='ocrx_word' id='word_1_142' title='bbox 235 1559 291 1638; x_wconf 85' lang='lat' dir='ltr'>dic,</span> <span class='ocrx_word' id='word_1_143' title='bbox 303 1559 351 1638; x_wconf 88' lang='lat' dir='ltr'>qui</span> <span class='ocrx_word' id='word_1_144' title='bbox 365 1559 429 1619; x_wconf 91' lang='lat' dir='ltr'>libri</span> <span class='ocrx_word' id='word_1_145' title='bbox 441 1573 508 1620; x_wconf 89' lang='lat' dir='ltr'>esset</span> <span class='ocrx_word' id='word_1_146' title='bbox 519 1560 595 1620; x_wconf 91' lang='lat' dir='ltr'>illius</span> <span class='ocrx_word' id='word_1_147' title='bbox 607 1575 712 1636; x_wconf 75' lang='lat' dir='ltr'>auewr,</span> <span class='ocrx_word' id='word_1_148' title='bbox 725 1563 825 1641; x_wconf 84' lang='lat' dir='ltr'>quaesi·</span> <span class='ocrx_word' id='word_1_149' title='bbox 844 1584 864 1632; x_wconf 75' lang='grc' dir='ltr'><strong>ῃ</strong></span> <span class='ocrx_word' id='word_1_150' title='bbox 882 1561 1024 1635; x_wconf 78' lang='grc' dir='ltr'>κατεληξεν</span> <span class='ocrx_word' id='word_1_151' title='bbox 1047 1567 1065 1635; x_wconf 85' lang='grc' dir='ltr'><strong>ἡ</strong></span> <span class='ocrx_word' id='word_1_152' title='bbox 1090 1558 1249 1620; x_wconf 88' lang='grc' dir='ltr'>διδασκαλία</span> <span class='ocrx_word' id='word_1_153' title='bbox 1272 1568 1362 1617; x_wconf 75' lang='grc' dir='ltr'>πᾶσα·</span> <span class='ocrx_word' id='word_1_154' title='bbox 1377 1559 1435 1634; x_wconf 85' lang='grc' dir='ltr'>μετ’</span> <span class='ocrx_word' id='word_1_155' title='bbox 1452 1553 1557 1626; x_wconf 85' lang='grc' dir='ltr'>ἐκείνην</span> <span class='ocrx_word' id='word_1_156' title='bbox 1572 1556 1600 1614; x_wconf 85' lang='grc' dir='ltr'>ἐν</span> <span class='ocrx_word' id='word_1_157' title='bbox 1619 1556 1650 1631; x_wconf 76' lang='grc' dir='ltr'>τῇ</span> 
     </span>
     <span class='ocr_line' id='line_1_14' title="bbox 107 1640 1651 1735; baseline -0.004 -25"><span class='ocrx_word' id='word_1_158' title='bbox 107 1650 209 1730; x_wconf 82' lang='lat' dir='ltr'>vimus,</span> <span class='ocrx_word' id='word_1_159' title='bbox 225 1664 250 1711; x_wconf 89' lang='lat' dir='ltr'>et</span> <span class='ocrx_word' id='word_1_160' title='bbox 265 1650 418 1711; x_wconf 81' lang='lat' dir='ltr'>invenimus</span> <span class='ocrx_word' id='word_1_161' title='bbox 428 1652 479 1711; x_wconf 88' lang='lat' dir='ltr'>Dei</span> <span class='ocrx_word' id='word_1_162' title='bbox 496 1652 581 1732; x_wconf 84' lang='lat' dir='ltr'>gratia</span> <span class='ocrx_word' id='word_1_163' title='bbox 597 1653 699 1712; x_wconf 86' lang='lat' dir='ltr'>Lucam</span> <span class='ocrx_word' id='word_1_164' title='bbox 712 1673 826 1735; x_wconf 80' lang='lat' dir='ltr'>cvange-</span> <span class='ocrx_word' id='word_1_165' title='bbox 882 1644 990 1734; x_wconf 78' lang='grc' dir='ltr'>δευτέρη</span> <span class='ocrx_word' id='word_1_166' title='bbox 1004 1651 1093 1734; x_wconf 78' lang='grc' dir='ltr'>ἡμέρην</span> <span class='ocrx_word' id='word_1_167' title='bbox 1114 1651 1277 1730; x_wconf 69' lang='grc' dir='ltr'>ἐζητήσαμεν</span> <span class='ocrx_word' id='word_1_168' title='bbox 1293 1647 1333 1718; x_wconf 80' lang='grc' dir='ltr'>τίς</span> <span class='ocrx_word' id='word_1_169' title='bbox 1344 1640 1378 1722; x_wconf 67' lang='grc' dir='ltr'>ἦν</span> <span class='ocrx_word' id='word_1_170' title='bbox 1392 1653 1407 1708; x_wconf 84' lang='grc' dir='ltr'>θ</span> <span class='ocrx_word' id='word_1_171' title='bbox 1419 1647 1452 1707; x_wconf 75' lang='lat' dir='ltr'>ab</span> <span class='ocrx_word' id='word_1_172' title='bbox 1469 1645 1572 1725; x_wconf 70' lang='grc' dir='ltr'>βιβλίον</span> <span class='ocrx_word' id='word_1_173' title='bbox 1584 1645 1651 1727; x_wconf 80' lang='grc' dir='ltr'>γρά-</span> 
     </span>
     <span class='ocr_line' id='line_1_15' title="bbox 105 1739 1652 1825; baseline -0.003 -24"><span class='ocrx_word' id='word_1_174' title='bbox 105 1742 208 1821; x_wconf 88' lang='lat' dir='ltr'>listam,</span> <span class='ocrx_word' id='word_1_175' title='bbox 223 1743 369 1823; x_wconf 85' lang='lat' dir='ltr'>multisque</span> <span class='ocrx_word' id='word_1_176' title='bbox 382 1743 462 1804; x_wconf 86' lang='lat' dir='ltr'>vobis</span> <span class='ocrx_word' id='word_1_177' title='bbox 482 1743 756 1805; x_wconf 71' lang='lat' dir='ltr'>demonstrationibus</span> <span class='ocrx_word' id='word_1_178' title='bbox 769 1768 827 1808; x_wconf 77' lang='lat' dir='ltr'>rum</span> <span class='ocrx_word' id='word_1_179' title='bbox 882 1747 946 1825; x_wconf 75' lang='grc' dir='ltr'>ψνς·</span> <span class='ocrx_word' id='word_1_180' title='bbox 957 1744 1004 1804; x_wconf 78' lang='grc' dir='ltr'>καί</span> <span class='ocrx_word' id='word_1_181' title='bbox 1014 1743 1165 1825; x_wconf 77' lang='grc' dir='ltr'>εὕρομεντῇ</span> <span class='ocrx_word' id='word_1_182' title='bbox 1176 1748 1222 1803; x_wconf 76' lang='grc' dir='ltr'>τῶ</span> <span class='ocrx_word' id='word_1_183' title='bbox 1230 1744 1301 1803; x_wconf 78' lang='grc' dir='ltr'>Θεοῦ</span> <span class='ocrx_word' id='word_1_184' title='bbox 1310 1741 1403 1822; x_wconf 80' lang='grc' dir='ltr'>χάριτι</span> <span class='ocrx_word' id='word_1_185' title='bbox 1410 1743 1518 1801; x_wconf 75' lang='grc' dir='ltr'>Δουκᾶν</span> <span class='ocrx_word' id='word_1_186' title='bbox 1525 1739 1571 1798; x_wconf 85' lang='grc' dir='ltr'>τὸν</span> <span class='ocrx_word' id='word_1_187' title='bbox 1580 1741 1652 1816; x_wconf 80' lang='grc' dir='ltr'>εὐαγ-</span> 
     </span>
     <span class='ocr_line' id='line_1_16' title="bbox 106 1829 1652 1918; baseline -0.003 -24"><span class='ocrx_word' id='word_1_188' title='bbox 106 1835 290 1914; x_wconf 79' lang='lat' dir='ltr'>inquaestionc</span> <span class='ocrx_word' id='word_1_189' title='bbox 303 1836 420 1917; x_wconf 77' lang='lat' dir='ltr'>positam</span> <span class='ocrx_word' id='word_1_190' title='bbox 436 1837 624 1918; x_wconf 81' lang='lat' dir='ltr'>probavimus,</span> <span class='ocrx_word' id='word_1_191' title='bbox 636 1859 753 1916; x_wconf 89' lang='lat' dir='ltr'>quarum</span> <span class='ocrx_word' id='word_1_192' title='bbox 766 1840 826 1900; x_wconf 83' lang='lat' dir='ltr'>aliae</span> <span class='ocrx_word' id='word_1_193' title='bbox 881 1834 1014 1916; x_wconf 78' lang='grc' dir='ltr'>γελιατλν,</span> <span class='ocrx_word' id='word_1_194' title='bbox 1027 1835 1073 1896; x_wconf 81' lang='grc' dir='ltr'>καί</span> <span class='ocrx_word' id='word_1_195' title='bbox 1087 1835 1130 1895; x_wconf 76' lang='grc' dir='ltr'>διὰ</span> <span class='ocrx_word' id='word_1_196' title='bbox 1137 1833 1266 1895; x_wconf 83' lang='grc' dir='ltr'>πλεόνων</span> <span class='ocrx_word' id='word_1_197' title='bbox 1277 1831 1434 1902; x_wconf 79' lang='grc' dir='ltr'>ἀποδείξεων</span> <span class='ocrx_word' id='word_1_198' title='bbox 1447 1836 1511 1910; x_wconf 78' lang='grc' dir='ltr'>ὑμῖν</span> <span class='ocrx_word' id='word_1_199' title='bbox 1517 1829 1652 1912; x_wconf 77' lang='grc' dir='ltr'>παριστό-</span> 
     </span>
     <span class='ocr_line' id='line_1_17' title="bbox 104 1920 1652 2017; baseline -0.003 -33"><span class='ocrx_word' id='word_1_200' title='bbox 104 1925 241 2003; x_wconf 85' lang='lat' dir='ltr'>clariores,</span> <span class='ocrx_word' id='word_1_201' title='bbox 256 1928 433 1988; x_wconf 85' lang='lat' dir='ltr'>abstrusiores</span> <span class='ocrx_word' id='word_1_202' title='bbox 447 1927 507 1986; x_wconf 72' lang='lat' dir='ltr'>alie</span> <span class='ocrx_word' id='word_1_203' title='bbox 520 1929 640 1988; x_wconf 84' lang='lat' dir='ltr'>suerunt.</span> <span class='ocrx_word' id='word_1_204' title='bbox 665 1929 728 1991; x_wconf 82' lang='lat' dir='ltr'>Scio</span> <span class='ocrx_word' id='word_1_205' title='bbox 751 1951 828 1990; x_wconf 88' lang='lat' dir='ltr'>nam·</span> <span class='ocrx_word' id='word_1_206' title='bbox 883 1951 966 2006; x_wconf 92' lang='grc' dir='ltr'>σαμεν</span> <span class='ocrx_word' id='word_1_207' title='bbox 980 1927 1011 1987; x_wconf 86' lang='grc' dir='ltr'>τὸ</span> <span class='ocrx_word' id='word_1_208' title='bbox 1036 1926 1207 2017; x_wconf 78' lang='grc' dir='ltr'>ζητούμενον,</span> <span class='ocrx_word' id='word_1_209' title='bbox 1228 1929 1281 1984; x_wconf 84' lang='grc' dir='ltr'>τῶν</span> <span class='ocrx_word' id='word_1_210' title='bbox 1296 1923 1344 2004; x_wconf 70' lang='grc' dir='ltr'>μὲν</span> <span class='ocrx_word' id='word_1_211' title='bbox 1358 1923 1538 2005; x_wconf 89' lang='grc' dir='ltr'>σαφεστίρων,</span> <span class='ocrx_word' id='word_1_212' title='bbox 1561 1920 1652 1980; x_wconf 60' lang='lat' dir='ltr'>anast</span> 
     </span>
     <span class='ocr_line' id='line_1_18' title="bbox 104 2010 1653 2102; baseline -0.003 -27"><span class='ocrx_word' id='word_1_213' title='bbox 104 2038 157 2096; x_wconf 85' lang='lat' dir='ltr'>que</span> <span class='ocrx_word' id='word_1_214' title='bbox 177 2018 278 2079; x_wconf 88' lang='lat' dir='ltr'>multos</span> <span class='ocrx_word' id='word_1_215' title='bbox 301 2041 336 2080; x_wconf 82' lang='lat' dir='ltr'>ox</span> <span class='ocrx_word' id='word_1_216' title='bbox 356 2018 527 2080; x_wconf 73' lang='lat' dir='ltr'>auditoribus</span> <span class='ocrx_word' id='word_1_217' title='bbox 554 2040 596 2097; x_wconf 86' lang='lat' dir='ltr'>ea,</span> <span class='ocrx_word' id='word_1_218' title='bbox 611 2029 671 2099; x_wconf 74' lang='lat' dir='ltr'>quaa</span> <span class='ocrx_word' id='word_1_219' title='bbox 692 2035 827 2102; x_wconf 86' lang='lat' dir='ltr'>postremo</span> <span class='ocrx_word' id='word_1_220' title='bbox 884 2019 1044 2101; x_wconf 78' lang='grc' dir='ltr'>βαθυτέρων.</span> <span class='ocrx_word' id='word_1_221' title='bbox 1059 2010 1128 2080; x_wconf 78' lang='grc' dir='ltr'>Οἶδα</span> <span class='ocrx_word' id='word_1_222' title='bbox 1137 2018 1189 2099; x_wconf 73' lang='grc' dir='ltr'>γὰρ</span> <span class='ocrx_word' id='word_1_223' title='bbox 1201 2017 1242 2078; x_wconf 76' lang='grc' dir='ltr'>ότι</span> <span class='ocrx_word' id='word_1_224' title='bbox 1252 2026 1306 2085; x_wconf 86' lang='grc' dir='ltr'>τοῖς</span> <span class='ocrx_word' id='word_1_225' title='bbox 1313 2015 1434 2098; x_wconf 78' lang='grc' dir='ltr'>ἐσχάτοις</span> <span class='ocrx_word' id='word_1_226' title='bbox 1445 2019 1498 2075; x_wconf 82' lang='grc' dir='ltr'>τῶν</span> <span class='ocrx_word' id='word_1_227' title='bbox 1509 2013 1653 2095; x_wconf 77' lang='grc' dir='ltr'>είμημένων</span> 
     </span>
     <span class='ocr_line' id='line_1_19' title="bbox 105 2105 1651 2193; baseline -0.004 -24"><span class='ocrx_word' id='word_1_228' title='bbox 105 2110 166 2170; x_wconf 83' lang='grc' dir='ltr'>λοοο</span> <span class='ocrx_word' id='word_1_229' title='bbox 176 2111 251 2172; x_wconf 90' lang='lat' dir='ltr'>dicta</span> <span class='ocrx_word' id='word_1_230' title='bbox 265 2117 337 2187; x_wconf 80' lang='lat' dir='ltr'>s&#39;um,</span> <span class='ocrx_word' id='word_1_231' title='bbox 352 2124 509 2190; x_wconf 79' lang='lat' dir='ltr'>asseprutos</span> <span class='ocrx_word' id='word_1_232' title='bbox 523 2132 576 2171; x_wconf 91' lang='lat' dir='ltr'>non</span> <span class='ocrx_word' id='word_1_233' title='bbox 592 2133 726 2173; x_wconf 72' lang='lat' dir='ltr'>essetnec</span> <span class='ocrx_word' id='word_1_234' title='bbox 738 2126 827 2175; x_wconf 86' lang='lat' dir='ltr'>tamen</span> <span class='ocrx_word' id='word_1_235' title='bbox 881 2113 975 2173; x_wconf 81' lang='grc' dir='ltr'>πολλοί</span> <span class='ocrx_word' id='word_1_236' title='bbox 1001 2116 1053 2172; x_wconf 83' lang='grc' dir='ltr'>τῶν</span> <span class='ocrx_word' id='word_1_237' title='bbox 1081 2110 1304 2193; x_wconf 57' lang='lat' dir='ltr'>meracissimo}</span> <span class='ocrx_word' id='word_1_238' title='bbox 1326 2105 1579 2190; x_wconf 75' lang='grc' dir='ltr'>παμηκολοόθησαν·</span> <span class='ocrx_word' id='word_1_239' title='bbox 1596 2105 1651 2164; x_wconf 79' lang='grc' dir='ltr'>ἀλλ’</span> 
     </span>
     <span class='ocr_line' id='line_1_20' title="bbox 104 2199 1653 2286; baseline 0 -27"><span class='ocrx_word' id='word_1_240' title='bbox 104 2199 206 2263; x_wconf 89' lang='lat' dir='ltr'>idcirco</span> <span class='ocrx_word' id='word_1_241' title='bbox 226 2203 381 2264; x_wconf 75' lang='lat' dir='ltr'>subtiliores</span> <span class='ocrx_word' id='word_1_242' title='bbox 404 2223 497 2263; x_wconf 86' lang='lat' dir='ltr'>sensus</span> <span class='ocrx_word' id='word_1_243' title='bbox 519 2203 684 2264; x_wconf 83' lang='lat' dir='ltr'>confidenter</span> <span class='ocrx_word' id='word_1_244' title='bbox 703 2208 827 2286; x_wconf 79' lang='lat' dir='ltr'>persequi</span> <span class='ocrx_word' id='word_1_245' title='bbox 882 2205 954 2285; x_wconf 73' lang='grc' dir='ltr'>ὅμως</span> <span class='ocrx_word' id='word_1_246' title='bbox 973 2207 1003 2266; x_wconf 82' lang='grc' dir='ltr'>οὐ</span> <span class='ocrx_word' id='word_1_247' title='bbox 1024 2205 1067 2264; x_wconf 74' lang='grc' dir='ltr'>διὰ</span> <span class='ocrx_word' id='word_1_248' title='bbox 1087 2212 1163 2265; x_wconf 83' lang='grc' dir='ltr'>τοῦτο</span> <span class='ocrx_word' id='word_1_249' title='bbox 1185 2200 1391 2280; x_wconf 75' lang='grc' dir='ltr'>ἀποστησόμεθα</span> <span class='ocrx_word' id='word_1_250' title='bbox 1411 2203 1458 2261; x_wconf 77' lang='grc' dir='ltr'>τοῦ</span> <span class='ocrx_word' id='word_1_251' title='bbox 1482 2199 1653 2277; x_wconf 74' lang='grc' dir='ltr'>κατατολμᾷν</span> 
     </span>
     <span class='ocr_line' id='line_1_21' title="bbox 103 2283 1653 2380; baseline 0.001 -27"><span class='ocrx_word' id='word_1_252' title='bbox 103 2292 272 2355; x_wconf 82' lang='lat' dir='ltr'>desistemus.</span> <span class='ocrx_word' id='word_1_253' title='bbox 285 2296 379 2374; x_wconf 87' lang='lat' dir='ltr'>ltaque</span> <span class='ocrx_word' id='word_1_254' title='bbox 393 2315 424 2354; x_wconf 90' lang='lat' dir='ltr'>ca</span> <span class='ocrx_word' id='word_1_255' title='bbox 440 2316 501 2374; x_wconf 66' lang='lat' dir='ltr'>quse</span> <span class='ocrx_word' id='word_1_256' title='bbox 514 2295 627 2355; x_wconf 85' lang='lat' dir='ltr'>clariora</span> <span class='ocrx_word' id='word_1_257' title='bbox 637 2310 711 2374; x_wconf 82' lang='lat' dir='ltr'>sunt,</span> <span class='ocrx_word' id='word_1_258' title='bbox 721 2297 827 2380; x_wconf 85' lang='lat' dir='ltr'>simpli·</span> <span class='ocrx_word' id='word_1_259' title='bbox 882 2295 1045 2377; x_wconf 87' lang='grc' dir='ltr'>λεπτοτέρων</span> <span class='ocrx_word' id='word_1_260' title='bbox 1058 2294 1208 2374; x_wconf 80' lang='grc' dir='ltr'>νοημάτων.</span> <span class='ocrx_word' id='word_1_261' title='bbox 1227 2293 1272 2355; x_wconf 80' lang='grc' dir='ltr'>Τὰ</span> <span class='ocrx_word' id='word_1_262' title='bbox 1292 2292 1340 2373; x_wconf 83' lang='grc' dir='ltr'>μέν</span> <span class='ocrx_word' id='word_1_263' title='bbox 1358 2283 1402 2352; x_wconf 65' lang='grc' dir='ltr'>οἷν</span> <span class='ocrx_word' id='word_1_264' title='bbox 1427 2291 1579 2374; x_wconf 81' lang='grc' dir='ltr'>σαφέστερα</span> <span class='ocrx_word' id='word_1_265' title='bbox 1601 2297 1653 2354; x_wconf 73' lang='grc' dir='ltr'>τοῖς</span> 
     </span>
     <span class='ocr_line' id='line_1_22' title="bbox 104 2383 1653 2470; baseline -0.001 -26"><span class='ocrx_word' id='word_1_266' title='bbox 104 2383 233 2464; x_wconf 89' lang='lat' dir='ltr'>cioribus,</span> <span class='ocrx_word' id='word_1_267' title='bbox 249 2386 429 2468; x_wconf 82' lang='lat' dir='ltr'>profundiora</span> <span class='ocrx_word' id='word_1_268' title='bbox 449 2407 515 2446; x_wconf 78' lang='lat' dir='ltr'>vero</span> <span class='ocrx_word' id='word_1_269' title='bbox 539 2386 688 2467; x_wconf 87' lang='lat' dir='ltr'>proderunt</span> <span class='ocrx_word' id='word_1_270' title='bbox 708 2389 767 2465; x_wconf 86' lang='lat' dir='ltr'>his,</span> <span class='ocrx_word' id='word_1_271' title='bbox 780 2391 828 2468; x_wconf 87' lang='lat' dir='ltr'>qui</span> <span class='ocrx_word' id='word_1_272' title='bbox 883 2388 1081 2470; x_wconf 81' lang='grc' dir='ltr'>ιἰφελεστίροις,</span> <span class='ocrx_word' id='word_1_273' title='bbox 1094 2388 1128 2448; x_wconf 76' lang='grc' dir='ltr'>τί</span> <span class='ocrx_word' id='word_1_274' title='bbox 1142 2386 1169 2446; x_wconf 92' lang='grc' dir='ltr'>δέ</span> <span class='ocrx_word' id='word_1_275' title='bbox 1191 2386 1321 2468; x_wconf 78' lang='grc' dir='ltr'>βαθύτερα</span> <span class='ocrx_word' id='word_1_276' title='bbox 1333 2396 1388 2454; x_wconf 84' lang='grc' dir='ltr'>τοῖς</span> <span class='ocrx_word' id='word_1_277' title='bbox 1401 2384 1522 2463; x_wconf 77' lang='grc' dir='ltr'>ὀξύτερον</span> <span class='ocrx_word' id='word_1_278' title='bbox 1532 2386 1653 2464; x_wconf 79' lang='grc' dir='ltr'>ἐνορῶσιν</span> 
     </span>
     <span class='ocr_line' id='line_1_23' title="bbox 103 2470 1653 2560; baseline -0.001 -25"><span class='ocrx_word' id='word_1_279' title='bbox 103 2477 209 2537; x_wconf 75' lang='lat' dir='ltr'>anitius</span> <span class='ocrx_word' id='word_1_280' title='bbox 224 2477 372 2540; x_wconf 86' lang='lat' dir='ltr'>intuentur.</span> <span class='ocrx_word' id='word_1_281' title='bbox 390 2475 506 2540; x_wconf 84' lang='lat' dir='ltr'>Variam</span> <span class='ocrx_word' id='word_1_282' title='bbox 521 2471 623 2559; x_wconf 84' lang='lat' dir='ltr'>quippo</span> <span class='ocrx_word' id='word_1_283' title='bbox 640 2499 758 2540; x_wconf 85' lang='lat' dir='ltr'>mensam</span> <span class='ocrx_word' id='word_1_284' title='bbox 772 2503 829 2542; x_wconf 88' lang='lat' dir='ltr'>esse</span> <span class='ocrx_word' id='word_1_285' title='bbox 882 2481 957 2542; x_wconf 90' lang='grc' dir='ltr'>ἐσται</span> <span class='ocrx_word' id='word_1_286' title='bbox 969 2480 1099 2560; x_wconf 82' lang='grc' dir='ltr'>χρήσιμα.</span> <span class='ocrx_word' id='word_1_287' title='bbox 1116 2480 1247 2551; x_wconf 79' lang='grc' dir='ltr'>Ποικίλην</span> <span class='ocrx_word' id='word_1_288' title='bbox 1259 2478 1312 2560; x_wconf 72' lang='grc' dir='ltr'>γὰρ</span> <span class='ocrx_word' id='word_1_289' title='bbox 1330 2470 1397 2538; x_wconf 79' lang='grc' dir='ltr'>εἶναι</span> <span class='ocrx_word' id='word_1_290' title='bbox 1410 2477 1449 2536; x_wconf 88' lang='grc' dir='ltr'>δεῖ</span> <span class='ocrx_word' id='word_1_291' title='bbox 1461 2475 1511 2548; x_wconf 80' lang='grc' dir='ltr'>τλν</span> <span class='ocrx_word' id='word_1_292' title='bbox 1522 2475 1653 2556; x_wconf 77' lang='grc' dir='ltr'>τράπεζαν</span> 
     </span>
     <span class='ocr_line' id='line_1_24' title="bbox 103 2565 1653 2655; baseline -0.003 -25"><span class='ocrx_word' id='word_1_293' title='bbox 103 2583 209 2650; x_wconf 87' lang='lat' dir='ltr'>oportet</span> <span class='ocrx_word' id='word_1_294' title='bbox 222 2590 254 2630; x_wconf 87' lang='lat' dir='ltr'>ac</span> <span class='ocrx_word' id='word_1_295' title='bbox 265 2569 446 2646; x_wconf 76' lang='lat' dir='ltr'>differentem,</span> <span class='ocrx_word' id='word_1_296' title='bbox 465 2568 686 2650; x_wconf 81' lang='lat' dir='ltr'>quandoquidem</span> <span class='ocrx_word' id='word_1_297' title='bbox 706 2586 733 2632; x_wconf 89' lang='lat' dir='ltr'>et</span> <span class='ocrx_word' id='word_1_298' title='bbox 742 2571 827 2634; x_wconf 78' lang='lat' dir='ltr'>‹liuc-</span> <span class='ocrx_word' id='word_1_299' title='bbox 882 2572 927 2632; x_wconf 79' lang='grc' dir='ltr'>καί</span> <span class='ocrx_word' id='word_1_300' title='bbox 946 2572 1078 2655; x_wconf 80' lang='grc' dir='ltr'>διάφορον,</span> <span class='ocrx_word' id='word_1_301' title='bbox 1089 2571 1181 2643; x_wconf 73' lang='grc' dir='ltr'>ἐπειδὴ</span> <span class='ocrx_word' id='word_1_302' title='bbox 1194 2570 1241 2631; x_wconf 85' lang='grc' dir='ltr'>καλ</span> <span class='ocrx_word' id='word_1_303' title='bbox 1254 2570 1405 2653; x_wconf 77' lang='grc' dir='ltr'>διάφοροςὴ</span> <span class='ocrx_word' id='word_1_304' title='bbox 1420 2572 1473 2629; x_wconf 84' lang='grc' dir='ltr'>τῶν</span> <span class='ocrx_word' id='word_1_305' title='bbox 1483 2565 1653 2646; x_wconf 76' lang='grc' dir='ltr'>κεκλημένων</span> 
     </span>
    </p>
   </div>
   <div class='ocr_carea' id='block_1_3' title="bbox 9 2654 1653 2745">
    <p class='ocr_par' dir='ltr' id='par_1_7' title="bbox 9 2654 1653 2745">
     <span class='ocr_line' id='line_1_25' title="bbox 9 2654 1653 2745; baseline 0.001 -21"><span class='ocrx_word' id='word_1_306' title='bbox 9 2693 55 2737; x_wconf 78' lang='lat' dir='ltr'>omi</span> <span class='ocrx_word' id='word_1_307' title='bbox 64 2676 213 2734; x_wconf 45' lang='lat' dir='ltr'>{arcnsest</span> <span class='ocrx_word' id='word_1_308' title='bbox 228 2683 321 2723; x_wconf 86' lang='lat' dir='ltr'>eorum</span> <span class='ocrx_word' id='word_1_309' title='bbox 334 2663 383 2742; x_wconf 90' lang='lat' dir='ltr'>qui</span> <span class='ocrx_word' id='word_1_310' title='bbox 392 2661 497 2723; x_wconf 84' lang='lat' dir='ltr'>invitati</span> <span class='ocrx_word' id='word_1_311' title='bbox 508 2675 569 2721; x_wconf 90' lang='lat' dir='ltr'>sunt</span> <span class='ocrx_word' id='word_1_312' title='bbox 582 2662 725 2742; x_wconf 86' lang='lat' dir='ltr'>appetitus.</span> <span class='ocrx_word' id='word_1_313' title='bbox 735 2665 827 2727; x_wconf 88' lang='lat' dir='ltr'>Primo</span> <span class='ocrx_word' id='word_1_314' title='bbox 846 2679 863 2728; x_wconf 76' lang='grc' dir='ltr'>Ε</span> <span class='ocrx_word' id='word_1_315' title='bbox 882 2663 1019 2742; x_wconf 82' lang='grc' dir='ltr'>ἐπιθυμία.</span> <span class='ocrx_word' id='word_1_316' title='bbox 1035 2666 1078 2745; x_wconf 76' lang='grc' dir='ltr'>Τῇ</span> <span class='ocrx_word' id='word_1_317' title='bbox 1087 2663 1135 2742; x_wconf 78' lang='grc' dir='ltr'>μὲν</span> <span class='ocrx_word' id='word_1_318' title='bbox 1147 2654 1191 2722; x_wconf 74' lang='grc' dir='ltr'>οὖν</span> <span class='ocrx_word' id='word_1_319' title='bbox 1202 2662 1297 2744; x_wconf 80' lang='grc' dir='ltr'>πρώτη</span> <span class='ocrx_word' id='word_1_320' title='bbox 1311 2663 1400 2744; x_wconf 74' lang='grc' dir='ltr'>ἡμέρᾳ</span> <span class='ocrx_word' id='word_1_321' title='bbox 1411 2661 1474 2743; x_wconf 79' lang='grc' dir='ltr'>περί</span> <span class='ocrx_word' id='word_1_322' title='bbox 1487 2663 1653 2740; x_wconf 71' lang='grc' dir='ltr'>ἐπιγραφῆς,</span> 
     </span>
    </p>
   </div>
   <div class='ocr_carea' id='block_1_4' title="bbox 2 2751 1654 2929">
    <p class='ocr_par' dir='ltr' id='par_1_8' title="bbox 2 2751 1654 2929">
     <span class='ocr_line' id='line_1_26' title="bbox 19 2751 1653 2839; baseline 0.002 -30"><span class='ocrx_word' id='word_1_323' title='bbox 19 2818 24 2826; x_wconf 44' lang='grc'>,</span> <span class='ocrx_word' id='word_1_324' title='bbox 43 2816 48 2825; x_wconf 49' lang='grc'>,</span> <span class='ocrx_word' id='word_1_325' title='bbox 72 2751 191 2832; x_wconf 75' lang='lat' dir='ltr'>inigitur</span> <span class='ocrx_word' id='word_1_326' title='bbox 203 2753 249 2813; x_wconf 85' lang='lat' dir='ltr'>die</span> <span class='ocrx_word' id='word_1_327' title='bbox 264 2752 299 2813; x_wconf 86' lang='lat' dir='ltr'>de</span> <span class='ocrx_word' id='word_1_328' title='bbox 313 2753 503 2833; x_wconf 82' lang='lat' dir='ltr'>inscriptione,</span> <span class='ocrx_word' id='word_1_329' title='bbox 524 2754 641 2812; x_wconf 73' lang='lat' dir='ltr'>secunda</span> <span class='ocrx_word' id='word_1_330' title='bbox 656 2775 721 2815; x_wconf 81' lang='lat' dir='ltr'>vero</span> <span class='ocrx_word' id='word_1_331' title='bbox 733 2754 780 2816; x_wconf 86' lang='lat' dir='ltr'>die</span> <span class='ocrx_word' id='word_1_332' title='bbox 793 2758 828 2818; x_wconf 89' lang='lat' dir='ltr'>dc</span> <span class='ocrx_word' id='word_1_333' title='bbox 882 2760 915 2837; x_wconf 81' lang='grc' dir='ltr'>τῇ</span> <span class='ocrx_word' id='word_1_334' title='bbox 932 2754 959 2816; x_wconf 82' lang='grc' dir='ltr'>θλ</span> <span class='ocrx_word' id='word_1_335' title='bbox 969 2754 1079 2838; x_wconf 74' lang='grc' dir='ltr'>δευτέρα</span> <span class='ocrx_word' id='word_1_336' title='bbox 1089 2754 1178 2839; x_wconf 70' lang='grc' dir='ltr'>ἡμέρᾳ</span> <span class='ocrx_word' id='word_1_337' title='bbox 1193 2755 1254 2835; x_wconf 79' lang='grc' dir='ltr'>περί</span> <span class='ocrx_word' id='word_1_338' title='bbox 1271 2760 1316 2815; x_wconf 78' lang='grc' dir='ltr'>τοῦ</span> <span class='ocrx_word' id='word_1_339' title='bbox 1329 2755 1479 2835; x_wconf 76' lang='grc' dir='ltr'>γράψαντος</span> <span class='ocrx_word' id='word_1_340' title='bbox 1495 2751 1527 2812; x_wconf 85' lang='grc' dir='ltr'>τδ</span> <span class='ocrx_word' id='word_1_341' title='bbox 1543 2751 1653 2831; x_wconf 72' lang='grc' dir='ltr'>βιβλίαν,</span> 
     </span>
     <span class='ocr_line' id='line_1_27' title="bbox 2 2827 1654 2929; baseline -0.002 -23"><span class='ocrx_word' id='word_1_342' title='bbox 2 2827 90 2920; x_wconf 56' lang='lat' dir='ltr'>pupas</span> <span class='ocrx_word' id='word_1_343' title='bbox 106 2866 138 2906; x_wconf 89' lang='lat' dir='ltr'>eo</span> <span class='ocrx_word' id='word_1_344' title='bbox 151 2846 199 2924; x_wconf 89' lang='lat' dir='ltr'>qui</span> <span class='ocrx_word' id='word_1_345' title='bbox 213 2845 316 2906; x_wconf 88' lang='lat' dir='ltr'>librum</span> <span class='ocrx_word' id='word_1_346' title='bbox 328 2845 447 2926; x_wconf 77' lang='lat' dir='ltr'>scripsit,</span> <span class='ocrx_word' id='word_1_347' title='bbox 461 2844 540 2905; x_wconf 86' lang='lat' dir='ltr'>tertia</span> <span class='ocrx_word' id='word_1_348' title='bbox 557 2844 603 2905; x_wconf 89' lang='lat' dir='ltr'>die</span> <span class='ocrx_word' id='word_1_349' title='bbox 623 2846 682 2906; x_wconf 87' lang='lat' dir='ltr'>heri</span> <span class='ocrx_word' id='word_1_350' title='bbox 700 2846 830 2911; x_wconf 86' lang='lat' dir='ltr'>disserui·</span> <span class='ocrx_word' id='word_1_351' title='bbox 881 2851 915 2928; x_wconf 74' lang='grc' dir='ltr'>τῇ</span> <span class='ocrx_word' id='word_1_352' title='bbox 926 2845 1004 2927; x_wconf 85' lang='grc' dir='ltr'>τρίτη</span> <span class='ocrx_word' id='word_1_353' title='bbox 1017 2848 1108 2929; x_wconf 73' lang='grc' dir='ltr'>ἡμέρη</span> <span class='ocrx_word' id='word_1_354' title='bbox 1126 2845 1188 2927; x_wconf 84' lang='grc' dir='ltr'>χθές</span> <span class='ocrx_word' id='word_1_355' title='bbox 1201 2846 1266 2926; x_wconf 81' lang='grc' dir='ltr'>πρὸς</span> <span class='ocrx_word' id='word_1_356' title='bbox 1278 2844 1337 2913; x_wconf 83' lang='grc' dir='ltr'>τοθς</span> <span class='ocrx_word' id='word_1_357' title='bbox 1351 2843 1583 2928; x_wconf 75' lang='grc' dir='ltr'>παραγενομένους</span> <span class='ocrx_word' id='word_1_358' title='bbox 1595 2840 1654 2922; x_wconf 80' lang='grc' dir='ltr'>περὶ</span> 
     </span>
    </p>
   </div>
   <div class='ocr_carea' id='block_1_5' title="bbox 4 2933 1653 3021">
    <p class='ocr_par' dir='ltr' id='par_1_9' title="bbox 4 2933 1653 3021">
     <span class='ocr_line' id='line_1_28' title="bbox 4 2933 1653 3021; baseline -0.002 -25"><span class='ocrx_word' id='word_1_359' title='bbox 4 2961 23 2982; x_wconf 87' lang='grc'>··</span> <span class='ocrx_word' id='word_1_360' title='bbox 110 2957 171 2996; x_wconf 90' lang='lat' dir='ltr'>mus</span> <span class='ocrx_word' id='word_1_361' title='bbox 180 2936 254 3018; x_wconf 88' lang='lat' dir='ltr'>apud</span> <span class='ocrx_word' id='word_1_362' title='bbox 265 2958 312 2997; x_wconf 86' lang='lat' dir='ltr'>eos</span> <span class='ocrx_word' id='word_1_363' title='bbox 323 2936 369 3016; x_wconf 92' lang='lat' dir='ltr'>qui</span> <span class='ocrx_word' id='word_1_364' title='bbox 378 2935 540 2996; x_wconf 84' lang='lat' dir='ltr'>advenerunt</span> <span class='ocrx_word' id='word_1_365' title='bbox 549 2935 669 2997; x_wconf 87' lang='lat' dir='ltr'>dcinitio</span> <span class='ocrx_word' id='word_1_366' title='bbox 678 2938 829 3021; x_wconf 77' lang='lat' dir='ltr'>scripturae,</span> <span class='ocrx_word' id='word_1_367' title='bbox 881 2943 930 3012; x_wconf 72' lang='grc' dir='ltr'>τῆς</span> <span class='ocrx_word' id='word_1_368' title='bbox 943 2942 1029 3019; x_wconf 76' lang='grc' dir='ltr'>ἀρχῆς</span> <span class='ocrx_word' id='word_1_369' title='bbox 1050 2943 1098 3011; x_wconf 79' lang='grc' dir='ltr'>τῆς</span> <span class='ocrx_word' id='word_1_370' title='bbox 1116 2944 1220 3021; x_wconf 79' lang='grc' dir='ltr'>γραφῆς</span> <span class='ocrx_word' id='word_1_371' title='bbox 1238 2937 1418 3020; x_wconf 79' lang='grc' dir='ltr'>διελέχθημεν,</span> <span class='ocrx_word' id='word_1_372' title='bbox 1438 2936 1485 2996; x_wconf 84' lang='grc' dir='ltr'>καί</span> <span class='ocrx_word' id='word_1_373' title='bbox 1509 2933 1653 3012; x_wconf 78' lang='grc' dir='ltr'>ἐδείξαμεν,</span> 
     </span>
    </p>
   </div>
   <div class='ocr_carea' id='block_1_6' title="bbox 2 3024 1674 5146">
    <p class='ocr_par' dir='ltr' id='par_1_10' title="bbox 2 3024 1674 5146">
     <span class='ocr_line' id='line_1_29' title="bbox 108 3024 1654 3115; baseline -0.002 -28"><span class='ocrx_word' id='word_1_374' title='bbox 108 3040 135 3087; x_wconf 91' lang='lat' dir='ltr'>et</span> <span class='ocrx_word' id='word_1_375' title='bbox 153 3029 331 3108; x_wconf 77' lang='lat' dir='ltr'>ostendimus,</span> <span class='ocrx_word' id='word_1_376' title='bbox 345 3028 416 3089; x_wconf 88' lang='lat' dir='ltr'>sicat</span> <span class='ocrx_word' id='word_1_377' title='bbox 431 3027 473 3087; x_wconf 92' lang='lat' dir='ltr'>illi</span> <span class='ocrx_word' id='word_1_378' title='bbox 492 3042 592 3089; x_wconf 89' lang='lat' dir='ltr'>norunt</span> <span class='ocrx_word' id='word_1_379' title='bbox 611 3029 658 3108; x_wconf 90' lang='lat' dir='ltr'>qui</span> <span class='ocrx_word' id='word_1_380' title='bbox 672 3030 829 3112; x_wconf 80' lang='lat' dir='ltr'>audieramt,</span> <span class='ocrx_word' id='word_1_381' title='bbox 882 3032 1003 3115; x_wconf 80' lang='grc' dir='ltr'>καθάπερ</span> <span class='ocrx_word' id='word_1_382' title='bbox 1018 3031 1105 3093; x_wconf 83' lang='grc' dir='ltr'>ἴσασιν</span> <span class='ocrx_word' id='word_1_383' title='bbox 1120 3035 1145 3091; x_wconf 83' lang='grc' dir='ltr'>οἱ</span> <span class='ocrx_word' id='word_1_384' title='bbox 1159 3030 1315 3103; x_wconf 80' lang='grc' dir='ltr'>ἀκηκοότες,</span> <span class='ocrx_word' id='word_1_385' title='bbox 1331 3029 1357 3089; x_wconf 87' lang='grc' dir='ltr'>τί</span> <span class='ocrx_word' id='word_1_386' title='bbox 1372 3028 1420 3108; x_wconf 81' lang='grc' dir='ltr'>μέν</span> <span class='ocrx_word' id='word_1_387' title='bbox 1435 3030 1492 3087; x_wconf 85' lang='grc' dir='ltr'>ἐστι</span> <span class='ocrx_word' id='word_1_388' title='bbox 1505 3025 1616 3109; x_wconf 77' lang='grc' dir='ltr'>πρᾶξις,</span> <span class='ocrx_word' id='word_1_389' title='bbox 1628 3024 1654 3085; x_wconf 88' lang='grc' dir='ltr'>τί</span> 
     </span>
     <span class='ocr_line' id='line_1_30' title="bbox 108 3118 1654 3204; baseline -0.002 -23"><span class='ocrx_word' id='word_1_390' title='bbox 108 3119 175 3199; x_wconf 87' lang='lat' dir='ltr'>quid</span> <span class='ocrx_word' id='word_1_391' title='bbox 189 3121 224 3182; x_wconf 92' lang='lat' dir='ltr'>sit</span> <span class='ocrx_word' id='word_1_392' title='bbox 238 3136 338 3200; x_wconf 85' lang='lat' dir='ltr'>actum,</span> <span class='ocrx_word' id='word_1_393' title='bbox 350 3121 417 3200; x_wconf 91' lang='lat' dir='ltr'>quid</span> <span class='ocrx_word' id='word_1_394' title='bbox 438 3119 473 3180; x_wconf 91' lang='lat' dir='ltr'>sit</span> <span class='ocrx_word' id='word_1_395' title='bbox 487 3120 661 3196; x_wconf 76' lang='lat' dir='ltr'>miraculum,</span> <span class='ocrx_word' id='word_1_396' title='bbox 674 3136 701 3183; x_wconf 90' lang='lat' dir='ltr'>et</span> <span class='ocrx_word' id='word_1_397' title='bbox 714 3123 782 3204; x_wconf 88' lang='lat' dir='ltr'>quid</span> <span class='ocrx_word' id='word_1_398' title='bbox 794 3126 829 3188; x_wconf 88' lang='lat' dir='ltr'>sit</span> <span class='ocrx_word' id='word_1_399' title='bbox 884 3123 913 3184; x_wconf 90' lang='grc' dir='ltr'>δέ</span> <span class='ocrx_word' id='word_1_400' title='bbox 926 3128 983 3186; x_wconf 87' lang='grc' dir='ltr'>ἐστι</span> <span class='ocrx_word' id='word_1_401' title='bbox 1000 3130 1102 3203; x_wconf 77' lang='grc' dir='ltr'>θαῦμα,</span> <span class='ocrx_word' id='word_1_402' title='bbox 1115 3124 1161 3182; x_wconf 84' lang='grc' dir='ltr'>καί</span> <span class='ocrx_word' id='word_1_403' title='bbox 1182 3123 1209 3183; x_wconf 88' lang='grc' dir='ltr'>τί</span> <span class='ocrx_word' id='word_1_404' title='bbox 1226 3123 1273 3202; x_wconf 87' lang='grc' dir='ltr'>μέν</span> <span class='ocrx_word' id='word_1_405' title='bbox 1288 3126 1346 3183; x_wconf 86' lang='grc' dir='ltr'>ἐστι</span> <span class='ocrx_word' id='word_1_406' title='bbox 1358 3118 1494 3194; x_wconf 76' lang='grc' dir='ltr'>πολιτεία,</span> <span class='ocrx_word' id='word_1_407' title='bbox 1508 3118 1536 3179; x_wconf 87' lang='grc' dir='ltr'>τί</span> <span class='ocrx_word' id='word_1_408' title='bbox 1554 3118 1584 3180; x_wconf 90' lang='grc' dir='ltr'>δέ</span> <span class='ocrx_word' id='word_1_409' title='bbox 1599 3121 1654 3180; x_wconf 82' lang='grc' dir='ltr'>ἐστι</span> 
     </span>
     <span class='ocr_line' id='line_1_31' title="bbox 109 3211 1654 3300; baseline -0.001 -27"><span class='ocrx_word' id='word_1_410' title='bbox 109 3215 290 3292; x_wconf 78' lang='lat' dir='ltr'>conversatio,</span> <span class='ocrx_word' id='word_1_411' title='bbox 305 3212 373 3295; x_wconf 90' lang='lat' dir='ltr'>quid</span> <span class='ocrx_word' id='word_1_412' title='bbox 385 3214 494 3294; x_wconf 87' lang='lat' dir='ltr'>signum</span> <span class='ocrx_word' id='word_1_413' title='bbox 508 3226 534 3273; x_wconf 84' lang='lat' dir='ltr'>et</span> <span class='ocrx_word' id='word_1_414' title='bbox 549 3213 707 3295; x_wconf 81' lang='lat' dir='ltr'>prodigium</span> <span class='ocrx_word' id='word_1_415' title='bbox 728 3238 760 3276; x_wconf 90' lang='lat' dir='ltr'>ac</span> <span class='ocrx_word' id='word_1_416' title='bbox 772 3218 829 3279; x_wconf 81' lang='lat' dir='ltr'>vir-</span> <span class='ocrx_word' id='word_1_417' title='bbox 884 3227 1002 3296; x_wconf 86' lang='grc' dir='ltr'>αημεῖον,</span> <span class='ocrx_word' id='word_1_418' title='bbox 1014 3217 1060 3278; x_wconf 86' lang='grc' dir='ltr'>καὶ</span> <span class='ocrx_word' id='word_1_419' title='bbox 1074 3218 1166 3300; x_wconf 77' lang='grc' dir='ltr'>τέρας,</span> <span class='ocrx_word' id='word_1_420' title='bbox 1179 3217 1225 3275; x_wconf 80' lang='grc' dir='ltr'>καί</span> <span class='ocrx_word' id='word_1_421' title='bbox 1240 3215 1349 3294; x_wconf 80' lang='grc' dir='ltr'>δύναμις</span> <span class='ocrx_word' id='word_1_422' title='bbox 1357 3260 1365 3290; x_wconf 92' lang='grc'>,</span> <span class='ocrx_word' id='word_1_423' title='bbox 1379 3214 1426 3275; x_wconf 79' lang='grc' dir='ltr'>καί</span> <span class='ocrx_word' id='word_1_424' title='bbox 1436 3211 1519 3273; x_wconf 82' lang='grc' dir='ltr'>τόσον</span> <span class='ocrx_word' id='word_1_425' title='bbox 1529 3211 1561 3272; x_wconf 78' lang='grc' dir='ltr'>τὸ</span> <span class='ocrx_word' id='word_1_426' title='bbox 1575 3211 1654 3292; x_wconf 83' lang='grc' dir='ltr'>μίσον</span> 
     </span>
     <span class='ocr_line' id='line_1_32' title="bbox 109 3295 1655 3392; baseline 0 -27"><span class='ocrx_word' id='word_1_427' title='bbox 109 3317 171 3383; x_wconf 85' lang='lat' dir='ltr'>tas,</span> <span class='ocrx_word' id='word_1_428' title='bbox 184 3318 211 3365; x_wconf 89' lang='lat' dir='ltr'>ct</span> <span class='ocrx_word' id='word_1_429' title='bbox 224 3295 356 3384; x_wconf 79' lang='lat' dir='ltr'>quantum</span> <span class='ocrx_word' id='word_1_430' title='bbox 381 3304 453 3366; x_wconf 86' lang='lat' dir='ltr'>inter</span> <span class='ocrx_word' id='word_1_431' title='bbox 474 3316 588 3383; x_wconf 85' lang='lat' dir='ltr'>utraque</span> <span class='ocrx_word' id='word_1_432' title='bbox 611 3306 647 3366; x_wconf 88' lang='lat' dir='ltr'>sit</span> <span class='ocrx_word' id='word_1_433' title='bbox 661 3306 804 3369; x_wconf 85' lang='lat' dir='ltr'>discrimen</span> <span class='ocrx_word' id='word_1_434' title='bbox 816 3331 826 3368; x_wconf 78' lang='grc' dir='ltr'>ι</span> <span class='ocrx_word' id='word_1_435' title='bbox 883 3309 1031 3392; x_wconf 75' lang='grc' dir='ltr'>ἑκατέρων·</span> <span class='ocrx_word' id='word_1_436' title='bbox 1045 3310 1091 3370; x_wconf 82' lang='grc' dir='ltr'>καί</span> <span class='ocrx_word' id='word_1_437' title='bbox 1104 3313 1160 3376; x_wconf 86' lang='grc' dir='ltr'>πῶς</span> <span class='ocrx_word' id='word_1_438' title='bbox 1177 3309 1209 3369; x_wconf 85' lang='grc' dir='ltr'>τδ</span> <span class='ocrx_word' id='word_1_439' title='bbox 1222 3308 1270 3387; x_wconf 89' lang='grc' dir='ltr'>μέν</span> <span class='ocrx_word' id='word_1_440' title='bbox 1284 3310 1382 3386; x_wconf 72' lang='grc' dir='ltr'>μεῖζον,</span> <span class='ocrx_word' id='word_1_441' title='bbox 1394 3307 1424 3367; x_wconf 79' lang='grc' dir='ltr'>τό</span> <span class='ocrx_word' id='word_1_442' title='bbox 1439 3306 1467 3365; x_wconf 84' lang='grc' dir='ltr'>δέ</span> <span class='ocrx_word' id='word_1_443' title='bbox 1480 3303 1655 3389; x_wconf 74' lang='grc' dir='ltr'>χρησιμώτε-</span> 
     </span>
     <span class='ocr_line' id='line_1_33' title="bbox 108 3396 1655 3484; baseline 0 -28"><span class='ocrx_word' id='word_1_444' title='bbox 108 3418 162 3477; x_wconf 85' lang='lat' dir='ltr'>qua</span> <span class='ocrx_word' id='word_1_445' title='bbox 175 3398 278 3460; x_wconf 86' lang='lat' dir='ltr'>ratione</span> <span class='ocrx_word' id='word_1_446' title='bbox 291 3398 407 3458; x_wconf 87' lang='lat' dir='ltr'>alterum</span> <span class='ocrx_word' id='word_1_447' title='bbox 425 3396 514 3478; x_wconf 86' lang='lat' dir='ltr'>majus</span> <span class='ocrx_word' id='word_1_448' title='bbox 527 3396 573 3476; x_wconf 84' lang='lat' dir='ltr'>sit,</span> <span class='ocrx_word' id='word_1_449' title='bbox 586 3397 682 3457; x_wconf 88' lang='lat' dir='ltr'>utilius</span> <span class='ocrx_word' id='word_1_450' title='bbox 695 3399 828 3460; x_wconf 88' lang='lat' dir='ltr'>alterum:</span> <span class='ocrx_word' id='word_1_451' title='bbox 885 3424 945 3484; x_wconf 87' lang='grc' dir='ltr'>ρον·</span> <span class='ocrx_word' id='word_1_452' title='bbox 959 3402 1073 3468; x_wconf 75' lang='grc' dir='ltr'>καὶπῶς</span> <span class='ocrx_word' id='word_1_453' title='bbox 1086 3401 1116 3460; x_wconf 81' lang='grc' dir='ltr'>τὸ</span> <span class='ocrx_word' id='word_1_454' title='bbox 1139 3398 1276 3480; x_wconf 59' lang='lat' dir='ltr'>attexat</span> <span class='ocrx_word' id='word_1_455' title='bbox 1290 3400 1381 3459; x_wconf 78' lang='grc' dir='ltr'>ἑαυτὸν</span> <span class='ocrx_word' id='word_1_456' title='bbox 1395 3397 1423 3459; x_wconf 86' lang='grc' dir='ltr'>θν</span> <span class='ocrx_word' id='word_1_457' title='bbox 1437 3397 1576 3478; x_wconf 84' lang='grc' dir='ltr'>βασιλείαν</span> <span class='ocrx_word' id='word_1_458' title='bbox 1591 3419 1655 3480; x_wconf 92' lang='grc' dir='ltr'>προ-</span> 
     </span>
     <span class='ocr_line' id='line_1_34' title="bbox 108 3488 1655 3574; baseline 0 -24"><span class='ocrx_word' id='word_1_459' title='bbox 108 3503 197 3570; x_wconf 87' lang='lat' dir='ltr'>etqua</span> <span class='ocrx_word' id='word_1_460' title='bbox 211 3491 313 3552; x_wconf 89' lang='lat' dir='ltr'>ratione</span> <span class='ocrx_word' id='word_1_461' title='bbox 324 3491 440 3551; x_wconf 81' lang='lat' dir='ltr'>altenrm</span> <span class='ocrx_word' id='word_1_462' title='bbox 454 3488 543 3574; x_wconf 84' lang='lat' dir='ltr'>solum</span> <span class='ocrx_word' id='word_1_463' title='bbox 557 3510 607 3571; x_wconf 88' lang='lat' dir='ltr'>per</span> <span class='ocrx_word' id='word_1_464' title='bbox 619 3510 648 3550; x_wconf 85' lang='lat' dir='ltr'>se</span> <span class='ocrx_word' id='word_1_465' title='bbox 658 3512 772 3572; x_wconf 88' lang='lat' dir='ltr'>regnum</span> <span class='ocrx_word' id='word_1_466' title='bbox 784 3514 828 3554; x_wconf 86' lang='lat' dir='ltr'>ac·</span> <span class='ocrx_word' id='word_1_467' title='bbox 884 3495 962 3570; x_wconf 85' lang='grc' dir='ltr'>ξενεῐ,</span> <span class='ocrx_word' id='word_1_468' title='bbox 972 3494 1004 3555; x_wconf 72' lang='lat' dir='ltr'>rb</span> <span class='ocrx_word' id='word_1_469' title='bbox 1017 3493 1045 3556; x_wconf 79' lang='grc' dir='ltr'>δὲ</span> <span class='ocrx_word' id='word_1_470' title='bbox 1058 3493 1103 3554; x_wconf 74' lang='grc' dir='ltr'>ἐὰν</span> <span class='ocrx_word' id='word_1_471' title='bbox 1118 3491 1156 3572; x_wconf 77' lang='grc' dir='ltr'>μὴ</span> <span class='ocrx_word' id='word_1_472' title='bbox 1170 3493 1240 3574; x_wconf 56' lang='lat' dir='ltr'>tusa</span> <span class='ocrx_word' id='word_1_473' title='bbox 1253 3491 1301 3565; x_wconf 83' lang='grc' dir='ltr'>τλν</span> <span class='ocrx_word' id='word_1_474' title='bbox 1316 3492 1369 3552; x_wconf 81' lang='grc' dir='ltr'>ἀπὸ</span> <span class='ocrx_word' id='word_1_475' title='bbox 1382 3494 1429 3563; x_wconf 72' lang='grc' dir='ltr'>τῆς</span> <span class='ocrx_word' id='word_1_476' title='bbox 1443 3489 1565 3570; x_wconf 78' lang='grc' dir='ltr'>πράξεως</span> <span class='ocrx_word' id='word_1_477' title='bbox 1586 3513 1655 3568; x_wconf 89' lang='grc' dir='ltr'>συμ-</span> 
     </span>
     <span class='ocr_line' id='line_1_35' title="bbox 108 3580 1657 3668; baseline 0 -26"><span class='ocrx_word' id='word_1_478' title='bbox 108 3583 202 3662; x_wconf 82' lang='grc' dir='ltr'>ηυὶτίτ,</span> <span class='ocrx_word' id='word_1_479' title='bbox 216 3584 331 3645; x_wconf 88' lang='lat' dir='ltr'>alterum</span> <span class='ocrx_word' id='word_1_480' title='bbox 341 3583 392 3644; x_wconf 89' lang='lat' dir='ltr'>nisi</span> <span class='ocrx_word' id='word_1_481' title='bbox 406 3603 521 3665; x_wconf 88' lang='lat' dir='ltr'>operum</span> <span class='ocrx_word' id='word_1_482' title='bbox 535 3582 689 3643; x_wconf 88' lang='lat' dir='ltr'>subsidium</span> <span class='ocrx_word' id='word_1_483' title='bbox 699 3600 828 3666; x_wconf 79' lang='lat' dir='ltr'>assumat,</span> <span class='ocrx_word' id='word_1_484' title='bbox 844 3627 868 3666; x_wconf 63' lang='grc' dir='ltr'>,η</span> <span class='ocrx_word' id='word_1_485' title='bbox 885 3587 996 3668; x_wconf 86' lang='grc' dir='ltr'>μαχίαν,</span> <span class='ocrx_word' id='word_1_486' title='bbox 1009 3585 1059 3656; x_wconf 76' lang='grc' dir='ltr'>ἐξω</span> <span class='ocrx_word' id='word_1_487' title='bbox 1071 3589 1123 3646; x_wconf 82' lang='grc' dir='ltr'>τῶν</span> <span class='ocrx_word' id='word_1_488' title='bbox 1134 3584 1271 3666; x_wconf 82' lang='grc' dir='ltr'>προθόριυν</span> <span class='ocrx_word' id='word_1_489' title='bbox 1290 3583 1396 3644; x_wconf 80' lang='grc' dir='ltr'>ἐκείνων</span> <span class='ocrx_word' id='word_1_490' title='bbox 1408 3583 1578 3644; x_wconf 79' lang='grc' dir='ltr'>ἐκόαλλεται.</span> <span class='ocrx_word' id='word_1_491' title='bbox 1599 3580 1657 3653; x_wconf 73' lang='grc' dir='ltr'>Σή-</span> 
     </span>
     <span class='ocr_line' id='line_1_36' title="bbox 108 3674 1655 3762; baseline 0.001 -29"><span class='ocrx_word' id='word_1_492' title='bbox 108 3688 186 3735; x_wconf 85' lang='lat' dir='ltr'>extra</span> <span class='ocrx_word' id='word_1_493' title='bbox 199 3676 367 3736; x_wconf 87' lang='lat' dir='ltr'>vestibulum</span> <span class='ocrx_word' id='word_1_494' title='bbox 377 3674 449 3735; x_wconf 91' lang='lat' dir='ltr'>illud</span> <span class='ocrx_word' id='word_1_495' title='bbox 462 3674 580 3756; x_wconf 89' lang='lat' dir='ltr'>ejicitur.</span> <span class='ocrx_word' id='word_1_496' title='bbox 592 3674 681 3735; x_wconf 84' lang='lat' dir='ltr'>Hodie</span> <span class='ocrx_word' id='word_1_497' title='bbox 694 3676 829 3757; x_wconf 84' lang='lat' dir='ltr'>reliquum</span> <span class='ocrx_word' id='word_1_498' title='bbox 846 3682 867 3728; x_wconf 79' lang='grc' dir='ltr'><strong>Α</strong></span> <span class='ocrx_word' id='word_1_499' title='bbox 884 3703 962 3762; x_wconf 82' lang='grc' dir='ltr'>μερον</span> <span class='ocrx_word' id='word_1_500' title='bbox 979 3681 1120 3758; x_wconf 80' lang='grc' dir='ltr'>ἀναγκαῖον</span> <span class='ocrx_word' id='word_1_501' title='bbox 1135 3680 1216 3737; x_wconf 77' lang='grc' dir='ltr'>εἰπεῖν</span> <span class='ocrx_word' id='word_1_502' title='bbox 1230 3677 1261 3737; x_wconf 84' lang='grc' dir='ltr'>τὸ</span> <span class='ocrx_word' id='word_1_503' title='bbox 1274 3678 1409 3737; x_wconf 85' lang='grc' dir='ltr'>ἐπίλοιπον</span> <span class='ocrx_word' id='word_1_504' title='bbox 1423 3680 1471 3748; x_wconf 73' lang='grc' dir='ltr'>τῆς</span> <span class='ocrx_word' id='word_1_505' title='bbox 1484 3678 1655 3756; x_wconf 76' lang='grc' dir='ltr'>ἐπιγραφῆς,</span> 
     </span>
     <span class='ocr_line' id='line_1_37' title="bbox 109 3763 1658 3851; baseline 0.003 -28"><span class='ocrx_word' id='word_1_506' title='bbox 109 3763 292 3847; x_wconf 89' lang='lat' dir='ltr'>inscriptionis</span> <span class='ocrx_word' id='word_1_507' title='bbox 303 3787 392 3847; x_wconf 79' lang='lat' dir='ltr'>operae</span> <span class='ocrx_word' id='word_1_508' title='bbox 405 3766 525 3847; x_wconf 81' lang='lat' dir='ltr'>pretium</span> <span class='ocrx_word' id='word_1_509' title='bbox 534 3780 574 3826; x_wconf 89' lang='lat' dir='ltr'>est</span> <span class='ocrx_word' id='word_1_510' title='bbox 584 3765 717 3846; x_wconf 84' lang='lat' dir='ltr'>dicamus,</span> <span class='ocrx_word' id='word_1_511' title='bbox 726 3783 752 3830; x_wconf 89' lang='lat' dir='ltr'>et</span> <span class='ocrx_word' id='word_1_512' title='bbox 762 3770 829 3851; x_wconf 87' lang='lat' dir='ltr'>quid</span> <span class='ocrx_word' id='word_1_513' title='bbox 883 3773 929 3834; x_wconf 80' lang='grc' dir='ltr'>καί</span> <span class='ocrx_word' id='word_1_514' title='bbox 950 3772 1030 3842; x_wconf 75' lang='grc' dir='ltr'>δεῖξαι</span> <span class='ocrx_word' id='word_1_515' title='bbox 1054 3771 1081 3833; x_wconf 88' lang='grc' dir='ltr'>τί</span> <span class='ocrx_word' id='word_1_516' title='bbox 1103 3769 1168 3830; x_wconf 78' lang='grc' dir='ltr'>ποτέ</span> <span class='ocrx_word' id='word_1_517' title='bbox 1185 3772 1242 3831; x_wconf 81' lang='grc' dir='ltr'>ἐστι</span> <span class='ocrx_word' id='word_1_518' title='bbox 1264 3771 1297 3831; x_wconf 82' lang='grc' dir='ltr'>τό</span> <span class='ocrx_word' id='word_1_519' title='bbox 1320 3770 1403 3848; x_wconf 81' lang='grc' dir='ltr'>ὄνομα</span> <span class='ocrx_word' id='word_1_520' title='bbox 1423 3773 1475 3829; x_wconf 86' lang='grc' dir='ltr'>τῶν</span> <span class='ocrx_word' id='word_1_521' title='bbox 1490 3767 1658 3829; x_wconf 62' lang='lat' dir='ltr'>inondum</span> 
     </span>
     <span class='ocr_line' id='line_1_38' title="bbox 14 3856 1657 3947; baseline 0.005 -37"><span class='ocrx_word' id='word_1_522' title='bbox 14 3879 36 3920; x_wconf 66' lang='grc' dir='ltr'>ης</span> <span class='ocrx_word' id='word_1_523' title='bbox 70 3856 244 3936; x_wconf 62' lang='lat' dir='ltr'>,asignilioet</span> <span class='ocrx_word' id='word_1_524' title='bbox 268 3858 391 3939; x_wconf 76' lang='lat' dir='ltr'>Apostoli</span> <span class='ocrx_word' id='word_1_525' title='bbox 411 3879 508 3918; x_wconf 88' lang='lat' dir='ltr'>nomen</span> <span class='ocrx_word' id='word_1_526' title='bbox 532 3858 713 3921; x_wconf 82' lang='lat' dir='ltr'>ostendamus.</span> <span class='ocrx_word' id='word_1_527' title='bbox 737 3865 830 3943; x_wconf 87' lang='lat' dir='ltr'>Neque</span> <span class='ocrx_word' id='word_1_528' title='bbox 884 3864 954 3928; x_wconf 76' lang='grc' dir='ltr'>Οὐδὲ</span> <span class='ocrx_word' id='word_1_529' title='bbox 967 3864 1019 3947; x_wconf 75' lang='grc' dir='ltr'>γὰρ</span> <span class='ocrx_word' id='word_1_530' title='bbox 1033 3863 1110 3944; x_wconf 81' lang='grc' dir='ltr'>ψιλόν</span> <span class='ocrx_word' id='word_1_531' title='bbox 1122 3866 1180 3924; x_wconf 90' lang='grc' dir='ltr'>ἐστι</span> <span class='ocrx_word' id='word_1_532' title='bbox 1193 3861 1224 3921; x_wconf 86' lang='grc' dir='ltr'>τδ</span> <span class='ocrx_word' id='word_1_533' title='bbox 1234 3863 1416 3942; x_wconf 81' lang='grc' dir='ltr'>όνοματοῦτο,</span> <span class='ocrx_word' id='word_1_534' title='bbox 1430 3859 1489 3922; x_wconf 80' lang='grc' dir='ltr'>ἀλλ’</span> <span class='ocrx_word' id='word_1_535' title='bbox 1501 3864 1590 3941; x_wconf 79' lang='grc' dir='ltr'>ἀρχῆς</span> <span class='ocrx_word' id='word_1_536' title='bbox 1600 3864 1657 3922; x_wconf 79' lang='grc' dir='ltr'>ἐστι</span> 
     </span>
     <span class='ocr_line' id='line_1_39' title="bbox 2 3944 1657 4044; baseline 0.004 -38"><span class='ocrx_word' id='word_1_537' title='bbox 2 3949 47 4037; x_wconf 53' lang='lat' dir='ltr'>fd</span> <span class='ocrx_word' id='word_1_538' title='bbox 64 3944 295 4044; x_wconf 48' lang='lat' dir='ltr'>¹&#39;genimnudum</span> <span class='ocrx_word' id='word_1_539' title='bbox 304 3959 344 4005; x_wconf 88' lang='lat' dir='ltr'>est</span> <span class='ocrx_word' id='word_1_540' title='bbox 356 3965 454 4006; x_wconf 87' lang='lat' dir='ltr'>nomen</span> <span class='ocrx_word' id='word_1_541' title='bbox 467 3946 530 4022; x_wconf 90' lang='lat' dir='ltr'>hoe,</span> <span class='ocrx_word' id='word_1_542' title='bbox 547 3946 595 4006; x_wconf 86' lang='lat' dir='ltr'>sod</span> <span class='ocrx_word' id='word_1_543' title='bbox 607 3951 780 4029; x_wconf 78' lang='lat' dir='ltr'>magistratus</span> <span class='ocrx_word' id='word_1_544' title='bbox 791 3967 831 4013; x_wconf 86' lang='lat' dir='ltr'>est</span> <span class='ocrx_word' id='word_1_545' title='bbox 884 3957 1063 4040; x_wconf 72' lang='grc' dir='ltr'>προσηγορία,</span> <span class='ocrx_word' id='word_1_546' title='bbox 1075 3961 1160 4040; x_wconf 78' lang='grc' dir='ltr'>ἀρχῆς</span> <span class='ocrx_word' id='word_1_547' title='bbox 1178 3955 1316 4037; x_wconf 84' lang='grc' dir='ltr'>μεγίστης,</span> <span class='ocrx_word' id='word_1_548' title='bbox 1331 3958 1416 4038; x_wconf 78' lang='grc' dir='ltr'>ἀρχῆς</span> <span class='ocrx_word' id='word_1_549' title='bbox 1434 3956 1483 4024; x_wconf 72' lang='grc' dir='ltr'>τῆς</span> <span class='ocrx_word' id='word_1_550' title='bbox 1506 3977 1657 4032; x_wconf 80' lang='grc' dir='ltr'>πνευματι-</span> 
     </span>
     <span class='ocr_line' id='line_1_40' title="bbox 3 4023 1674 4131; baseline -0.008 -12"><span class='ocrx_word' id='word_1_551' title='bbox 3 4065 19 4107; x_wconf 72' lang='lat' dir='ltr'>i·</span> <span class='ocrx_word' id='word_1_552' title='bbox 111 4035 266 4118; x_wconf 81' lang='lat' dir='ltr'>appellatio,</span> <span class='ocrx_word' id='word_1_553' title='bbox 297 4035 412 4097; x_wconf 62' lang='lat' dir='ltr'>&#39;mimi</span> <span class='ocrx_word' id='word_1_554' title='bbox 442 4034 632 4116; x_wconf 61' lang='lat' dir='ltr'>miilffillssr</span> <span class='ocrx_word' id='word_1_555' title='bbox 657 4040 830 4120; x_wconf 66' lang='lat' dir='ltr'>nugisums</span> <span class='ocrx_word' id='word_1_556' title='bbox 885 4023 1509 4131; x_wconf 71' lang='grc' dir='ltr'>κοντότης,ἀρχῆςτῆςἄνωἈλλδδιοίνόσπητε.</span> <span class='ocrx_word' id='word_1_557' title='bbox 1526 4045 1674 4128; x_wconf 56' lang='grc' dir='ltr'>Καθάπερ,</span> 
     </span>
     <span class='ocr_line' id='line_1_41' title="bbox 110 4128 1657 4224; baseline 0.006 -35"><span class='ocrx_word' id='word_1_558' title='bbox 110 4128 229 4190; x_wconf 86' lang='lat' dir='ltr'>maxime</span> <span class='ocrx_word' id='word_1_559' title='bbox 250 4128 418 4211; x_wconf 73' lang='lat' dir='ltr'>spiritualis,</span> <span class='ocrx_word' id='word_1_560' title='bbox 438 4128 613 4208; x_wconf 78' lang='lat' dir='ltr'>magistratus</span> <span class='ocrx_word' id='word_1_561' title='bbox 637 4130 759 4191; x_wconf 75' lang='lat' dir='ltr'>ealestis.</span> <span class='ocrx_word' id='word_1_562' title='bbox 775 4135 831 4195; x_wconf 85' lang='lat' dir='ltr'>Sed</span> <span class='ocrx_word' id='word_1_563' title='bbox 849 4131 854 4142; x_wconf 85' lang='lat'>&#39;</span> <span class='ocrx_word' id='word_1_564' title='bbox 885 4144 937 4224; x_wconf 67' lang='grc' dir='ltr'>γὰρ</span> <span class='ocrx_word' id='word_1_565' title='bbox 950 4146 977 4201; x_wconf 80' lang='grc' dir='ltr'>ἐν</span> <span class='ocrx_word' id='word_1_566' title='bbox 991 4142 1046 4208; x_wconf 82' lang='grc' dir='ltr'>’τοῖς</span> <span class='ocrx_word' id='word_1_567' title='bbox 1059 4146 1190 4221; x_wconf 86' lang='grc' dir='ltr'>βιωτικοῖς</span> <span class='ocrx_word' id='word_1_568' title='bbox 1203 4141 1357 4224; x_wconf 80' lang='grc' dir='ltr'>πρόγμασίν</span> <span class='ocrx_word' id='word_1_569' title='bbox 1368 4144 1433 4202; x_wconf 81' lang='grc' dir='ltr'>εἰσιν</span> <span class='ocrx_word' id='word_1_570' title='bbox 1448 4138 1530 4221; x_wconf 82' lang='grc' dir='ltr'>ἀρχαί</span> <span class='ocrx_word' id='word_1_571' title='bbox 1542 4139 1657 4212; x_wconf 80' lang='grc' dir='ltr'>πολλαί,</span> 
     </span>
     <span class='ocr_line' id='line_1_42' title="bbox 110 4219 1659 4312; baseline 0.008 -31"><span class='ocrx_word' id='word_1_572' title='bbox 110 4219 241 4281; x_wconf 86' lang='lat' dir='ltr'>attendite</span> <span class='ocrx_word' id='word_1_573' title='bbox 253 4219 406 4301; x_wconf 82' lang='lat' dir='ltr'>diligenter.</span> <span class='ocrx_word' id='word_1_574' title='bbox 420 4220 491 4279; x_wconf 88' lang='lat' dir='ltr'>Nam</span> <span class='ocrx_word' id='word_1_575' title='bbox 502 4219 732 4298; x_wconf 86' lang='lat' dir='ltr'>quemadmodum</span> <span class='ocrx_word' id='word_1_576' title='bbox 743 4224 772 4285; x_wconf 90' lang='lat' dir='ltr'>in</span> <span class='ocrx_word' id='word_1_577' title='bbox 785 4247 829 4287; x_wconf 82' lang='lat' dir='ltr'>re·</span> <span class='ocrx_word' id='word_1_578' title='bbox 885 4239 915 4296; x_wconf 66' lang='lat' dir='ltr'>oc</span> <span class='ocrx_word' id='word_1_579' title='bbox 931 4244 1017 4294; x_wconf 70' lang='grc' dir='ltr'>πᾶσαν</span> <span class='ocrx_word' id='word_1_580' title='bbox 1027 4234 1054 4294; x_wconf 78' lang='grc' dir='ltr'>δὲ</span> <span class='ocrx_word' id='word_1_581' title='bbox 1068 4240 1116 4306; x_wconf 74' lang='grc' dir='ltr'>τῆς</span> <span class='ocrx_word' id='word_1_582' title='bbox 1131 4236 1213 4308; x_wconf 77' lang='grc' dir='ltr'>αὐτῆς</span> <span class='ocrx_word' id='word_1_583' title='bbox 1227 4235 1314 4308; x_wconf 81' lang='grc' dir='ltr'>ἀξίας,</span> <span class='ocrx_word' id='word_1_584' title='bbox 1326 4236 1384 4294; x_wconf 83' lang='grc' dir='ltr'>ἀλλ’</span> <span class='ocrx_word' id='word_1_585' title='bbox 1395 4236 1423 4294; x_wconf 84' lang='grc' dir='ltr'>αἱ</span> <span class='ocrx_word' id='word_1_586' title='bbox 1437 4231 1484 4312; x_wconf 76' lang='lat' dir='ltr'>plu</span> <span class='ocrx_word' id='word_1_587' title='bbox 1499 4231 1619 4312; x_wconf 70' lang='grc' dir='ltr'>μείζους,</span> <span class='ocrx_word' id='word_1_588' title='bbox 1631 4235 1659 4293; x_wconf 75' lang='lat' dir='ltr'>ai</span> 
     </span>
     <span class='ocr_line' id='line_1_43' title="bbox 109 4310 1658 4408; baseline -0.003 -34"><span class='ocrx_word' id='word_1_589' title='bbox 109 4313 162 4374; x_wconf 89' lang='lat' dir='ltr'>bus</span> <span class='ocrx_word' id='word_1_590' title='bbox 184 4313 358 4374; x_wconf 78' lang='lat' dir='ltr'>secularibus</span> <span class='ocrx_word' id='word_1_591' title='bbox 379 4310 554 4393; x_wconf 83' lang='lat' dir='ltr'>magistratus</span> <span class='ocrx_word' id='word_1_592' title='bbox 577 4326 640 4372; x_wconf 89' lang='lat' dir='ltr'>sunt</span> <span class='ocrx_word' id='word_1_593' title='bbox 660 4314 752 4392; x_wconf 89' lang='lat' dir='ltr'>multi,</span> <span class='ocrx_word' id='word_1_594' title='bbox 776 4337 829 4378; x_wconf 88' lang='lat' dir='ltr'>non</span> <span class='ocrx_word' id='word_1_595' title='bbox 886 4326 1063 4393; x_wconf 72' lang='grc' dir='ltr'>δὶέλιίττους·</span> <span class='ocrx_word' id='word_1_596' title='bbox 1078 4319 1194 4402; x_wconf 57' lang='lat' dir='ltr'>sionim</span> <span class='ocrx_word' id='word_1_597' title='bbox 1219 4327 1273 4388; x_wconf 76' lang='grc' dir='ltr'>ἀπὸ</span> <span class='ocrx_word' id='word_1_598' title='bbox 1289 4332 1338 4400; x_wconf 76' lang='grc' dir='ltr'>τῆς</span> <span class='ocrx_word' id='word_1_599' title='bbox 1363 4325 1515 4405; x_wconf 84' lang='grc' dir='ltr'>κατωτέρας</span> <span class='ocrx_word' id='word_1_600' title='bbox 1532 4325 1578 4386; x_wconf 64' lang='grc' dir='ltr'>τὸν</span> <span class='ocrx_word' id='word_1_601' title='bbox 1594 4330 1658 4408; x_wconf 57' lang='grc' dir='ltr'>μμ.</span> 
     </span>
     <span class='ocr_line' id='line_1_44' title="bbox 110 4403 1657 4496; baseline 0.005 -30"><span class='ocrx_word' id='word_1_602' title='bbox 110 4419 200 4467; x_wconf 84' lang='lat' dir='ltr'>tamen</span> <span class='ocrx_word' id='word_1_603' title='bbox 213 4404 334 4489; x_wconf 86' lang='lat' dir='ltr'>ejusdem</span> <span class='ocrx_word' id='word_1_604' title='bbox 347 4426 439 4466; x_wconf 83' lang='lat' dir='ltr'>omnes</span> <span class='ocrx_word' id='word_1_605' title='bbox 455 4403 603 4484; x_wconf 67' lang='lat' dir='ltr'>eligebatis,</span> <span class='ocrx_word' id='word_1_606' title='bbox 617 4405 667 4465; x_wconf 90' lang='lat' dir='ltr'>sed</span> <span class='ocrx_word' id='word_1_607' title='bbox 679 4406 726 4466; x_wconf 87' lang='lat' dir='ltr'>alii</span> <span class='ocrx_word' id='word_1_608' title='bbox 741 4411 831 4491; x_wconf 86' lang='lat' dir='ltr'>majo·</span> <span class='ocrx_word' id='word_1_609' title='bbox 885 4416 951 4496; x_wconf 82' lang='grc' dir='ltr'>θμδν</span> <span class='ocrx_word' id='word_1_610' title='bbox 964 4414 1152 4495; x_wconf 79' lang='grc' dir='ltr'>ποιησώμεθα,</span> <span class='ocrx_word' id='word_1_611' title='bbox 1167 4413 1237 4476; x_wconf 84' lang='grc' dir='ltr'>ἔστιν</span> <span class='ocrx_word' id='word_1_612' title='bbox 1251 4419 1325 4487; x_wconf 72' lang='grc' dir='ltr'>ὁτῆς</span> <span class='ocrx_word' id='word_1_613' title='bbox 1338 4413 1440 4482; x_wconf 83' lang='grc' dir='ltr'>πόλεως</span> <span class='ocrx_word' id='word_1_614' title='bbox 1453 4412 1570 4483; x_wconf 84' lang='grc' dir='ltr'>ἔκδικος·</span> <span class='ocrx_word' id='word_1_615' title='bbox 1586 4413 1657 4474; x_wconf 86' lang='grc' dir='ltr'>ἐστιν</span> 
     </span>
     <span class='ocr_line' id='line_1_45' title="bbox 110 4496 1657 4587; baseline 0.004 -29"><span class='ocrx_word' id='word_1_616' title='bbox 110 4518 164 4573; x_wconf 84' lang='lat' dir='ltr'>res,</span> <span class='ocrx_word' id='word_1_617' title='bbox 176 4499 224 4559; x_wconf 85' lang='lat' dir='ltr'>alii</span> <span class='ocrx_word' id='word_1_618' title='bbox 237 4499 372 4560; x_wconf 87' lang='lat' dir='ltr'>minores:</span> <span class='ocrx_word' id='word_1_619' title='bbox 387 4496 504 4578; x_wconf 86' lang='lat' dir='ltr'>exempli</span> <span class='ocrx_word' id='word_1_620' title='bbox 519 4518 609 4573; x_wconf 88' lang='lat' dir='ltr'>causa,</span> <span class='ocrx_word' id='word_1_621' title='bbox 623 4499 701 4559; x_wconf 85' lang='lat' dir='ltr'>utab</span> <span class='ocrx_word' id='word_1_622' title='bbox 710 4500 830 4566; x_wconf 79' lang='lat' dir='ltr'>inferiori</span> <span class='ocrx_word' id='word_1_623' title='bbox 884 4504 1013 4587; x_wconf 77' lang='grc' dir='ltr'>ἐνόντερος</span> <span class='ocrx_word' id='word_1_624' title='bbox 1040 4504 1138 4567; x_wconf 80' lang='grc' dir='ltr'>ἐκείνω</span> <span class='ocrx_word' id='word_1_625' title='bbox 1158 4509 1173 4564; x_wconf 88' lang='grc' dir='ltr'>θ</span> <span class='ocrx_word' id='word_1_626' title='bbox 1196 4511 1242 4566; x_wconf 81' lang='grc' dir='ltr'>τοῦ</span> <span class='ocrx_word' id='word_1_627' title='bbox 1263 4503 1350 4571; x_wconf 80' lang='grc' dir='ltr'>ἔθνους</span> <span class='ocrx_word' id='word_1_628' title='bbox 1369 4500 1493 4584; x_wconf 76' lang='grc' dir='ltr'>ἡγεμών·</span> <span class='ocrx_word' id='word_1_629' title='bbox 1516 4502 1575 4563; x_wconf 83' lang='grc' dir='ltr'>ἐστι</span> <span class='ocrx_word' id='word_1_630' title='bbox 1598 4507 1657 4581; x_wconf 80' lang='grc' dir='ltr'>μετ’</span> 
     </span>
     <span class='ocr_line' id='line_1_46' title="bbox 110 4589 1659 4683; baseline 0.005 -35"><span class='ocrx_word' id='word_1_631' title='bbox 110 4590 338 4652; x_wconf 85' lang='lat' dir='ltr'>enumerationem</span> <span class='ocrx_word' id='word_1_632' title='bbox 351 4589 499 4663; x_wconf 88' lang='lat' dir='ltr'>ordiamur,</span> <span class='ocrx_word' id='word_1_633' title='bbox 510 4602 550 4648; x_wconf 80' lang='lat' dir='ltr'>est</span> <span class='ocrx_word' id='word_1_634' title='bbox 560 4590 689 4651; x_wconf 77' lang='lat' dir='ltr'>Defensor</span> <span class='ocrx_word' id='word_1_635' title='bbox 698 4592 829 4673; x_wconf 83' lang='lat' dir='ltr'>civitatis;</span> <span class='ocrx_word' id='word_1_636' title='bbox 885 4603 982 4660; x_wconf 85' lang='grc' dir='ltr'>ἐκεῖνον</span> <span class='ocrx_word' id='word_1_637' title='bbox 997 4599 1086 4683; x_wconf 83' lang='grc' dir='ltr'>ἐτερος</span> <span class='ocrx_word' id='word_1_638' title='bbox 1113 4598 1204 4679; x_wconf 78' lang='grc' dir='ltr'>ἄρχων</span> <span class='ocrx_word' id='word_1_639' title='bbox 1227 4597 1339 4676; x_wconf 82' lang='grc' dir='ltr'>μείζων·</span> <span class='ocrx_word' id='word_1_640' title='bbox 1364 4596 1420 4657; x_wconf 85' lang='grc' dir='ltr'>ἐστι</span> <span class='ocrx_word' id='word_1_641' title='bbox 1445 4595 1526 4656; x_wconf 83' lang='grc' dir='ltr'>πόλιν</span> <span class='ocrx_word' id='word_1_642' title='bbox 1541 4601 1556 4656; x_wconf 85' lang='grc' dir='ltr'>ό</span> <span class='ocrx_word' id='word_1_643' title='bbox 1574 4620 1659 4679; x_wconf 88' lang='grc' dir='ltr'>στρα-</span> 
     </span>
     <span class='ocr_line' id='line_1_47' title="bbox 109 4674 1660 4773; baseline 0.006 -33"><span class='ocrx_word' id='word_1_644' title='bbox 109 4681 212 4743; x_wconf 80' lang='lat' dir='ltr'>cstillo</span> <span class='ocrx_word' id='word_1_645' title='bbox 225 4680 369 4742; x_wconf 84' lang='lat' dir='ltr'>sublimior</span> <span class='ocrx_word' id='word_1_646' title='bbox 383 4681 470 4762; x_wconf 85' lang='lat' dir='ltr'>gentis</span> <span class='ocrx_word' id='word_1_647' title='bbox 491 4674 609 4760; x_wconf 74' lang='lat' dir='ltr'>Prasm3</span> <span class='ocrx_word' id='word_1_648' title='bbox 626 4683 748 4745; x_wconf 86' lang='lat' dir='ltr'>estalius</span> <span class='ocrx_word' id='word_1_649' title='bbox 769 4702 830 4768; x_wconf 89' lang='lat' dir='ltr'>post</span> <span class='ocrx_word' id='word_1_650' title='bbox 884 4691 1019 4764; x_wconf 87' lang='grc' dir='ltr'>τηλοίτης·</span> <span class='ocrx_word' id='word_1_651' title='bbox 1047 4691 1118 4753; x_wconf 81' lang='grc' dir='ltr'>ἐστιν</span> <span class='ocrx_word' id='word_1_652' title='bbox 1141 4695 1156 4750; x_wconf 83' lang='grc' dir='ltr'>θ</span> <span class='ocrx_word' id='word_1_653' title='bbox 1179 4689 1319 4773; x_wconf 69' lang='grc' dir='ltr'>ὕπαρχος·</span> <span class='ocrx_word' id='word_1_654' title='bbox 1344 4690 1415 4751; x_wconf 86' lang='grc' dir='ltr'>ἐστιν</span> <span class='ocrx_word' id='word_1_655' title='bbox 1443 4687 1564 4772; x_wconf 82' lang='grc' dir='ltr'>ἐνωτέρα</span> <span class='ocrx_word' id='word_1_656' title='bbox 1594 4690 1660 4750; x_wconf 73' lang='lat' dir='ltr'>eod-</span> 
     </span>
     <span class='ocr_line' id='line_1_48' title="bbox 109 4771 1660 4863; baseline 0.008 -33"><span class='ocrx_word' id='word_1_657' title='bbox 109 4771 189 4833; x_wconf 90' lang='lat' dir='ltr'>illum</span> <span class='ocrx_word' id='word_1_658' title='bbox 212 4774 387 4855; x_wconf 85' lang='lat' dir='ltr'>magistratus</span> <span class='ocrx_word' id='word_1_659' title='bbox 410 4774 561 4855; x_wconf 73' lang='lat' dir='ltr'>majoraest</span> <span class='ocrx_word' id='word_1_660' title='bbox 584 4796 678 4837; x_wconf 74' lang='lat' dir='ltr'>uuam</span> <span class='ocrx_word' id='word_1_661' title='bbox 699 4778 830 4859; x_wconf 82' lang='lat' dir='ltr'>Magister</span> <span class='ocrx_word' id='word_1_662' title='bbox 883 4808 936 4844; x_wconf 83' lang='grc' dir='ltr'>των</span> <span class='ocrx_word' id='word_1_663' title='bbox 958 4783 1050 4863; x_wconf 73' lang='grc' dir='ltr'>ἀρχὴ,</span> <span class='ocrx_word' id='word_1_664' title='bbox 1075 4789 1092 4856; x_wconf 83' lang='grc' dir='ltr'><strong>ἡ</strong></span> <span class='ocrx_word' id='word_1_665' title='bbox 1120 4785 1173 4841; x_wconf 82' lang='grc' dir='ltr'>τῶν</span> <span class='ocrx_word' id='word_1_666' title='bbox 1198 4781 1306 4842; x_wconf 74' lang='lat' dir='ltr'>bardum</span> <span class='ocrx_word' id='word_1_667' title='bbox 1327 4782 1416 4863; x_wconf 79' lang='grc' dir='ltr'>ἀρχή·</span> <span class='ocrx_word' id='word_1_668' title='bbox 1436 4780 1482 4842; x_wconf 85' lang='grc' dir='ltr'>καλ</span> <span class='ocrx_word' id='word_1_669' title='bbox 1503 4791 1590 4843; x_wconf 73' lang='grc' dir='ltr'>πᾶσαι</span> <span class='ocrx_word' id='word_1_670' title='bbox 1609 4782 1660 4862; x_wconf 73' lang='grc' dir='ltr'>μὲν</span> 
     </span>
     <span class='ocr_line' id='line_1_49' title="bbox 109 4865 1660 4957; baseline 0.005 -33"><span class='ocrx_word' id='word_1_671' title='bbox 109 4865 245 4926; x_wconf 87' lang='lat' dir='ltr'>militum:</span> <span class='ocrx_word' id='word_1_672' title='bbox 256 4880 297 4926; x_wconf 83' lang='lat' dir='ltr'>ost</span> <span class='ocrx_word' id='word_1_673' title='bbox 309 4868 469 4943; x_wconf 57' lang='lat' dir='ltr'>Praefectum</span> <span class='ocrx_word' id='word_1_674' title='bbox 482 4881 522 4929; x_wconf 85' lang='lat' dir='ltr'>est</span> <span class='ocrx_word' id='word_1_675' title='bbox 538 4867 682 4929; x_wconf 83' lang='lat' dir='ltr'>sublimior</span> <span class='ocrx_word' id='word_1_676' title='bbox 695 4868 753 4931; x_wconf 85' lang='lat' dir='ltr'>istis</span> <span class='ocrx_word' id='word_1_677' title='bbox 769 4893 828 4934; x_wconf 82' lang='lat' dir='ltr'>ma-</span> <span class='ocrx_word' id='word_1_678' title='bbox 846 4882 865 4930; x_wconf 89' lang='lat' dir='ltr'>n</span> <span class='ocrx_word' id='word_1_679' title='bbox 884 4866 961 4936; x_wconf 69' lang='grc' dir='ltr'>αὗται</span> <span class='ocrx_word' id='word_1_680' title='bbox 982 4873 1080 4957; x_wconf 80' lang='grc' dir='ltr'>ἀρχαί,</span> <span class='ocrx_word' id='word_1_681' title='bbox 1103 4877 1132 4935; x_wconf 82' lang='grc' dir='ltr'>οὐ</span> <span class='ocrx_word' id='word_1_682' title='bbox 1152 4883 1239 4934; x_wconf 71' lang='grc' dir='ltr'>πᾶσαι</span> <span class='ocrx_word' id='word_1_683' title='bbox 1256 4874 1284 4933; x_wconf 82' lang='grc' dir='ltr'>δέ</span> <span class='ocrx_word' id='word_1_684' title='bbox 1305 4877 1352 4946; x_wconf 73' lang='grc' dir='ltr'>τῆς</span> <span class='ocrx_word' id='word_1_685' title='bbox 1376 4877 1456 4947; x_wconf 80' lang='grc' dir='ltr'>αὐτῆς</span> <span class='ocrx_word' id='word_1_686' title='bbox 1480 4872 1571 4943; x_wconf 76' lang='grc' dir='ltr'>ἀξίας·</span> <span class='ocrx_word' id='word_1_687' title='bbox 1588 4873 1660 4935; x_wconf 70' lang='lat' dir='ltr'>adea</span> 
     </span>
     <span class='ocr_line' id='line_1_50' title="bbox 107 4956 1659 5048; baseline 0.008 -33"><span class='ocrx_word' id='word_1_688' title='bbox 107 4956 236 5036; x_wconf 83' lang='lat' dir='ltr'>gistratus</span> <span class='ocrx_word' id='word_1_689' title='bbox 257 4958 376 5039; x_wconf 86' lang='lat' dir='ltr'>dignitas</span> <span class='ocrx_word' id='word_1_690' title='bbox 389 4959 538 5020; x_wconf 88' lang='lat' dir='ltr'>Consulum</span> <span class='ocrx_word' id='word_1_691' title='bbox 553 4973 700 5021; x_wconf 88' lang='lat' dir='ltr'>:etomnes</span> <span class='ocrx_word' id='word_1_692' title='bbox 715 4963 826 5041; x_wconf 88' lang='lat' dir='ltr'>quidem</span> <span class='ocrx_word' id='word_1_693' title='bbox 881 4967 927 5028; x_wconf 85' lang='grc' dir='ltr'>καλ</span> <span class='ocrx_word' id='word_1_694' title='bbox 948 4971 1002 5026; x_wconf 81' lang='grc' dir='ltr'>τῶν</span> <span class='ocrx_word' id='word_1_695' title='bbox 1024 4969 1211 5043; x_wconf 86' lang='grc' dir='ltr'>πνευματικῶν</span> <span class='ocrx_word' id='word_1_696' title='bbox 1225 4963 1322 5025; x_wconf 83' lang='grc' dir='ltr'>πολλοὶ</span> <span class='ocrx_word' id='word_1_697' title='bbox 1346 4965 1395 5045; x_wconf 76' lang='grc' dir='ltr'>μὲν</span> <span class='ocrx_word' id='word_1_698' title='bbox 1419 4965 1518 5048; x_wconf 82' lang='grc' dir='ltr'>ἀρχαί,</span> <span class='ocrx_word' id='word_1_699' title='bbox 1539 4967 1570 5026; x_wconf 80' lang='grc' dir='ltr'>οὔ</span> <span class='ocrx_word' id='word_1_700' title='bbox 1596 4976 1659 5027; x_wconf 71' lang='grc' dir='ltr'>πᾶ-</span> 
     </span>
     <span class='ocr_line' id='line_1_51' title="bbox 107 5047 1660 5146; baseline 0.015 -39"><span class='ocrx_word' id='word_1_701' title='bbox 107 5047 137 5107; x_wconf 88' lang='lat' dir='ltr'>hi</span> <span class='ocrx_word' id='word_1_702' title='bbox 148 5062 210 5108; x_wconf 89' lang='lat' dir='ltr'>sunt</span> <span class='ocrx_word' id='word_1_703' title='bbox 219 5051 404 5130; x_wconf 84' lang='lat' dir='ltr'>magistratus,</span> <span class='ocrx_word' id='word_1_704' title='bbox 417 5051 465 5112; x_wconf 79' lang='lat' dir='ltr'>sed</span> <span class='ocrx_word' id='word_1_705' title='bbox 477 5072 529 5112; x_wconf 89' lang='lat' dir='ltr'>non</span> <span class='ocrx_word' id='word_1_706' title='bbox 543 5052 665 5132; x_wconf 86' lang='lat' dir='ltr'>ejusdem</span> <span class='ocrx_word' id='word_1_707' title='bbox 676 5074 768 5117; x_wconf 81' lang='lat' dir='ltr'>omnes</span> <span class='ocrx_word' id='word_1_708' title='bbox 781 5057 824 5118; x_wconf 82' lang='lat' dir='ltr'>di·</span> <span class='ocrx_word' id='word_1_709' title='bbox 878 5084 924 5122; x_wconf 87' lang='grc' dir='ltr'>σαι</span> <span class='ocrx_word' id='word_1_710' title='bbox 947 5056 974 5119; x_wconf 83' lang='lat' dir='ltr'>u</span> <span class='ocrx_word' id='word_1_711' title='bbox 997 5061 1045 5130; x_wconf 78' lang='grc' dir='ltr'>τῆς</span> <span class='ocrx_word' id='word_1_712' title='bbox 1067 5059 1147 5129; x_wconf 72' lang='grc' dir='ltr'>αὐτῆς</span> <span class='ocrx_word' id='word_1_713' title='bbox 1167 5055 1253 5126; x_wconf 69' lang='grc' dir='ltr'>ἀξίας·</span> <span class='ocrx_word' id='word_1_714' title='bbox 1272 5060 1365 5118; x_wconf 78' lang='grc' dir='ltr'>πασῶν</span> <span class='ocrx_word' id='word_1_715' title='bbox 1389 5056 1534 5146; x_wconf 59' lang='grc' dir='ltr'>δέμίζων</span> <span class='ocrx_word' id='word_1_716' title='bbox 1560 5049 1588 5132; x_wconf 50' lang='grc' dir='ltr'>θ’</span> <span class='ocrx_word' id='word_1_717' title='bbox 1608 5065 1660 5133; x_wconf 66' lang='grc' dir='ltr'>τῆς</span> 
     </span>
    </p>
   </div>
   <div class='ocr_carea' id='block_1_7' title="bbox 137 5233 1236 5303">
    <p class='ocr_par' dir='ltr' id='par_1_11' title="bbox 137 5233 1236 5303">
     <span class='ocr_line' id='line_1_52' title="bbox 137 5233 1236 5303; baseline 0.007 -19"><span class='ocrx_word' id='word_1_718' title='bbox 137 5243 149 5268; x_wconf 83' lang='grc'><em>·</em></span> <span class='ocrx_word' id='word_1_719' title='bbox 166 5235 274 5296; x_wconf 65' lang='lat' dir='ltr'>Odiana</span> <span class='ocrx_word' id='word_1_720' title='bbox 285 5241 478 5296; x_wconf 76' lang='grc' dir='ltr'>μιταετόααντας.</span> <span class='ocrx_word' id='word_1_721' title='bbox 488 5234 536 5292; x_wconf 80' lang='lat' dir='ltr'>Hie</span> <span class='ocrx_word' id='word_1_722' title='bbox 547 5233 636 5303; x_wconf 83' lang='lat' dir='ltr'>incipit</span> <span class='ocrx_word' id='word_1_723' title='bbox 647 5235 693 5292; x_wconf 79' lang='lat' dir='ltr'>lit.</span> <span class='ocrx_word' id='word_1_724' title='bbox 706 5233 780 5288; x_wconf 78' lang='lat' dir='ltr'>(loll).</span> <span class='ocrx_word' id='word_1_725' title='bbox 922 5237 936 5277; x_wconf 79' lang='lat' dir='ltr'>l·</span> <span class='ocrx_word' id='word_1_726' title='bbox 953 5236 999 5294; x_wconf 77' lang='lat' dir='ltr'>tta.</span> <span class='ocrx_word' id='word_1_727' title='bbox 1010 5234 1083 5288; x_wconf 85' lang='lat' dir='ltr'>Colb.</span> <span class='ocrx_word' id='word_1_728' title='bbox 1096 5243 1148 5293; x_wconf 86' lang='grc' dir='ltr'>καθ’</span> <span class='ocrx_word' id='word_1_729' title='bbox 1160 5242 1236 5294; x_wconf 74' lang='lat' dir='ltr'>lauat.</span> 
     </span>
    </p>
   </div>
   <div class='ocr_carea' id='block_1_8' title="bbox 0 0 1891 5992">
    <p class='ocr_par' dir='ltr' id='par_1_12' title="bbox 0 0 1891 5992">
     <span class='ocr_line' id='line_1_53' title="bbox 0 0 1891 5992; baseline 0 0"><span class='ocrx_word' id='word_1_730' title='bbox 0 0 1891 5992; x_wconf 95' lang='lat' dir='ltr'> </span> 
     </span>
    </p>
   </div>
  </div>
 </body>
</html>
