3810 6000
253 403 326 493 834
582 418 612 466 s.
640 413 781 467 soauurs
806 410 988 465 cunusnsr.
1016 409 1175 468 tuourer.
1203 409 1476 462 cousrsurruor.

408 663 409 666 ¹
494 670 598 733 CIXL.
610 672 728 732 Iisdem.
984 676 1005 723 Ι
1283 677 1346 762 ρνθί.
1360 680 1539 749 Τοῐςαίιτοῖς.

101 867 244 950 Αααοιιῖνιι·
292 883 351 944 Non
371 881 496 962 exiguam
511 882 645 941 malornm
664 900 768 955 eornm,
781 902 841 962 qnae
858 879 907 940 has
924 899 969 941 re·
1060 886 1102 946 oe
1122 884 1219 966 μικράν
1236 883 1332 966 ἔχομεν
1343 885 1520 969 παραμυθίαν
1534 886 1591 944 τῶν
1605 885 1782 966 κατειλτρύιυι

101 963 162 998 ntur
171 952 228 1013 too.

253 979 344 1059 giones
354 977 520 1052 invaserunt,
526 973 734 1035 'consolationem
746 974 873 1034 exstudii
885 973 970 1037 vestri
1020 977 1054 1038 τά
1067 980 1179 1039 ίνταῖθα
1191 981 1295 1054 κακῶν,
1304 981 1353 1049 τῆς
1363 978 1496 1060 ύμετίρας
1511 980 1634 1050 σπουδῆς
1643 977 1675 1038 τὸ
1687 979 1785 1058 μίγιθυς,

252 1089 284 1128 nc
296 1066 446 1147 diligentie
460 1065 646 1147 magnitudine
657 1065 788 1146 capimus.
799 1068 837 1125 Ac
849 1067 969 1148 profecto
1021 1068 1114 1131 Ἱκανδι
1127 1068 1175 1148 μίν
1188 1066 1299 1150 γάρ’καὶ
1312 1068 1347 1130 τά
1361 1069 1516 1151 ίμπροσθεν
1530 1074 1597 1151 παρ’
1612 1075 1786 1150 ύμῶνγιγινγ-

251 1183 282 1221 ea
294 1181 402 1239 quoque
412 1180 470 1238 qua}
484 1158 561 1240 prius
574 1179 590 1243 a
603 1158 683 1218 vobis
695 1158 765 1219 sacta
779 1172 852 1234 sunt,
867 1173 970 1221 vestra·
1022 1163 1098 1244 μένα,
1109 1168 1128 1237 ἡ
1141 1162 1283 1244 ἀγρυπνία,
1295 1162 1342 1224 καί
1353 1167 1369 1236 ἡ
1379 1162 1498 1237 σπουδὴ,
1509 1162 1558 1222 καλ
1568 1167 1587 1235 ἡ
1597 1162 1713 1235 τοσαύτη
1725 1187 1787 1246 γρου

253 1273 305 1332 que
318 1250 459 1333 vigilantia
469 1264 495 1310 et
506 1249 638 1324 studium,
654 1263 781 1329 tantaque
795 1272 859 1311 curn
871 1274 903 1313 ac
914 1253 969 1312 sol·
1019 1254 1070 1328 τίς,
1080 1254 1181 1328 πολλὴν
1191 1260 1257 1334 ἡμῖν
1266 1264 1416 1337 παρασχεῖν
1427 1252 1477 1328 τὴν
1489 1253 1708 1335 παράκλησιν·θ
1719 1253 1787 1315 ideis

251 1343 375 1419 licitudo,
387 1342 424 1403 ad
446 1341 540 1422 ingens
558 1341 684 1401 solatium
705 1343 784 1402 nobis
801 1344 970 1408 afferendum
1019 1345 1213 1430 προσεθήκατε,
1220 1346 1251 1409 τδ
1261 1345 1366 1428 μακρὰν
1375 1344 1460 1415 ούτως
1471 1343 1636 1425 ἀποδημίαν
1645 1345 1788 1421 στείλασθαι,

253 1434 361 1495 abunde
369 1433 540 1495 sufficiebant
549 1458 556 1492 ι
566 1432 640 1512 quod
648 1448 738 1495 antem
745 1456 817 1494 nnnc
824 1434 969 1518 adjecistis,
1021 1437 1088 1521 ὑπὲρ
1098 1441 1150 1497 τῶν
1161 1436 1399 1510 ταῖςἘκκλησίαις
1411 1436 1728 1520 συμφερόντων,σφύδρα
1736 1438 1788 1498 τίν·

252 1542 283 1588 nt
294 1548 345 1610 pro
356 1526 482 1587 Ecclesiae
496 1525 646 1586 commodis
660 1539 715 1613 tem
724 1526 837 1608 longum
847 1527 898 1588 iter
911 1551 968 1591 sus·
976 1590 1014 1630 m
1021 1538 1147 1608 ταςὴμθς
1158 1529 1318 1590 ἀναπνεῦσαι
1328 1529 1470 1603 πεποίηκε.
1479 1529 1538 1589 Καὶ
1549 1532 1630 1608 κοινῇ
1640 1527 1733 1594 πάντες
1740 1532 1789 1605 ύμῖν

251 1619 387 1702 ciperetis,
398 1640 447 1679 nos
458 1639 550 1679 omnes
561 1619 691 1698 majorem
701 1619 729 1680 in
739 1619 852 1680 modum
865 1643 969 1684 recrea·
986 1646 1007 1693 Α
1021 1621 1134 1704 χάριτας
1146 1624 1324 1702 ὁμολογοῦμεν
1338 1620 1440 1689 πολλὰς
1453 1618 1528 1704 ὑπὲρ
1542 1623 1599 1678 τῶν
1617 1617 1743 1680 τοσούτου
1753 1617 1790 1678 τί

251 1713 303 1772 vit.
316 1715 411 1791 ltaque
424 1711 615 1771 communibus
625 1711 723 1771 animis
733 1712 854 1793 ingentes
866 1737 916 1796 pro
929 1730 969 1778 tnt
1022 1737 1083 1785 νων,
1096 1712 1141 1773 καί
1156 1717 1208 1772 τῶν
1227 1710 1362 1792 ἱδρώτων,
1375 1711 1422 1771 καί
1435 1715 1492 1771 τῶν
1507 1714 1603 1771 καλῶν
1619 1709 1717 1771 τούτων
1733 1708 1790 1788 ίγίο

201 1856 205 1869 ,
250 1803 392 1864 laboribus
404 1824 435 1863 ac
443 1802 589 1863 sudoribus
597 1803 837 1884 preclarisquebis
846 1809 970 1868 certami-
1021 1829 1089 1880 νων,
1107 1804 1153 1866 καί
1174 1802 1361 1884 μακαρίζοντες
1382 1806 1452 1881 ὑμᾶς
1475 1806 1509 1863 ού
1524 1801 1738 1882 διαλιμπάνυμεν
1753 1805 1790 1872 τῆς

251 1896 333 1956 nibus
346 1895 446 1976 gratias
458 1894 537 1954 vobis
547 1894 665 1974 agimus,
675 1915 725 1954 nec
736 1916 786 1976 pro
799 1898 908 1978 egregio
918 1899 970 1961 boo
1020 1899 1104 1972 καλῆς
1115 1897 1214 1970 ταύτης
1223 1893 1371 1976 προθυμίας
1391 1917 1420 1953 τε
1434 1893 1484 1954 καὶ
1499 1896 1632 1966 σκουδῆς.
1647 1894 1695 1952 Διδ
1706 1893 1746 1951 καί
1756 1892 1790 1951 dn

252 1986 337 2047 animi
359 1985 450 2046 studio
464 1984 553 2046 beatos
574 2005 623 2044 vos
642 1984 788 2066 praedicare
808 1987 967 2053 desinimus.
1021 1989 1109 2071 κύριόν
1124 2011 1174 2068 μου
1185 1987 1231 2048 τδν
1241 1985 1404 2067 τιμιύντατον
1417 1985 1464 2045 καὶ
1478 1985 1684 2046 celestem
1696 1984 1791 2067 προθύ-

211 2108 216 2116 ’
251 2081 370 2159 Ideoque
380 2077 521 2140 dominum
529 2099 620 2139 meum
630 2078 885 2141 reverendissimum
896 2097 971 2145 etre-
1021 2105 1096 2162 τερον
1117 2077 1336 2162 παρεκαλέσαμεν
1358 2078 1470 2159 δραμεῖν
1487 2077 1541 2147 ἕως
1561 2081 1654 2159 ὑμῶν.
1670 2077 1792 2155 Δεξάμενοι

250 2171 456 2254 ligiosissimum
467 2171 666 2253 presbyterum,
673 2183 704 2230 nt
715 2170 751 2231 ad
761 2193 812 2234 vos
824 2195 910 2255 nsque
923 2197 971 2238 ex·
1021 2173 1107 2233 τοίνυν
1122 2170 1199 2230 αύτδν
1216 2168 1284 2248 μετὰ
1298 2173 1346 2241 τῆς
1359 2173 1422 2247 ύμῖν
1436 2168 1601 2249 πρεπούσης
1614 2167 1792 2251 ριλορροσύπς,

253 2277 382 2336 curreret,
395 2263 604 2323 obsecravimus.
615 2261 657 2322 Eo
669 2262 755 2342 igitur
768 2264 805 2324 ita
817 2279 847 2324 nt
858 2267 970 2330 comitas
1022 2265 1093 2335 ἄξιον
1104 2272 1157 2329 τοῖς
1170 2259 1318 2341 προοιμίοις
1331 2258 1362 2318 rb
1372 2259 1447 2326 τέλος
1460 2262 1601 2319 ἐπιθεῖναι
1613 2259 1792 2340 repetiere

252 2372 341 2418 vestra
365 2356 461 2439 poscit,
476 2367 598 2436 excepto,
616 2354 700 2417 velim
719 2376 828 2436 operam
841 2357 923 2438 detis,
940 2342 971 2421 ut
1022 2357 1057 2417 El
1067 2354 1119 2438 γδρ
1134 2353 1180 2413 καί
1194 2352 1289 2412 ἀνίατα
1299 2356 1405 2412 νοσοῦσι
1418 2351 1488 2418 τέως
1502 2354 1529 2410 ol
1544 2350 1691 2419 τοσούτους
1708 2353 1793 2431 χειμῶ-

252 2449 334 2510 finem
353 2448 494 2532 principiis
514 2447 629 2527 dignum
650 2445 804 2528 imponatis.
819 2451 890 2509 Nam
908 2471 970 2512 cnm
1022 2471 1069 2515 νας
1089 2445 1136 2506 καλ
1158 2444 1289 2523 πολέμους
1314 2451 1373 2512 ταῖς
1399 2442 1587 2516 Ἐκκλησίαις
1618 2445 1793 2524 ἐργασίμων,

252 2541 397 2602 incurabili
416 2540 507 2600 adhuc
529 2541 624 2599 morbo
636 2539 769 2619 laborent,
784 2541 832 2619 qui
843 2556 883 2602 tot
898 2557 970 2604 tem-
1021 2543 1143 2599 τοσούτω
1164 2534 1311 2605 ταλανίζειν
1327 2533 1375 2614 μίν
1399 2532 1594 2609 ἐκείνωςκαὶ
1615 2534 1732 2615 δακρύειν
1744 2532 1794 2615 γρί,

252 2648 367 2714 pestates
384 2655 415 2693 ac
437 2633 509 2693 bella
526 2632 655 2692 Ecclesiis
677 2632 836 2708 attulerint,
850 2627 894 2694 cns
911 2637 971 2714 qni-
1022 2634 1092 2709 θμᾶς
1116 2627 1144 2688 dl
1171 2626 1363 2699 ἐκπλήττεσθαι
1391 2624 1439 2685 καί
1460 2625 1681 2708 ἀνακηρύττειν,
1701 2625 1739 2686 ὅτι
1758 2623 1796 2683 καί

253 2725 316 2784 dem
325 2725 377 2785 hoc
387 2724 495 2785 nomine
506 2723 617 2784 miseros
626 2722 792 2803 existimare,
799 2725 972 2806 lacrimisque
988 2733 1008 2782 B
1022 2725 1075 2780 τῶν
1098 2721 1188 2780 κακῶν
1210 2715 1376 2795 αὐξομένων,
1398 2717 1512 2797 μείζονα
1536 2719 1584 2778 ἀεὶ
1608 2718 1739 2801 προϊόντας
1755 2713 1793 2787 vlt

253 2816 378 2897 prosequi
391 2838 443 2897 par
456 2829 507 2894 est,
521 2837 571 2876 vos
584 2828 674 2875 antem
688 2813 816 2876 admirari
830 2838 862 2876 ac
871 2817 973 2899 praedi·
1023 2811 1090 2893 [trip
1103 2815 1150 2874 τοῦ
1163 2809 1197 2870 τὰ
1207 2814 1317 2871 τοιαῦτα
1328 2810 1474 2891 διορθῶσαι
1489 2809 1617 2884 σπουδὴν
1630 2809 1794 2872 intirim

253 2929 324 2987 care,
339 2907 411 2988 quod
426 2909 508 2969 etiam
520 2906 766 2988 ingravescentibus
782 2908 871 2986 malis,
885 2911 974 2992 majus

253 3023 358 3083 semper
371 3001 406 3060 ad
424 3023 456 3060 ea
475 2999 633 3082 depellenda
653 2999 775 3060 studium
791 3003 974 3083 majoremque

253 3089 424 3169 diligentiam
437 3110 580 3171 progresso
594 3094 723 3172 temporis
731 3088 877 3151 adhibetis.
976 3114 979 3119 ⁴

256 3329 346 3389 CLX.
357 3330 512 3410 Episcopo,
528 3334 580 3411 qui
600 3332 639 3390 ab
661 3329 818 3390 Occidente
836 3343 971 3390 vemat.
1150 3326 1197 3411 ρξ’.
1214 3324 1374 3407 Ἐπισκύπω
1389 3324 1497 3387 ἐλθόντι
1512 3326 1570 3386 dub
1588 3326 1697 3394 δύσεως.

140 3565 189 3595 nou
220 3566 243 3595 u·
295 3543 364 3602 Cum
387 3539 496 3600 sudores
516 3560 572 3619 eos,
585 3561 653 3620 quos
673 3553 700 3600 et
722 3538 844 3616 domi,et
868 3540 896 3600 in
916 3553 972 3601 tam
1062 3530 1276 3606 ⁰0⁸³thde
1290 3533 1463 3612 τδνίδρῖπα,
1478 3533 1509 3593 ὃν
1528 3530 1671 3613 apeme,
1685 3529 1724 3590 1¹⁸⁸
1738 3526 1786 3584 ὼ·

137 3630 163 3658 '¹'
222 3638 333 3716 'longa
356 3656 387 3695 ac
411 3633 515 3693 marina
539 3633 753 3715 peregrinatione
774 3654 823 3713 pto
843 3631 972 3692 Ecclesiae
1023 3625 1180 3704 καθήμενος,
1200 3624 1246 3685 καί
1261 3625 1367 3705 μακράν
1382 3621 1456 3686 oden
1474 3619 1785 3687 ‚intenebrescente
1817 3632 1827 3687 ‘t

255 3725 404 3788 commodis
413 3724 531 3802 subiisti,
544 3746 650 3784 mecum
661 3722 808 3806 perpendo,
821 3723 901 3783 etiam
911 3738 973 3783 ante
1025 3715 1088 3794 μίαν
1109 3716 1293 3794 στειλάμενος,
1309 3714 1376 3797 ὑπὲρ
1396 3718 1451 3775 τῶν
1472 3724 1535 3783 ταῖς
1550 3715 1722 3787 Ἐκκλησίαν
1736 3731 1785 3785 ‘tt‘
1824 3720 1827 3777 i

253 3823 337 3880 linem
348 3818 443 3878 landes
458 3832 517 3877 tuas
526 3817 683 3898 praedicere,
696 3831 776 3897 teque
789 3837 885 3877 corona
896 3817 970 3877 redi-
1004 3808 1154 3899 nvtpdvron
1170 3807 1336 3891 πραγμάτων
1343 3853 1352 3882 ,
1365 3807 1412 3867 καὶ
1426 3807 1483 3889 πρδ
1496 3812 1546 3867 τοῦ
1561 3808 1654 3875 πίλους
1666 3828 1694 3865 ⁶⁸
1709 3821 1783 3880 Μ·

254 3912 331 3983 mire,
339 3931 370 3970 ac
382 3910 494 3968 beatum
508 3909 597 3970 dicere
606 3930 659 3969 non
669 3908 772 3968 desino.
781 3910 851 3970 Nam
861 3909 972 3969 sivetno
1022 3905 1073 3962 νῶν
1096 3903 1142 3962 καί
1164 3900 1351 3984 ἀνακηρύττων
1371 3900 1419 3961 καί
1442 3901 1608 3980 μακαρίζων
1633 3904 1663 3960 οὗ
1682 3895 1783 3972 wite*

240 4013 242 4020 “
254 4002 345 4062 studio
362 4023 393 4060 ac
407 4000 548 4080 diligentia
563 3999 668 4080 aliquid
681 4001 848 4081 perficiatur,
863 4000 972 4061 domine
1023 3992 1069 4053 Ἄν
1083 4018 1113 4053 τι
1126 3993 1178 4074 γὰρ
1191 3991 1300 4075 γίνηταί
1313 4016 1340 4051 τι
1352 3992 1432 4052 πλέον
1445 3992 1502 4052 ἀπὸ
1519 3997 1574 4065 τῆς
1587 3991 1783 4071 ύμετίραιννν·

253 4094 291 4153 mi
303 4091 534 4166 reverendissime,
547 4092 643 4152 sivein
654 4090 746 4151 eadem
758 4091 841 4151 animi
854 4091 971 4174 pertina-
988 4116 1008 4166 (2
1025 4088 1086 4161 δῆς,
1108 4085 1224 4146 δέσπατοί
1244 4109 1295 4164 μου
1312 4084 1476 4164 τιμιώτατα,
1489 4086 1521 4145 ἄν
1541 4110 1574 4146 τε
1596 4087 1642 4146 ἐπὶ
1661 4088 1705 4155 πῶς
1721 4078 1781 4145 &vlt

254 4184 294 4243 cin
303 4183 345 4243 illi
356 4182 485 4257 haereant,
494 4201 526 4239 ac
536 4178 698 4239 medicinam
712 4199 819 4238 omnem
829 4199 972 4260 aspernen·
1026 4176 1126 4257 μένωσι
1147 4176 1307 4259 φιλονεικίας
1320 4181 1344 4238 oi
1354 4176 1403 4244 τάς
1421 4177 1551 4259 ταραχάς
1571 4178 1648 4258 παρδ
1659 4174 1704 4246 τὴν
1715 4166 1779 4250 ίρχίι

254 4290 308 4348 tur,
324 4275 371 4355 qui
382 4275 431 4335 hos
445 4287 534 4334 motus
548 4271 667 4353 primum
678 4271 835 4350 injecerunt,
843 4271 893 4330 tibi
903 4285 973 4332 certe
1026 4269 1201 4350 ίμύαλόντες,
1216 4268 1311 4328 ἀνίατα
1329 4271 1481 4343 νοσοῦντες,
1500 4272 1569 4347 ὑμῖν
1592 4273 1608 4328 θ
1628 4265 1712 4348 μισθίτ
1728 4265 1780 4320 itt!

253 4371 290 4428 nb
303 4363 376 4428 hunc
386 4366 517 4442 animum,
524 4379 550 4425 et
559 4362 633 4443 qnod
646 4384 676 4423 ea
688 4363 778 4422 omnia
790 4385 851 4443 qnae
865 4363 905 4423 tui
915 4385 973 4422 mu·
1026 4361 1221 4441 ἀπηρτισμένος
1240 4359 1293 4421 ἀπὸ
1304 4364 1352 4432 τῆς
1362 4360 1488 4439 γνώμης,
1503 4360 1552 4419 καλ
1566 4364 1615 4420 ταῶ
1625 4358 1659 4419 τά
1671 4356 1726 4435 παρ’
1735 4354 1781 4411 iv·

254 4462 325 4520 ueris
340 4474 416 4520 erant
425 4458 582 4534 contuleris,
594 4457 674 4539 plena
688 4469 713 4516 et
727 4456 863 4516 cumulata
873 4475 974 4516 merces
1025 4457 1079 4515 τῶν
1094 4454 1199 4515 ἅπαντα
1220 4457 1386 4533 εἰσενεγκεῖν.
1405 4451 1460 4511 nrt
1474 4457 1557 4513 τοῦτο
1575 4456 1645 4530 ὑμᾶς
1664 4442 1779 4528 purple

255 4552 315 4612 crit.
331 4555 515 4632 Acpropterea
526 4549 582 4609 sine
596 4548 651 4607 ulla
664 4547 860 4607 intermissione
870 4560 897 4606 te
907 4547 973 4608 ben·
1027 4572 1085 4627 μιν,
1100 4545 1280 4626 θαυμάζομεν,
1292 4543 1406 4626 χάριτας
1422 4547 1487 4621 ύμῖν
1501 4547 1690 4623 ὁμολογῶνται
1701 4535 1778 4598 οῖδα·

254 4659 314 4704 tum
333 4641 449 4724 praedico
465 4656 498 4700 ac
517 4640 646 4722 suspicio,
661 4639 813 4720 gratiasque
835 4638 886 4698 tibi
912 4658 972 4718 ago.
1025 4641 1202 4720 λιμπάνυμεν.
1226 4637 1280 4699 Καὶ
1299 4635 1464 4714 ίύυυλύμεθα
1485 4634 1535 4715 μὲν
1557 4635 1606 4696 καὶ
1626 4629 1777 4711 oningin?

254 4738 342 4814 Atque
356 4735 435 4794 ctiam
446 4733 546 4795 vellem
559 4732 680 4791 crebrius
694 4731 764 4791 mihi
778 4731 895 4791 scribere
906 4730 974 4791 lice·
1028 4731 1190 4795 ἐπιστέλλειν
1202 4755 1209 4769 ·
1221 4728 1313 4802 ίπειδὴ
1328 4727 1355 4788 δὲ
1368 4735 1447 4789 τοῶτο
1460 4733 1554 4807 ’ἡμᾶς
1567 4722 1731 4808 reprimi
1746 4717 1778 4772 τιί

255 4841 295 4886 rot
308 4851 314 4884 ι
325 4826 453 4906 qnoniam
475 4839 565 4884 antem
584 4825 668 4905 hujus
690 4823 754 4897 loci,
767 4845 820 4902 qno
834 4822 975 4883 conclusus
1026 4823 1125 4906 χωρίου
1149 4821 1251 4898 τούτου,
1272 4825 1298 4880 ἐν
1314 4812 1337 4901 ᾧ
1354 4819 1554 4900 καθείργμεθα,
1568 4816 1675 4899 ἐρημία,
1692 4817 1729 4872 νῦν
1742 4804 1774 4865 ta

255 4934 357 4993 teneor,
370 4918 490 4978 solitudo
505 4917 573 4976 mihi
588 4916 641 4976 hoc
655 4915 766 4994 ademit,
778 4914 972 4994 idcirconunc,
1027 4918 1189 4998 ἐπετύχομεν
1203 4922 1248 4975 τοῦ
1263 4912 1353 4993 κυρίου
1367 4935 1418 4992 μου
1440 4917 1490 4970 τοῦ
1510 4909 1672 4988 τιμιωτάτου
1691 4902 1729 4964 καί
1744 4898 1773 4956 τί

257 5033 318 5070 cum
338 5011 407 5071 mihi
429 5009 645 5071 reverendissimi
660 5030 691 5069 ac
709 5008 906 5090 religiosissimi
923 5009 973 5069 do-
1026 5009 1190 5071 λαύεστάτου
1214 5005 1411 5090 πρεσύυτίρου,
1436 5004 1486 5063 καλ
1512 5003 1661 5084 γράφομεν,
1685 4988 1771 5103 „ipit

257 5101 324 5161 mini
336 5103 388 5162 mei
398 5102 549 5184 presbyteri
565 5115 682 5183 potestas
692 5101 819 5181 factacst,
832 5115 858 5162 et
873 5102 972 5180 scribo,
991 5114 1010 5162 n
1027 5101 1198 5193 θρειλομίνην
1226 5104 1288 5179 ὑμῖν
1313 5096 1494 5177 άποδιδύαμεν
1520 5097 1673 5178 πρόσρησιν.
1697 5089 1768 5158 Γθθθ

291 5277 301 5301 ⁸
313 5261 383 5312 Unus
397 5268 455 5328 ἡμᾶς
467 5268 602 5333 περιείλετο.
