3764 5992
2 2947 63 2992 alat.
75 2941 100 3007 lp.

118 372 193 455 αο6
445 390 852 442 s.roauu1scunrsosr.
880 389 1037 442 accurre.
1064 393 1334 445 constaremus.

119 520 258 605 pomidere
270 518 356 602 cupit,
372 531 558 601 paupertatem
567 516 748 597 amplexetur,
760 536 836 596 prae·
893 541 949 597 μιν,
966 518 1131 579 ἀσπασάσθω
1142 519 1245 594 πενίαν,
1258 518 1458 602 καταφρονείτω
1468 522 1518 593 ιῆς

122 627 224 675 sentem
231 613 316 673 vitam
323 612 466 694 despiciat,
474 610 545 671 nibil
554 631 610 670 esse
621 622 697 690 putet
710 622 834 673 mortem.
893 613 971 685 ζωῆς,
986 612 1067 690 μηδὲν
1081 602 1148 671 εἶναι
1162 612 1291 690 νομιζέτω
1307 612 1430 673 θάνατον.
1445 604 1518 674 utre

120 710 174 769 Hic
196 731 250 770 non
266 709 356 770 solum
368 708 431 790 plus
441 729 523 787 quam
536 706 635 768 divites
647 718 675 765 et
688 704 836 786 principes,
893 704 1012 785 εὐπόρων
1029 703 1116 783 μόνον,
1131 704 1189 764 οὐδὲ
1209 709 1263 764 τῶν
1276 703 1423 786 ἀρχόντων,
1437 705 1509 766 ἀλλά

121 800 170 861 sed
184 815 211 861 et
224 801 288 882 plus
300 822 382 880 quam
393 820 469 879 reges
485 799 538 880 ipsi
558 797 687 858 Ecclesiis
711 795 839 878 prodesse
848 835 885 874 „⁸
893 799 946 854 τῶν
962 793 1154 874 βασιλευόντων
1167 793 1276 854 πλείονα
1288 794 1337 861 τάς
1351 793 1518 867 Ἐκκλησίας

119 889 228 970 poterit.
244 889 315 948 Nam
330 901 470 968 regnantes
492 887 535 946 illi
545 900 572 946 et
585 882 753 945 abundantes
765 905 839 963 que·
857 891 877 937 Δ
894 887 1045 960 δυνήσεται.
1063 889 1099 948 Οί
1115 887 1162 965 μὲν
1178 888 1229 967 γάρ
1246 886 1427 967 βασιλεύοντες
1447 886 1496 948 καὶ
1512 912 1518 946 ι

120 1000 236 1060 cumque
250 979 364 1052 facium,
381 978 410 1038 id
428 979 529 1060 opibus
542 979 646 1038 iaciunt
657 1001 665 1036 τ
678 977 726 1037 bic
748 991 839 1037 autem
894 981 943 1041 ὅσα
965 979 996 1038 δν
1014 978 1181 1053 ποιήσουσιν,
1205 978 1258 1038 ἀπδ
1279 979 1428 1060 χρημάτων
1452 985 1518 1039 ποιά

119 1091 218 1152 magna
228 1071 391 1153 plerumque
399 1085 527 1154 operatur
539 1093 589 1154 per
600 1069 723 1152 pericula
733 1084 760 1129 et
769 1091 841 1131 mnu
893 1077 1009 1140 ποιοῧτος
1021 1071 1149 1137 πολλάκις
1162 1070 1207 1130 καί
1223 1071 1275 1130 ἀπὸ
1288 1070 1416 1130 κινδύνων
1429 1070 1518 1130 καλάνι

120 1178 175 1224 tem
186 1164 283 1245 ipsam.
297 1167 407 1240 Quanto
421 1177 512 1224 autem
529 1185 596 1223 aum
610 1162 685 1222 omni
696 1162 841 1244 pretiosior
893 1164 981 1226 πολλὰ
1002 1164 1049 1225 καί
1070 1165 1176 1243 μεγάλοι
1197 1163 1372 1224 συνετέλεσεν.
1404 1161 1485 1242 Ὅσιρ
1509 1164 1518 1220 ί

120 1269 161 1316 est
177 1257 298 1338 sanguis,
313 1269 388 1317 tante
407 1269 553 1338 paupertas
570 1277 654 1335 quam
669 1253 839 1316 abundantia
893 1258 991 1327 παντὸς
1011 1256 1169 1338 τιμιώτεροι
1194 1248 1278 1336 αἷμα,
1300 1254 1417 1338 τοσούτῳ
1441 1254 1518 1335 βιλτί

121 1348 227 1409 melior.
894 1350 993 1425 αύπηὴ
1009 1349 1127 1432 εἰσφορά.

162 1438 281 1500 states
288 1439 401 1520 quidam
414 1438 542 1519 erautlilli
556 1437 637 1499 Pauli
648 1438 769 1521 hospites
775 1440 839 1500 Pri-
933 1440 1057 1502 Τοιοῦτο(
1069 1463 1138 1507 τινες
1151 1430 1220 1512 ἦσαν
1233 1438 1279 1498 καί
1289 1429 1395 1500 deret
1406 1439 1517 1499 Παύλου

121 1523 200 1592 scilla
212 1544 240 1591 et
250 1532 360 1612 Aquila,
374 1532 421 1612 qui
431 1553 514 1613 opum
526 1531 653 1592 carebant
662 1532 838 1610 abnndantia,
893 1540 911 1608 ἡ
924 1534 1076 1615 Πρίσκιλλα
1090 1533 1136 1593 καί
1146 1536 1160 1592 δ
1170 1531 1295 1605 Ἀκύλας,
1307 1531 1333 1590 οδ
1342 1531 1491 1613 χρημάτων
1503 1555 1518 1611 μ

122 1635 150 1681 et
161 1622 288 1683 omnibus
296 1622 612 1704 divitiislocupletiorem
620 1623 742 1683 animum
751 1623 840 1704 possi·
895 1626 954 1687 σίαν
978 1628 1026 1687 οὔκ
1058 1616 1147 1707 εἶχον,
1176 1623 1290 1684 πλούτου
1312 1623 1341 1683 et
1364 1624 1464 1691 παντὸς
1487 1625 1518 1682 εί

121 1709 231 1787 debant,
239 1725 354 1771 mortem
364 1725 549 1794 exspectantes
555 1710 804 1790 quotidieiucaedc
814 1725 840 1772 et
894 1716 1035 1790 ἐκέκτηντο
1050 1716 1170 1797 γνώμην,
1184 1716 1246 1777 καθ’
1258 1714 1372 1788 ἑκάστην
1387 1719 1518 1776 ἀποθανεῖν

121 1803 251 1890 sanguine
258 1803 389 1878 viventes,
399 1803 841 1887 atqueperpetuomartyn'umpa-
895 1814 1023 1879 δοκῶιτες
1035 1808 1148 1891 ἡμέραν,
1166 1809 1213 1868 καὶ
1226 1811 1254 1868 εν
1268 1815 1381 1888 σφαγαῖς
1393 1806 1439 1866 καὶ
1456 1805 1518 1885 αῐμι

120 1895 224 1956 tientes.
230 1894 294 1954 Ideo
303 1916 345 1955 res
354 1910 451 1955 πωπω
460 1896 516 1955 illis
522 1895 691 1978 temporibus
697 1895 841 1976 florebant,
896 1905 941 1966 καί
957 1902 1001 1964 διὰ
1016 1902 1114 1968 παντὸς
1128 1905 1320 1983 μαρτυροῦντες
1335 1904 1382 1958 τοῦ
1395 1897 1500 1979 χρόνου.

121 1987 187 2069 quia
201 1987 240 2047 sic
249 1986 378 2069 disciptdi
387 1987 536 2069 magistris,
547 2001 574 2048 et
584 1988 708 2069 magistri
717 1988 842 2070 discipu·
895 1997 969 2069 ἤνθει
986 1994 1019 2056 τὰ
1044 1993 1164 2073 ἡμέτερα
1181 1991 1251 2053 κατὰ
1272 1989 1333 2058 τοδς
1353 1988 1461 2072 καιροδς
1483 1992 1518 2049 bu

121 2082 156 2141 lis
163 2080 281 2160 colligati
299 2095 384 2140 eram.
393 2082 463 2141 Nam
473 2081 575 2141 Paulus
583 2081 637 2141 boc
646 2101 698 2141 nou
709 2081 798 2141 solum
807 2083 843 2143 de
896 2089 966 2150 οὕτω
991 2087 1040 2166 μὲν
1059 2092 1084 2147 σί
1110 2085 1228 2164 μαθηταὶ
1240 2091 1296 2151 τοῖς
1311 2082 1500 2156 διδασκάλοις,

122 2174 175 2249 his,
188 2171 269 2232 sedet
279 2170 314 2232 de
326 2173 486 2234 multisaliis
495 2186 618 2233 testatur.
626 2174 697 2233 Nam
707 2174 841 2253 Hebraeis,
860 2190 879 2237 B
897 2180 1054 2240 διδάσκαλοι
1078 2176 1243 2239 συνεδάδεντο
1263 2182 1318 2243 τοῖς
1337 2179 1480 2253 μαθηταῖς.
1505 2176 1518 2234 (

124 2285 151 2330 et
159 2265 844 2340 Thessalonicensibus,etGalatisscribens‚asserit
897 2271 1079 2353 περὶτούτων
1102 2269 1181 2349 μόνον
1205 2267 1284 2350 ρησίν
1301 2269 1448 2339 δΠαῦλος,
1464 2267 1518 2326 ἀλλ

124 2383 216 2422 omnes
226 2360 320 2421 multis
327 2358 520 2419 tentationibus
527 2359 652 2436 afflictos,
664 2371 693 2418 et
704 2357 843 2420 indicatin
898 2365 993 2447 ἑτέρων
1011 2366 1128 2426 πολλῶν.
1153 2360 1206 2422 Καὶ
1224 2360 1276 2441 γὰρ
1295 2359 1431 2440 Ἐύραίοις
1445 2358 1518 2421 καί(

124 2453 313 2536 epistolissuis
333 2451 406 2533 ipsos
418 2449 493 2532 pelli,
513 2449 601 2531 patria
621 2449 758 2529 excidere,
773 2452 843 2512 sub—
897 2463 972 2518 χοῦσι
985 2456 1093 2536 γράφων
1106 2454 1151 2514 καί
1168 2453 1319 2525 Γαλάταις,
1333 2450 1436 2522 πολλὴν
1447 2451 1518 2511 άπασ

124 2547 237 2607 stantiae
250 2544 403 2626 perdereet
417 2541 453 2603 ad
469 2542 724 2623 sanguinemusque
736 2544 844 2626 pericli-
897 2551 1054 2630 πειρασμῶν
1064 2545 1217 2626 ἐπαγωγὴν,
1226 2544 1272 2604 καί
1283 2544 1399 2604 δείκνυσι
1410 2545 1445 2602 δι’
1458 2534 1518 2602 del

123 2639 199 2699 tari:
216 2633 274 2698 tota
285 2658 379 2697 eorum
397 2636 497 2697 vitain
511 2636 641 2716 gravibus
651 2637 843 2698 certaminibus
898 2640 939 2700 ὅτι
954 2640 1000 2700 καί
1013 2638 1169 2712 ἠλαύνοντο,
1183 2636 1230 2696 καί
1247 2641 1295 2708 ιη”ς
1314 2634 1441 2714 πατρίδος
1459 2633 1518 2704 ίξάπ

124 2743 223 2806 erat‚et
233 2728 430 2810 ipsismutilari
437 2728 568 2787 membris
573 2749 624 2807 pro
630 2729 844 2809 preceptoribus
897 2729 945 2798 τάς
962 2728 1050 2796 οὐσίας
1071 2726 1220 2808 ἀπώλλιιον,
1239 2725 1285 2784 καὶ
1299 2725 1394 2806 μέχρις
1408 2728 1488 2784 αὐτῶ
1498 2748 1518 2782 π

125 2842 178 2881 uon
190 2819 384 2880 detrectabant.
397 2818 479 2878 Unde
492 2817 598 2878 Galatis
613 2819 746 2894 scribens,
758 2817 840 2880 dicit:
899 2821 1072 2883 ἐκινδύνευον·
1083 2819 1129 2878 καί
1141 2820 1211 2887 ἅπας
1224 2817 1364 2898 ίνοιγώνιος
1376 2821 1489 2885 αὐτοὶςδ
1500 2820 1518 2896 β

128 2916 326 2985 Testorenr'm,
336 2911 425 2992 quod,
434 2914 461 2969 τι·
469 2911 608 2990 possibile
614 2912 733 2989 suisset,
742 2913 843 2974 oculos
900 2913 968 2975 αὐτὰ
983 2913 1011 2973 tt
1030 2914 1280 2994 ἀκρωτηριασθῆναι
1295 2909 1329 2971 ed
1345 2910 1413 2988 μέλη
1428 2911 1478 2970 οὐκ
1493 2909 1518 2967 ἀι

10 3041 16 3054 ·
126 3005 373 3086 vestrosesscssos
388 3005 462 3062 mibi
471 3003 633 3064 dedissetis.
643 3003 845 3087 EtEpapbram
899 3005 1066 3066 διδασκάλων
1087 3003 1287 3084 παρῃτήσαντο.
1313 3005 1377 3068 Τοῖς
1389 3007 1451 3080 γοῦν
1465 3002 1518 3060 rut

15 3222 66 3283 t'tr'p.
78 3234 102 3268 2.

127 3099 174 3179 qui
185 3096 304 3157 Gulosus
311 3108 377 3168 erat,
383 3094 480 3155 eadem
492 3094 527 3155 dc
537 3115 566 3154 re
576 3095 670 3156 laudat
684 3097 729 3157 bis
739 3098 842 3159 verbisa
900 3098 1018 3159 στελλων
1031 3097 1121 3176 ίλεγε·
1139 3098 1273 3176 Μαρτυρεῖ»
1284 3094 1337 3176 γδρ
1353 3097 1426 3172 ὑμῖν,
1439 3092 1500 3167 δτι,
1516 3135 1518 3144 «

130 3193 293 3272 AEgrotavr't
315 3208 406 3268 usque
423 3190 466 3248 ad
487 3201 621 3266 mortem,
631 3203 661 3249 et
678 3192 759 3251 Deus
782 3195 845 3273 ejus
900 3188 960 3259 τοὺς
975 3186 1126 3269 ὀφθαλμοὺς
1148 3191 1222 3264 ὑμῶν
1247 3184 1412 3268 ἐξορύξαντες
1433 3185 1465 3244 δν
1481 3185 1518 3244 tt·

0 3307 17 3328 ι·
129 3286 262 3342 misertus
276 3293 320 3340 est
333 3305 341 3338 ε
356 3301 416 3339 πονε
439 3280 534 3341 solum
554 3294 653 3340 autem
668 3285 740 3363 ejus,
754 3285 806 3343 sed
817 3297 846 3343 et
864 3297 883 3346 c
901 3282 956 3343 rtet
971 3281 1017 3341 τδν
1039 3280 1181 3359 Ἐπαρρᾶν
1203 3277 1233 3337 et
1253 3277 1298 3337 τδν
1328 3279 1355 3336 ἐν
1384 3278 1518 3336 Κολοσσαῑ

5 3669 72 3729 λίίὶμ.
84 3679 107 3712 2.

128 3377 199 3446 mei,v
211 3393 247 3432 rte
260 3375 412 3433 tristitiam
430 3393 516 3453 super
529 3375 682 3431 tristitiam
693 3375 843 3434 haberem.
902 3379 989 3440 αὐτοῖς
1005 3370 1165 3453 ἀποδέχεται
1183 3369 1274 3443 πάλιν,
1288 3367 1379 3443 εἰπὼν,
1399 3368 1440 3426 δτι
1459 3368 1518 3429 ’flet

126 3465 183 3527 Ubi
196 3465 269 3525 clam
282 3463 450 3524 demonstrat
464 3485 494 3523 se
503 3465 567 3544 jure
584 3463 745 3524 habiturum
764 3466 847 3527 fuisse
904 3467 1049 3550 ραπλιίσιον
1068 3463 1198 3535 Θανάτου,
1219 3460 1391 3533 nutritivum
1410 3457 1490 3518 αὗτδν
1509 3464 1518 3520 ί

127 3557 249 3618 dolorem
281 3555 317 3616 de
339 3569 426 3616 morte
448 3554 590 3636 discipuli.
605 3555 692 3637 Cujus
715 3556 847 3618 virtutem
902 3559 980 3620 αὐτὸν
1004 3557 1032 3618 δὲ
1054 3556 1143 3637 μόνον,
1167 3553 1236 3614 ἀλλά
1258 3553 1305 3613 καὶ
1319 3551 1377 3632 ἐμὲ,
1402 3551 1447 3612 ίνα
1469 3551 1508 3631 μὴ

128 3651 231 3711 alicubi
243 3650 370 3711 omnibus
376 3649 584 3730 iterumdetegit
597 3648 702 3723 dicens,
710 3650 848 3712 Accessit
901 3651 973 3732 λύπῃ
987 3653 1053 3731 σγώ.
1069 3647 1150 3710 Οὕτω
1160 3646 1188 3707 δὲ
1199 3637 1256 3706 sim
1268 3643 1381 3718 δεικνὺς,
1394 3644 1435 3704 δτι
1446 3644 1518 3703 δικαί

130 3765 223 3826 usque
239 3745 283 3803 nd
304 3757 436 3816 mertem,
463 3744 596 3824 neglecta
606 3746 712 3802 anima
733 3763 800 3822 sua,
815 3757 848 3804 ut
903 3749 992 3825 ἀλγεῖν
1007 3743 1053 3804 ἐπί
1069 3745 1102 3822 τῇ
1116 3743 1226 3821 τελευτῇ
1241 3745 1287 3800 τοῦ
1302 3744 1431 3817 μαθητοῦ.
1454 3737 1511 3799 Καὶ

129 3837 401 3916 impleret‚quodin
414 3839 501 3896 vobis
512 3856 582 3916 erga
595 3837 750 3895 medeernt
759 3841 848 3897 mr'ru'-
903 3837 931 3897 u
955 3834 1138 3896 attenderitis
1161 3831 1320 3894 ἀκκαλύτιτοι
1342 3839 1434 3903 πᾶσιν,
1463 3832 1518 3890 eben

130 3931 262 3988 sterium.
274 3927 348 4000 Quid
359 3927 416 3986 iilis
433 3927 516 3986 fuerit
536 3927 654 4003 beatius,
670 3926 738 4007 quid
756 3943 848 3989 autem
903 3931 944 3990 δτι
964 3928 1079 4008 Ἥγγισε
1101 3924 1181 4006 μέχρι
1203 3922 1315 3984 θανάτου
1335 3921 1518 4002 παραύοιιλευο

130 4018 210 4079 nobis
222 4018 369 4080 miserius?
383 4017 603 4097 quandoquidem
626 4018 669 4078 illi
690 4021 848 4100 sanguinem
903 4024 993 4104 ψυχῇ,
1006 4018 1050 4079 ἵνα
1062 4015 1243 4097 ἀναπληρώσῃ
1257 4016 1289 4076 τδ
1308 4017 1383 4094 ὑμῶν
1401 4013 1518 4094 ίστίρημ

131 4126 156 4172 et
168 4113 345 4193 auimampro
356 4110 566 4193 preceptoribus
577 4111 786 4193 profundebant,
799 4134 849 4173 nos
905 4138 938 4194 με
948 4109 1120 4192 λειτουργίας.
1136 4108 1174 4169 Τί
1188 4108 1283 4189 γένοιτ’
1297 4107 1328 4166 δν
1343 4105 1450 4166 ἐκείνων
1466 4128 1518 4183 ματ

130 4217 221 4264 autern
234 4225 321 4283 neque
333 4202 446 4263 verbum
462 4222 510 4284 pro
519 4203 710 4263 communibus
724 4204 849 4285 patribus
903 4207 948 4267 ’τί
956 4207 983 4266 δί
994 4208 1071 4283 ἡμῶν
1080 4201 1237 4282 ἀθλιώτερον
1246 4225 1253 4273 3
1263 4200 1289 4259 τί
1297 4223 1328 4280 γε
1340 4200 1436 4258 ἐκεῖνοι
1445 4195 1518 4278 μδνκ

130 4298 254 4357 emittere
263 4295 406 4371 audemus,
421 4293 469 4354 sed
482 4314 544 4353 cum
559 4293 703 4355 audiamus
716 4295 756 4355 eis
768 4296 850 4356 male·
904 4300 949 4360 ιιαλ
962 4297 1011 4371 τλν
1022 4295 1111 4379 ψυχὴν
1123 4293 1190 4375 ὑπὲρ
1202 4296 1255 4352 τῶν
1269 4290 1436 4351 διδασκάλων
1450 4288 1518 4372 repud

130 4387 196 4464 dici,
210 4402 237 4447 et
245 4385 375 4447 conviciis
386 4405 430 4444 ens
442 4382 799 4463 debonestan',etasuis,et
815 4386 850 4446 ab
866 4408 886 4455 ι)
905 4393 933 4454 δὲ
955 4391 1013 4453 οὐδὲ
1037 4394 1111 4470 ῥῆμα
1134 4386 1211 4468 ψιλὸν
1231 4385 1358 4452 πολλάκις
1383 4383 1513 4464 προάσθαι

130 4482 236 4551 alienis,
254 4478 442 4541 maledicentes
457 4499 545 4558 neque
553 4479 758 4560 compescimus,
766 4501 852 4560 neque
906 4484 973 4565 ὑπὲρ
995 4487 1049 4542 τῶν
1069 4483 1162 4541 κοινῶν
1183 4477 1315 4559 πατέρων,
1338 4476 1408 4536 ἀλλὰ
1427 4474 1518 4536 ἀκούοι

131 4573 365 4655 reprehendimus,
381 4592 468 4650 neque
487 4570 675 4652 probibemus.
691 4573 805 4632 Utinam
818 4593 853 4633 ne
908 4574 1177 4658 βλασφημοομένοος,
1194 4568 1411 4650 λοιδορουμένοις
1433 4571 1518 4634 κακῶς

131 4670 184 4751 ipsi
197 4668 278 4750 primi
305 4664 499 4726 maledicorum
515 4666 610 4725 simus.
622 4667 693 4726 Sane
706 4687 759 4726 nan
773 4680 848 4727 tanta
907 4675 959 4730 τών
971 4666 1075 4729 οἰκείαν
1088 4665 1135 4725 καὶ
1149 4662 1224 4746 παρδι
1237 4667 1289 4722 τῶν
1305 4660 1464 4740 ἀλλοτρίων,
1479 4660 1518 4720 eta

133 4761 168 4820 ab
186 4759 344 4819 infidehbus
373 4757 496 4817 convicia
519 4771 545 4817 et
566 4758 685 4838 probra,
699 4772 800 4838 quanta
822 4761 851 4819 in
908 4764 985 4840 ζομεν
1009 4758 1070 4826 rebe
1091 4757 1230 4838 λέγοντας,
1255 4757 1285 4813 eb
1299 4753 1451 4832 κωλύομεν,
1466 4755 1516 4812 cdx

134 4852 271 4934 principes
279 4850 419 4929 abiis,qui
429 4851 508 4911 nobis
512 4850 601 4932 juncti
610 4850 853 4931 religioneetdde·
906 4854 970 4915 Εἴθε
988 4852 1036 4932 μὲν
1049 4841 1093 4912 ούν
1112 4848 1151 4929 μὴ
1168 4846 1242 4907 αὐτοὶ
1253 4850 1302 4918 τῆς
1312 4845 1476 4926 κακηγορίας
1488 4843 1518 4927 dp

135 4944 175 5001 les
187 4943 328 5020 videntur,
340 4943 454 5024 proferri
464 4942 597 5003 videmus.
606 4943 685 5002 Ultra
694 4943 741 5004 bic
752 4966 854 5024 qnaere-
907 4970 964 5020 πης.
988 4943 1056 5006 Νυνὶ
1079 4941 1108 5002 δδ
1129 4944 1158 5000 eb
1171 4945 1287 4999 τοσαῦτα
1301 4936 1376 5020 παρδ
1388 4941 1443 4996 τῶν
1455 4936 1518 4996 eeu

136 5053 207 5112 mus,
223 5033 296 5094 unde
315 5047 390 5093 tanta
411 5033 532 5114 ignavia,
548 5048 575 5094 et
588 5032 661 5094 unde
681 5035 728 5096 hic
746 5037 854 5119 pietatis
909 5062 983 5117 ματα
996 5037 1042 5098 κοιλ
1063 5033 1165 5107 ὀνείδη,
1179 5032 1230 5095 ὅσα
1242 5030 1317 5112 παρά
1329 5033 1381 5090 τῶν
1394 5027 1518 5090 δοκούντο

169 5206 181 5235 ⁸
197 5193 266 5257 Haec,
277 5201 300 5246 τί
311 5197 334 5246 u
348 5200 412 5256 ἡμῶν
423 5200 568 5264 ἀθλιώτερον,
579 5193 672 5247 desunt
685 5197 711 5246 in
722 5195 1006 5249 Μοεε1,8εά1ιείναεεῑοο
1017 5197 1043 5248 in
1055 5195 1159 5249 Goislin.
1173 5204 1199 5245 ct
1208 5211 1222 5243 a
1232 5190 1336 5245 Gelenio
1346 5188 1414 5241 lecta
1424 5201 1495 5244 sunt.
