3764 5992
127 386 173 460 52
467 410 496 459 S.
524 409 667 460 JOANNIS
694 409 876 458 cuutsosr.
905 409 1060 467 rucuma.
1085 413 1354 465 cousraurtuor.

127 535 247 596 ssoxionc
259 535 416 596 briestantur
430 535 512 613 oculi,
525 534 645 597 medicus
655 533 780 595 omittens
790 555 845 614 pu·
901 533 929 603 ἐξ
942 535 1143 617 ἁμαρτημάτων
1163 537 1309 618 ίτίχθησαν
1323 529 1402 598 αὗται
1419 543 1448 601 αἱ
1463 541 1546 603 νόσοι.
1570 547 1625 605 Καὶ
1648 550 1672 607 ἐν

127 626 223 708 pillam
243 646 342 706 aegram
358 647 466 702 curare,
488 626 584 708 capitis
598 647 690 686 coram
704 626 782 705 gerit,
797 625 846 685 ubi
901 630 972 708 θρη
985 628 1031 688 καὶ
1040 631 1069 688 ἐν
1082 628 1286 708 προοιμιοιςτης
1299 630 1408 701 κτίσεως
1419 633 1446 702 ἐξ
1459 634 1674 717 αμαρτιαςὴνο

126 718 207 779 radix
220 733 246 778 et
257 719 380 778 senserat
391 719 581 799 aegrrtudmrs
595 719 633 784 ita
649 739 756 797 quoque
767 717 847 777 Cbrr
900 741 945 786 σος
957 719 1032 786 είς
1008 742 1038 778 το
1057 726 1103 780 τοῦ
1124 719 1406 802 Κάῖνκατέσκηψε
1368 747 1456 802 σωμα.
1471 726 1526 785 Καὶ
1539 727 1594 809 γὰρ
1609 733 1674 788 ἐκεῖ·

127 809 262 889 stusagit,
273 810 350 889 prius
365 810 500 869 malorum
512 810 612 869 sontem
626 808 758 888 reprimit.
775 811 847 871 Fons
899 833 942 876 νος
956 809 1025 888 μετὰ
1037 810 1085 884 την
1105 811 1318 892 ἀδελφοκτονίαν,
1343 813 1411 924 μετὰ
1429 815 1479 888 τὴν
1503 819 1675 899 παρανομίαν

128 900 229 981 quippe
242 900 375 959 malorum
389 914 415 960 ct
429 899 509 960 radix
526 915 552 960 et
565 913 651 960 mater
664 913 703 960 est
724 899 846 962 omnium
900 901 1012 978 ἐκείνην,
1033 903 1092 963 τότε
1113 905 1296 984 παρελύθη
1270 929 1301 965 το
1324 909 1412 984 σῶμα.
1435 906 1545 990 Τδγδρ
1568 910 1675 989 τρέμειν

128 1005 223 1052 natura
237 993 349 1074 peccati.
364 991 429 1051 Haec
440 1006 479 1053 cst
496 1013 556 1072 quae
568 1013 680 1073 corpora
697 1006 846 1053 nostrove·
900 994 945 1053 οθδ
931 991 973 1052 etv
988 993 1076 1075 ἔτερόν
1096 993 1200 1065 ἐστινὴ
1221 996 1378 1075 παράλυσις.
1397 997 1452 1057 Καὶ
1465 997 1519 1113 γὰρ
1539 999 1605 1058 ὅταν
1615 1001 1668 1072 ἡ
1644 1023 1672 1059 το

127 1097 176 1143 xat
189 1084 322 1187 paralysi,
332 1083 392 1144 baec
403 1083 512 1144 morbos
520 1084 642 1145 invehit
636 1084 757 1144 rdcrroo
764 1098 845 1144 etiam
900 1089 966 1155 ζῶον
979 1086 1195 1165 οἰκονομοῦσα’
1166 1110 1275 1164 ονναμις
1289 1090 1513 1168 θσθενεστέρα’
1480 1114 1603 1170 γενηται,
1617 1094 1673 1149 οὐκ

127 1174 503 1256 inquitbocloco,Corfide,
512 1176 573 1256 fili,
585 1179 847 1257 diruittunturpec·
899 1173 939 1234 ίτι
955 1177 1137 1256 δυναμένη
1099 1201 1187 1236 ποντα
1206 1178 1391 1248 διαὸαστάζειν
1406 1180 1440 1240 sd
1462 1180 1582 1258 μέλη,’
1567 1182 1671 1262 αφίησιν

127 1280 198 1327 cata
213 1281 289 1338 tua‚·
304 1281 330 1327 et
344 1267 400 1328 illic
418 1268 475 1327 ait:
493 1271 572 1328 Ecce
584 1289 676 1328 sunus
687 1271 789 1348 sactus
803 1291 843 1343 es,
861 1267 1029 1341 ὓαυτδτης
1042 1267 1139 1336 οἰκείας
1158 1269 1300 1350 προνοίας,
1322 1261 1380 1330 εἶτα
1396 1271 1568 1352 χαλασθέντοι
1588 1275 1672 1333 ἐκεῖνα

129 1360 193 1420 noli
212 1360 340 1440 amplius
353 1380 490 1440 peccare,
507 1382 544 1419 ne
558 1362 631 1441 quid
648 1362 774 1420 deterius
793 1365 847 1421 tibi
900 1359 992 1441 ρίμει
1002 1361 1047 1422 καί
1059 1361 1236 1443 περιφέρεται.

128 1454 303 1530 contingut;
315 1464 430 1529 utroque
441 1449 499 1510 loco
513 1451 652 1512 declarans
662 1452 791 1512 morbos
783 1466 846 1513 istos

126 1562 163 1603 ex
181 1555 290 1622 peccato
306 1556 382 1602 natos
398 1564 462 1602 esse.
478 1542 515 1603 Et
528 1543 557 1602 in
570 1544 705 1625 principio
724 1558 805 1624 atque
818 1547 847 1607 in

127 1633 241 1694 exordio
251 1634 393 1694 creationis
405 1655 440 1695 ex
450 1649 559 1716 peccato
573 1636 684 1696 morbus
693 1637 773 1697 Caini
788 1658 846 1699 cor·

128 1747 181 1806 pus
196 1725 304 1786 invasit.
318 1726 387 1786 Nam
403 1740 430 1786 et
442 1726 489 1786 ille
504 1741 564 1809 post
577 1728 771 1808 fratricidium,
785 1744 847 1812 post

127 1815 199 1876 illud
207 1817 303 1890 scelus,
313 1830 371 1876 tum
385 1819 506 1899 paralysi
517 1819 637 1900 corporis
648 1833 687 1880 est
695 1836 843 1903 correptus.

129 1909 243 1968 Tremor
256 1910 328 1969 enim
338 1910 385 1969 illc
398 1909 469 1969 nibil
481 1909 558 1970 aliud
577 1911 629 1971 ruit
642 1934 725 1990 quam
737 1915 846 1996 paraly-

68 2034 72 2041 ·
126 2000 174 2063 sis.
188 2001 305 2076 Quando
322 2001 396 2062 enim
408 2002 455 2062 illa
466 2002 566 2079 virtus,
582 2025 642 2082 quae
653 2002 753 2063 animal
764 2005 845 2085 regit,

130 2090 292 2153 imbecillior
310 2107 349 2154 est
364 2093 481 2178 reddita,
504 2114 553 2153 nec
562 2095 681 2175 amplius
695 2097 784 2156 omnia
796 2118 847 2178 po·

126 2195 179 2253 test
191 2186 311 2246 membra
323 2172 482 2264 sustentare,
497 2207 547 2245 sua
567 2207 630 2246 cura
645 2188 692 2247 illa
710 2188 842 2260 destituit,

127 2285 208 2356 atque
217 2277 265 2338 illa
278 2278 398 2339 relaxata
409 2292 527 2338 tremum
536 2293 562 2339 et
573 2280 754 2360 exagitantur

168 2373 199 2430 6.
211 2371 269 2431 lloc
279 2385 360 2431 cuam
371 2371 619 2450 rodicarrtPaulus,
629 2373 845 2434 cumCorrntbus
940 2370 1027 2429 Τοῦτο
1043 2367 1088 2428 καί
1103 2355 1209 2451 Παῦλος
1228 2369 1372 2444 ἐδήλωσεν·
1387 2371 1578 2454 ἇμαρτίιιν’
1542 2399 1595 2455 γαρ
1614 2398 1672 2436 τινα

12 2477 66 2525 cor.
82 2490 118 2525 ιι.
128 2477 268 2545 μενεαίνω
289 2463 425 2543 quoddam
443 2464 646 2546 exprobrans
621 2479 677 2524 art
688 2467 781 2525 Ideo
769 2481 847 2527 mter
901 2460 1048 2540 Κορινθίοις
1059 2463 1178 2541 ἓγκαλων
1193 2486 1273 2543 φησι·
1293 2461 1347 2523 nil
1363 2470 1441 2525 τοῦτο
1460 2466 1621 2527 πολλοίέν
1611 2476 1672 2546 υμῖν

2 4865 84 4930 arto.

0 2558 17 2588 '·
128 2575 183 2615 uos
194 2556 280 2615 multi
293 2557 435 2638 infirmi
418 2569 447 2616 et
460 2557 635 2617 imbecilles:
651 2556 713 2617 rdeo
722 2558 846 2621 Christus
901 2554 1017 2621 ἀσθενεῖς
1030 2551 1076 2612 καὶ
1091 2553 1237 2634 ἄρρωστοι·
1250 2553 1294 2614 διὰ
1305 2579 1382 2616 τουτο
1394 2556 1464 2615 καὶθ
1477 2558 1595 2640 Χριστδς
1607 2559 1671 2638 πρό-

127 2669 234 2728 quoque
242 2649 318 2729 prius
329 2669 437 2708 causam
447 2648 582 2708 malorum
593 2648 794 2727 tollitcumque
803 2650 847 2709 di·
900 2668 974 2724 τερον
995 2644 1043 2718 τὴν
1067 2644 1153 2705 αἰτίαν
1175 2649 1276 2726 ἀναιρεῖ
1304 2651 1357 2707 τῶν
1383 2652 1485 2723 κακῶν,
1511 2651 1559 2710 καὶ
1582 2651 1672 2726 εἰπὼν,

127 2739 224 2800 xissct:
237 2741 371 2819 Confide,
382 2741 441 2818 fili,
452 2742 641 2799 dimittuntur
648 2753 772 2818 peccata
781 2754 845 2819 tua,
899 2737 1016 2816 Θάρσει,
1029 2736 1131 2810 τέκνον,
1142 2737 1275 2818 ἀφέωνταί
1283 2761 1329 2799 σου
1341 2743 1369 2798 ul
1377 2738 1525 2818 ἁμαρτίαι,
1537 2740 1672 2812 ἀνίστησιν

126 2835 248 2895 animum
261 2836 320 2916 ejus
331 2835 426 2914 erigit,
441 2833 624 2915 dejectamque
642 2849 757 2895 mentcm
771 2837 846 2896 exci-
899 2833 978 2891 αὐτοῦ
991 2831 1022 2891 τδ
1035 2830 1170 2912 φρόνημα,
1184 2829 1303 2911 διεγείρει
1314 2831 1554 2910 καταόεδλημίνην
1565 2832 1614 2906 τλν
1625 2837 1671 2914 qu

122 2937 185 2986 tat:
199 2928 301 3009 quippe
315 2921 404 2986 ‘sermo
418 2926 546 3007 prodibat
559 2926 587 2985 in
601 2946 678 3007 opus,
693 2940 719 2985 et
732 2926 760 2986 in
780 2949 845 2988 con-
897 2922 962 3004 χήν·
973 2927 988 2981 ὁ
998 2921 1049 3003 γὰρ
1067 2921 1143 3003 λόγος
1163 2920 1240 3003 ἔργον
1253 2922 1370 3001 ἐγίνετο,
1390 2923 1436 2983 καί
1457 2927 1494 2992 εἷς
1513 2924 1545 2984 τὸ
1560 2926 1672 2993 συνειδὸς

127 3019 266 3092 scientiam
284 3033 424 3100 penetrans
434 3018 553 3078 animam
562 3020 648 3100 ipsam
662 3020 797 3093 movebat,
814 3042 845 3080 ac
899 3014 1021 3076 εἰσελθὼν
1030 3018 1112 3087 αὐτῆς
1120 3013 1220 3087 ἥπτετο
1232 3017 1387 3095 τῆςψοχῆς,
1399 3016 1444 3076 καί
1456 3026 1548 3077 πᾶσαν
1558 3018 1670 3096 ἀγωνίαν

127 3122 232 3171 netum
263 3131 369 3170 omnem
393 3109 553 3190 expellebat.
580 3110 684 3188 [Nihil
710 3111 782 3170 enim
805 3127 845 3172 est
898 3105 1029 3176 ίξὲὅαλεν·
1044 3105 1128 3167 Οὖῧίν
1141 3105 1193 3188 γὰρ
1203 3104 1284 3173 οὕτως
1297 3105 1392 3178 ἡδονὴν
1408 3116 1489 3181 ποιεῖ,
1499 3107 1546 3167 καί
1560 3108 1671 3190 παρέχει

128 3201 201 3280 quod
213 3202 249 3262 ita
258 3201 431 3262 formidinem
439 3223 471 3261 ac
478 3201 602 3262 timorem
613 3202 726 3282 injiciat,
736 3217 766 3262 ut
780 3224 845 3264 con·
861 3217 880 3264 r:
899 3204 1003 3281 θαρρεῖν
1016 3203 1053 3268 ὡς
1068 3198 1098 3258 τδ
1112 3197 1194 3277 μηδὲν
1208 3202 1302 3259 ἑαυτοῦ
1316 3209 1483 3280 κατηγορεῖν.
1497 3199 1618 3281 Θάρσει,
1629 3201 1670 3261 τί·

127 3293 235 3353 scientia
245 3307 413 3374 peccatorum
426 3293 533 3373 :]nibil
543 3292 581 3352 ita
590 3293 757 3374 voluptatem
766 3295 845 3375 parit,
898 3316 968 3366 κνσν,
980 3291 1112 3373 ἀφέωνταί
1121 3314 1167 3350 σου
1178 3294 1206 3350 ul
1215 3290 1442 3372 ἁμαρτίαι.”οποιι
1450 3291 1671 3375 γδρὰμαριημά·

126 3399 153 3445 et
166 3385 356 3447 confidentiam
370 3385 518 3466 ingenerat,
531 3385 598 3444 acsi
611 3386 659 3464 qui
677 3384 780 3445 nullius
792 3408 847 3446 sce-
899 3409 951 3445 των
961 3385 1061 3465 άφεσις,
1069 3385 1124 3443 ἐκεῖ
1133 3383 1257 3443 υἱοθεσία.
1270 3381 1417 3463 Οίτωγοῦν
1425 3382 1472 3443 καί
1479 3390 1559 3460 ἡμεῖς
1569 3389 1599 3445 οὔ
1609 3385 1671 3467 πρό-

127 3478 252 3540 lcrissibi
263 3478 299 3539 sit
312 3478 444 3540 conscius.
458 3478 591 3560 Confide,
595 3478 652 3562 fili,
660 3478 848 3538 dimittuntur
898 3500 973 3559 τερον
981 3475 1113 3554 δυνάμεθα
1122 3473 1233 3536 καλέσαι
1239 3474 1358 3554 Πατέρα,
1367 3474 1416 3543 ἕως
1425 3477 1492 3556 ίντῇ
1500 3477 1670 3558 κολυμὸήθρρ

125 3585 248 3653 peccota
261 3586 322 3632 tuo.
333 3571 390 3632 Ubi
400 3571 473 3631 enim
483 3570 604 3630 remissio
618 3584 655 3629 est
664 3584 847 3651 peccatorum,
899 3572 952 3628 τῶν
962 3567 1064 3627 ὑδάτων
1075 3569 1128 3626 τῶν
1139 3563 1220 3646 ἁγίων
1230 3567 1421 3648 δτονιψώμεθα
1430 3566 1465 3627 τδι
1479 3569 1670 3650 ἁμαρτήματα.

130 3663 225 3723 illicet
242 3663 352 3745 adoptio
371 3677 409 3723 est
420 3663 551 3725 filiomm.
562 3663 661 3722 Itanos
672 3683 779 3742 quoque
793 3684 847 3724 non
899 3659 986 3722 Ὅταν
998 3666 1060 3742 γοῦν
1071 3664 1167 3720 ἐκεῖθεν
1183 3658 1334 3740 ἀνέλθωμεν
1344 3661 1499 3742 sirempse
1509 3665 1595 3721 ἐκεῖνο
1613 3685 1670 3743 φορ

126 3755 204 3837 prius
217 3757 325 3815 Patrem
342 3777 485 3835 possumus
498 3754 644 3838 appellare,
656 3776 738 3835 quam
756 3753 846 3815 insa-
900 3752 954 3814 τίον
968 3752 1137 3831 ἀποθέμενοι,
1151 3751 1211 3812 τὰτε
1219 3753 1343 3832 λέγομεν
1353 3752 1429 3813 Πάτε
1431 3758 1545 3836 ρὴμῶν,
1555 3757 1672 3821 θίντοῖς

127 3867 235 3907 orarum
243 3867 376 3925 aquarum
388 3847 496 3907 lavacro
505 3861 616 3928 peccata
629 3846 843 3907 absterserimus.
901 3847 1027 3926 οὐρανοῖς.
1042 3842 1166 3905 Ἀλλὰ’
1139 3867 1208 3912 τινος
1198 3844 1309 3904 ·ίνεκεν
1331 3843 1375 3906 ἐπὶ
1389 3851 1434 3904 τοῦ
1446 3843 1593 3955 τριάκοντα
1605 3845 1672 3905 durii

115 3938 273 4010 ¹Quando'
265 3937 350 4017 igitur
365 3938 437 3997 mala
452 3938 500 3997 illa
521 3937 644 4018 deposita
658 3938 763 3997 sarcina
784 3938 847 3998 inde
861 3937 1056 4046 ωέχοντοῌ
1031 3960 1081 4017 ουχ
1099 3933 1183 4044 pileo<
1206 3935 1338 4008 ἐποίησεν,
1359 3934 1475 3996 ἀλλὰ
1450 3958 1482 3994 το
1500 3959 1582 4014 σωμα
1598 3937 1672 3998 αὐτοῦ

127 4029 307 4098 ascendimus,
321 4042 380 4089 tum
388 4028 623 4116 dicimus,Pater
632 4041 730 4088 noster
731 4035 803 4133 ‚qui
815 4052 846 4092 es
863 4061 884 4108 Α
861 4005 1035 4106 “tropeum
1054 4025 1122 4106 πρότ
1123 4048 1196 4109 ερον,
1211 4024 1278 4086 Ὅτι
1296 4026 1387 4106 ἐκείνῳ
1406 4025 1511 4105 μέν’
1475 4052 1520 4142 ep
1532 4026 1673 4106 μήκειτοῦ

128 4145 161 4183 m
173 4123 261 4182 coelrs
275 4124 380 4184 Verum
393 4122 465 4181 enim
478 4141 543 4183 vcro
556 4142 634 4203 cupos
644 4142 683 4180 rer
695 4135 781 4200 gratia
793 4141 846 4181 non
901 4120 995 4202 χρόνον
1020 4120 1054 4179 τδι
1078 4117 1259 4199 ἁμαρτήματα
1285 4118 1465 4190 δεδαπάνητο·
1491 4118 1602 4180 δύναται
1623 4119 1672 4200 γδρ

126 4215 165 4275 ita
175 4236 204 4274 se
219 4212 299 4293 gessit
313 4233 375 4293 erga
390 4213 484 4290 illum,
494 4213 543 4292 qui
555 4213 668 4294 triginta
679 4229 740 4273 octo
763 4235 847 4275 annos
900 4235 946 4271 πει
948 4233 1049 4292 ρασμοο
1033 4209 1209 4289 μίγεθοςτδ
1221 4214 1273 4270 τῶν
1286 4209 1486 4290 ἁμαρτημάτων
1498 4211 1660 4292 φορτίον
1614 4236 1673 4272 κον-

127 4307 261 4381 habebat,
274 4305 323 4366 sed
335 4305 498 4386 priusillius
511 4306 846 4411 cprpuscuravitiQuo-
901 4327 947 4385 φον
965 4312 1067 4364 ποιεῖν·
1087 4300 1178 4384 ὥσπερ
1195 4292 1239 4362 ουν
1261 4301 1307 4363 καί
1321 4302 1366 4363 ἐπὶ
1385 4309 1430 4363 τοῦ
1447 4303 1572 4383 θαῑάροιι
1586 4305 1673 4385 φησὶν,

127 4401 200 4461 niam
221 4399 264 4459 illi
288 4398 399 4478 quidem
418 4399 546 4480 temporis
568 4397 724 4480 prolixitate
742 4400 847 4460 fuerant
900 4395 941 4457 ίίτι
956 4395 1075 4455 άπίλαῦε
1089 4391 1124 4453 τδι
1138 4394 1251 4454 κακὰ’
1223 4399 1312 4468 αυτοῦ,
1326 4393 1372 4453 καί
1384 4395 1497 4454 ἐνταῦθα
1511 4399 1673 4509 παρρκαλεῖ·

128 4506 265 4554 consumta
277 4505 387 4573 peccata
400 4514 407 4548 τ
419 4504 506 4572 potest
515 4490 588 4550 enim
600 4491 777 4551 tentationum
786 4513 847 4572 gra·
901 4511 962 4548 ται·
956 4486 1019 4547 ·καί
1032 4486 1114 4548 παλιν
1127 4486 1246 4565 ἀλλαχοῦ
1259 4509 1338 4567 φησι·
1353 4489 1579 4568 Παρακαλεῖτε
1555 4511 1600 4548 τον
1612 4487 1673 4549 λαόν

129 4585 199 4646 vitas
208 4607 277 4646 onus
286 4597 457 4667 peccatorum
469 4583 557 4646 levius
570 4583 682 4645 reddere
695 4609 701 4645 :
719 4583 848 4664 quemad·
903 4606 967 4661 μου,
979 4579 1114 4652 λαλήσατε
1127 4581 1163 4648 είς
1176 4576 1226 4653 τλν
1242 4577 1353 4662 καρδίαν
1364 4577 1552 4660 Ἰερουσαλὴμ,
1560 4579 1604 4641 ὅτι
1617 4579 1674 4640 ἐδέ-

128 4678 241 4738 modum
257 4691 283 4737 et
296 4677 331 4737 de
342 4677 364 4735 Ῐ
366 4697 443 4736 auaro
454 4675 538 4754 dixit,
550 4697 612 4736 eum
625 4675 696 4737 mala
711 4698 759 4736 sua
770 4697 844 4737 rece·
902 4675 964 4745 ξατο
977 4677 1007 4734 ἐκ
1019 4670 1106 4754 χειρὸς
1119 4674 1178 4754 Κυρ
1180 4670 1218 4732 lou
1235 4673 1316 4731 διπλᾶ
1328 4670 1363 4731 τδ
1383 4670 1567 4751 ἁμαρτήματα
1581 4674 1672 4745 αὐτῆς.

127 4768 209 4848 pisse,
229 4783 310 4848 atque
329 4768 376 4827 hio
395 4767 544 4828 consolari·
555 4782 579 4827 ct
595 4790 689 4828 rursus
709 4781 747 4828 art
758 4768 843 4828 abbr
902 4766 957 4828 Kal
977 4766 1056 4826 πάλιν
1078 4767 1092 4824 ἁ
1112 4696 1264 4845 spriritus,
1289 4760 1388 4841 Κύριε,
1411 4761 1517 4842 εἰρήνην
1542 4762 1586 4831 ib<
1602 4769 1674 4841 ἡμῖν,

129 4858 334 4920 Consolaou‘ni
349 4860 489 4966 populum
507 4879 613 4932 meum,
631 4859 786 4940 loquimini
805 4860 847 4919 ud
903 4856 990 4918 παντα
999 4855 1075 4939 γάρ
1061 4879 1100 4914 απ
1101 4853 1201 4921 δωκας
1210 4857 1286 4931 ἡμιν
1297 4851 1442 4934 ἐμφαίνων,
1451 4853 1493 4912 ὅτι
1506 4857 1534 4914 nl
1547 4853 1675 4934 τιμωρίαι

32 4965 38 4978 ’
127 4972 179 5012 eor
189 4951 354 5010 Jerusalem
357 4955 445 5032 ,quia
455 4954 563 5031 recepit
571 4952 608 5010 de
622 4971 712 5010 manu
723 4953 847 5010 Domini
900 4950 945 5012 καί
953 4946 1108 5015 αίκολασεις
1119 4944 1320 5028 ἁμαρτηματων
1328 4944 1498 5028 σνγχωρησιν
1507 4971 1623 5023 ποιονσι,
1630 4947 1674 5008 καί

129 5043 259 5123 duplicia
287 5055 409 5121 peccata
432 5064 495 5103 suu
508 5041 545 5102 Et
578 5042 675 5102 iterum
697 5043 845 5150 propbeta:
864 5038 1152 5120 Βπολλαχόθεντοῦτό
1165 5040 1221 5096 ἐστι
1236 5038 1345 5154 φανερὸν
1358 5042 1478 5110 ποιῆσαι.
1491 5038 1671 5118 Ἐμολτοίνυν

1 5150 94 5198 ’.εθιεΙ
129 5139 268 5208 Domine,
276 5154 378 5214 pacem
388 5136 428 5193 du
436 5139 529 5208 nobis,
542 5140 642 5196 omnia
654 5139 733 5195 enim
746 5136 848 5194 reddi·
902 5135 972 5194 δοκεῖ
990 5131 1099 5210 μηδὲν
1087 5128 1178 5212 εκείνῳ
1192 5131 1281 5211 περί
1266 5130 1382 5212 αφίσεως
1399 5132 1589 5212 διαλεχθῆναι,
1604 5131 1671 5193 titt

127 5229 199 5290 disti
207 5229 300 5305 nobis,
308 5224 462 5304 significans
472 5225 848 5310 poeuasetsuppliciavcniam
902 5224 1004 5307 πρδςτδ
1014 5222 1108 5302 μέλλον
1117 5223 1193 5283 αὖτδν
1202 5221 1447 5303 depelleremus<
1456 5227 1509 5282 τῶν
1518 5223 1570 5298 ἤδη
1582 5226 1671 5301 πλημ-
