<?xml version="1.0" encoding="UTF-8"?>
<!DOCTYPE html PUBLIC "-//W3C//DTD XHTML 1.0 Transitional//EN"
    "http://www.w3.org/TR/xhtml1/DTD/xhtml1-transitional.dtd">
<html xmlns="http://www.w3.org/1999/xhtml" xml:lang="en" lang="en">
 <head>
  <title>
</title>
<meta http-equiv="Content-Type" content="text/html;charset=utf-8" />
  <meta name='ocr-system' content='tesseract 3.04.00' />
  <meta name='ocr-capabilities' content='ocr_page ocr_carea ocr_par ocr_line ocrx_word'/>
</head>
<body>
  <div class='ocr_page' id='page_1' title='image "./sanctipatrisnos03chrygoog_0581.png"; bbox 0 0 3764 5992; ppageno 0'>
   <div class='ocr_carea' id='block_1_1' title="bbox 61 413 1268 514">
    <p class='ocr_par' dir='ltr' id='par_1_1' title="bbox 61 413 1268 514">
     <span class='ocr_line' id='line_1_1' title="bbox 61 413 1268 514; baseline -0.002 -25"><span class='ocrx_word' id='word_1_1' title='bbox 61 413 130 514; x_wconf 73' lang='lat'>572</span> <span class='ocrx_word' id='word_1_2' title='bbox 385 442 414 488; x_wconf 82' lang='lat' dir='ltr'>S.</span> <span class='ocrx_word' id='word_1_3' title='bbox 442 441 580 491; x_wconf 79' lang='lat' dir='ltr'>totuuts</span> <span class='ocrx_word' id='word_1_4' title='bbox 607 439 790 488; x_wconf 76' lang='lat' dir='ltr'>cuntsosr</span> <span class='ocrx_word' id='word_1_5' title='bbox 814 438 972 489; x_wconf 68' lang='lat' dir='ltr'>aucum?</span> <span class='ocrx_word' id='word_1_6' title='bbox 999 437 1268 487; x_wconf 75' lang='lat' dir='ltr'>cousrtuttuor</span> 
     </span>
    </p>
   </div>
   <div class='ocr_carea' id='block_1_2' title="bbox 0 558 1608 5334">
    <p class='ocr_par' dir='ltr' id='par_1_2' title="bbox 0 558 1608 5334">
     <span class='ocr_line' id='line_1_2' title="bbox 62 558 1603 645; baseline -0.001 -24"><span class='ocrx_word' id='word_1_7' title='bbox 62 561 247 644; x_wconf 76' lang='lat' dir='ltr'>dispositione,</span> <span class='ocrx_word' id='word_1_8' title='bbox 260 586 294 622; x_wconf 82' lang='lat' dir='ltr'>er</span> <span class='ocrx_word' id='word_1_9' title='bbox 308 563 421 625; x_wconf 75' lang='lat' dir='ltr'>diuersis</span> <span class='ocrx_word' id='word_1_10' title='bbox 431 564 485 625; x_wconf 90' lang='lat' dir='ltr'>diei</span> <span class='ocrx_word' id='word_1_11' title='bbox 508 565 644 645; x_wconf 85' lang='lat' dir='ltr'>noctisque</span> <span class='ocrx_word' id='word_1_12' title='bbox 663 585 772 624; x_wconf 88' lang='lat' dir='ltr'>mensu·</span> <span class='ocrx_word' id='word_1_13' title='bbox 825 563 977 625; x_wconf 79' lang='grc' dir='ltr'>δτοσαίτου</span> <span class='ocrx_word' id='word_1_14' title='bbox 994 563 1147 641; x_wconf 87' lang='grc' dir='ltr'>Πνεύματος</span> <span class='ocrx_word' id='word_1_15' title='bbox 1158 560 1318 640; x_wconf 77' lang='grc' dir='ltr'>ἠξιωμένος,</span> <span class='ocrx_word' id='word_1_16' title='bbox 1338 558 1476 621; x_wconf 78' lang='grc' dir='ltr'>ἐπιὼν</span> <span class='ocrx_word' id='word_1_17' title='bbox 1440 584 1492 630; x_wconf 86' lang='grc' dir='ltr'>της</span> <span class='ocrx_word' id='word_1_18' title='bbox 1503 558 1603 629; x_wconf 82' lang='grc' dir='ltr'>κτίσεως</span> 
     </span>
     <span class='ocr_line' id='line_1_3' title="bbox 61 651 1602 735; baseline 0 -24"><span class='ocrx_word' id='word_1_19' title='bbox 61 651 110 733; x_wconf 90' lang='lat' dir='ltr'>ris,</span> <span class='ocrx_word' id='word_1_20' title='bbox 125 675 159 712; x_wconf 84' lang='lat' dir='ltr'>es</span> <span class='ocrx_word' id='word_1_21' title='bbox 173 655 267 714; x_wconf 90' lang='lat' dir='ltr'>morbo</span> <span class='ocrx_word' id='word_1_22' title='bbox 280 669 305 714; x_wconf 89' lang='lat' dir='ltr'>et</span> <span class='ocrx_word' id='word_1_23' title='bbox 319 657 441 733; x_wconf 87' lang='lat' dir='ltr'>sanitate,</span> <span class='ocrx_word' id='word_1_24' title='bbox 463 679 497 717; x_wconf 83' lang='lat' dir='ltr'>ex</span> <span class='ocrx_word' id='word_1_25' title='bbox 511 658 641 717; x_wconf 88' lang='lat' dir='ltr'>membris</span> <span class='ocrx_word' id='word_1_26' title='bbox 662 656 771 732; x_wconf 90' lang='lat' dir='ltr'>nostris,</span> <span class='ocrx_word' id='word_1_27' title='bbox 824 656 856 715; x_wconf 81' lang='grc' dir='ltr'>τὸ</span> <span class='ocrx_word' id='word_1_28' title='bbox 870 679 967 735; x_wconf 88' lang='grc' dir='ltr'>σωμα,</span> <span class='ocrx_word' id='word_1_29' title='bbox 988 655 1035 715; x_wconf 84' lang='grc' dir='ltr'>καί</span> <span class='ocrx_word' id='word_1_30' title='bbox 1048 654 1156 733; x_wconf 87' lang='grc' dir='ltr'>δλίγα</span> <span class='ocrx_word' id='word_1_31' title='bbox 1138 677 1207 713; x_wconf 91' lang='grc' dir='ltr'>αττα</span> <span class='ocrx_word' id='word_1_32' title='bbox 1230 651 1385 725; x_wconf 79' lang='grc' dir='ltr'>διεξελθὼν,</span> <span class='ocrx_word' id='word_1_33' title='bbox 1404 651 1538 723; x_wconf 75' lang='grc' dir='ltr'>ἀνεδόησε</span> <span class='ocrx_word' id='word_1_34' title='bbox 1552 668 1602 728; x_wconf 82' lang='grc' dir='ltr'>μετ’</span> 
     </span>
     <span class='ocr_line' id='line_1_4' title="bbox 59 741 1603 858; baseline -0.001 -55"><span class='ocrx_word' id='word_1_35' title='bbox 59 763 94 803; x_wconf 84' lang='lat' dir='ltr'>ex</span> <span class='ocrx_word' id='word_1_36' title='bbox 107 745 294 806; x_wconf 77' lang='lat' dir='ltr'>constitutione</span> <span class='ocrx_word' id='word_1_37' title='bbox 303 768 408 825; x_wconf 71' lang='lat' dir='ltr'>ammae,</span> <span class='ocrx_word' id='word_1_38' title='bbox 422 771 457 808; x_wconf 85' lang='lat' dir='ltr'>ex</span> <span class='ocrx_word' id='word_1_39' title='bbox 471 749 584 826; x_wconf 82' lang='lat' dir='ltr'>artssuu,</span> <span class='ocrx_word' id='word_1_40' title='bbox 599 770 634 808; x_wconf 84' lang='lat' dir='ltr'>ex</span> <span class='ocrx_word' id='word_1_41' title='bbox 644 761 773 830; x_wconf 87' lang='lat' dir='ltr'>saptentra</span> <span class='ocrx_word' id='word_1_42' title='bbox 824 746 975 819; x_wconf 82' lang='grc' dir='ltr'>έκπλὴζεως</span> <span class='ocrx_word' id='word_1_43' title='bbox 988 747 1089 816; x_wconf 82' lang='grc' dir='ltr'>πολλῆς</span> <span class='ocrx_word' id='word_1_44' title='bbox 1114 745 1163 818; x_wconf 78' lang='grc' dir='ltr'>πὴν</span> <span class='ocrx_word' id='word_1_45' title='bbox 1185 743 1340 825; x_wconf 76' lang='grc' dir='ltr'>θαυμασίαν</span> <span class='ocrx_word' id='word_1_46' title='bbox 1370 741 1483 858; x_wconf 79' lang='grc' dir='ltr'>έκείγην</span> <span class='ocrx_word' id='word_1_47' title='bbox 1508 745 1603 823; x_wconf 76' lang='grc' dir='ltr'>φανὴν·</span> 
     </span>
     <span class='ocr_line' id='line_1_5' title="bbox 60 834 1603 921; baseline 0 -26"><span class='ocrx_word' id='word_1_48' title='bbox 60 855 141 914; x_wconf 89' lang='lat' dir='ltr'>qoam</span> <span class='ocrx_word' id='word_1_49' title='bbox 156 837 249 897; x_wconf 90' lang='lat' dir='ltr'>Deus</span> <span class='ocrx_word' id='word_1_50' title='bbox 242 859 269 897; x_wconf 84' lang='lat' dir='ltr'>tn</span> <span class='ocrx_word' id='word_1_51' title='bbox 283 837 339 897; x_wconf 88' lang='lat' dir='ltr'>illis</span> <span class='ocrx_word' id='word_1_52' title='bbox 353 840 442 920; x_wconf 77' lang='lat' dir='ltr'>generi</span> <span class='ocrx_word' id='word_1_53' title='bbox 462 841 581 900; x_wconf 85' lang='lat' dir='ltr'>hnmano</span> <span class='ocrx_word' id='word_1_54' title='bbox 594 839 708 921; x_wconf 79' lang='lat' dir='ltr'>largitus</span> <span class='ocrx_word' id='word_1_55' title='bbox 721 852 775 914; x_wconf 85' lang='lat' dir='ltr'>est,</span> <span class='ocrx_word' id='word_1_56' title='bbox 825 835 876 905; x_wconf 85' lang='grc' dir='ltr'>ίλς</span> <span class='ocrx_word' id='word_1_57' title='bbox 889 835 1053 917; x_wconf 84' lang='grc' dir='ltr'>έμεγαλύνθη</span> <span class='ocrx_word' id='word_1_58' title='bbox 1066 836 1101 896; x_wconf 78' lang='grc' dir='ltr'>τὰ</span> <span class='ocrx_word' id='word_1_59' title='bbox 1114 836 1179 918; x_wconf 81' lang='grc' dir='ltr'>ἔργα</span> <span class='ocrx_word' id='word_1_60' title='bbox 1196 858 1260 911; x_wconf 87' lang='grc' dir='ltr'>σου,</span> <span class='ocrx_word' id='word_1_61' title='bbox 1283 836 1386 915; x_wconf 84' lang='grc' dir='ltr'>Κύριε</span> <span class='ocrx_word' id='word_1_62' title='bbox 1401 834 1498 894; x_wconf 90' lang='grc' dir='ltr'>πάντα</span> <span class='ocrx_word' id='word_1_63' title='bbox 1519 837 1546 893; x_wconf 85' lang='grc' dir='ltr'>έν</span> <span class='ocrx_word' id='word_1_64' title='bbox 1565 859 1603 895; x_wconf 65' lang='grc' dir='ltr'>σο»</span> 
     </span>
     <span class='ocr_line' id='line_1_6' title="bbox 59 926 1603 1015; baseline 0 -29"><span class='ocrx_word' id='word_1_65' title='bbox 59 947 93 986; x_wconf 77' lang='grc' dir='ltr'>ει</span> <span class='ocrx_word' id='word_1_66' title='bbox 107 927 221 988; x_wconf 85' lang='lat' dir='ltr'>utilitate</span> <span class='ocrx_word' id='word_1_67' title='bbox 230 929 381 1006; x_wconf 89' lang='lat' dir='ltr'>brutorum,</span> <span class='ocrx_word' id='word_1_68' title='bbox 389 931 552 1012; x_wconf 88' lang='lat' dir='ltr'>plantarum,</span> <span class='ocrx_word' id='word_1_69' title='bbox 560 945 772 1009; x_wconf 73' lang='lat' dir='ltr'>caeterarumque</span> <span class='ocrx_word' id='word_1_70' title='bbox 780 929 873 1015; x_wconf 59' lang='grc' dir='ltr'>,ωφίρ</span> <span class='ocrx_word' id='word_1_71' title='bbox 889 930 1025 1002; x_wconf 83' lang='grc' dir='ltr'>ίποίησας.</span> <span class='ocrx_word' id='word_1_72' title='bbox 1041 930 1095 989; x_wconf 83' lang='grc' dir='ltr'>Καί</span> <span class='ocrx_word' id='word_1_73' title='bbox 1118 935 1201 989; x_wconf 79' lang='grc' dir='ltr'>ταῦτα</span> <span class='ocrx_word' id='word_1_74' title='bbox 1214 928 1319 1002; x_wconf 86' lang='grc' dir='ltr'>πάντα,</span> <span class='ocrx_word' id='word_1_75' title='bbox 1341 926 1493 1009; x_wconf 73' lang='grc' dir='ltr'>ἄνθρωπε,</span> <span class='ocrx_word' id='word_1_76' title='bbox 1515 926 1559 986; x_wconf 80' lang='grc' dir='ltr'>διδ</span> <span class='ocrx_word' id='word_1_77' title='bbox 1571 929 1603 988; x_wconf 76' lang='lat' dir='ltr'>ri.</span> 
     </span>
     <span class='ocr_line' id='line_1_7' title="bbox 59 1018 1604 1103; baseline -0.001 -23"><span class='ocrx_word' id='word_1_78' title='bbox 59 1034 241 1101; x_wconf 80' lang='lat' dir='ltr'>creaturarum</span> <span class='ocrx_word' id='word_1_79' title='bbox 260 1042 320 1100; x_wconf 75' lang='lat' dir='ltr'>qua</span> <span class='ocrx_word' id='word_1_80' title='bbox 335 1021 412 1082; x_wconf 86' lang='lat' dir='ltr'>nobis</span> <span class='ocrx_word' id='word_1_81' title='bbox 425 1023 584 1095; x_wconf 78' lang='lat' dir='ltr'>inserviunt,</span> <span class='ocrx_word' id='word_1_82' title='bbox 603 1043 638 1082; x_wconf 86' lang='lat' dir='ltr'>ex</span> <span class='ocrx_word' id='word_1_83' title='bbox 652 1021 772 1081; x_wconf 87' lang='lat' dir='ltr'>minimis</span> <span class='ocrx_word' id='word_1_84' title='bbox 788 1030 808 1076; x_wconf 80' lang='lat' dir='ltr'>A</span> <span class='ocrx_word' id='word_1_85' title='bbox 825 1022 879 1083; x_wconf 80' lang='grc' dir='ltr'>Καὶ</span> <span class='ocrx_word' id='word_1_86' title='bbox 891 1020 942 1103; x_wconf 83' lang='grc' dir='ltr'>γάρ</span> <span class='ocrx_word' id='word_1_87' title='bbox 954 1023 999 1082; x_wconf 81' lang='grc' dir='ltr'>καί</span> <span class='ocrx_word' id='word_1_88' title='bbox 1019 1021 1112 1099; x_wconf 85' lang='grc' dir='ltr'>ἀνεμοι</span> <span class='ocrx_word' id='word_1_89' title='bbox 1137 1021 1180 1078; x_wconf 79' lang='grc' dir='ltr'>διὰ</span> <span class='ocrx_word' id='word_1_90' title='bbox 1194 1018 1224 1080; x_wconf 84' lang='grc' dir='ltr'>σέ</span> <span class='ocrx_word' id='word_1_91' title='bbox 1236 1020 1299 1099; x_wconf 72' lang='grc' dir='ltr'>(ἐπὶ</span> <span class='ocrx_word' id='word_1_92' title='bbox 1311 1019 1368 1100; x_wconf 78' lang='grc' dir='ltr'>γὰρ</span> <span class='ocrx_word' id='word_1_93' title='bbox 1390 1018 1456 1091; x_wconf 66' lang='grc' dir='ltr'>ιὴν,</span> <span class='ocrx_word' id='word_1_94' title='bbox 1470 1018 1557 1098; x_wconf 88' lang='grc' dir='ltr'>ἀρχὴν</span> <span class='ocrx_word' id='word_1_95' title='bbox 1567 1020 1604 1078; x_wconf 79' lang='grc' dir='ltr'>τὸν</span> 
     </span>
     <span class='ocr_line' id='line_1_8' title="bbox 58 1110 1604 1192; baseline 0 -22"><span class='ocrx_word' id='word_1_96' title='bbox 58 1125 85 1172; x_wconf 86' lang='lat' dir='ltr'>et</span> <span class='ocrx_word' id='word_1_97' title='bbox 98 1110 236 1173; x_wconf 81' lang='lat' dir='ltr'>vilissimis</span> <span class='ocrx_word' id='word_1_98' title='bbox 249 1113 423 1173; x_wconf 78' lang='lat' dir='ltr'>animalibus.</span> <span class='ocrx_word' id='word_1_99' title='bbox 435 1114 509 1190; x_wconf 88' lang='lat' dir='ltr'>Quid</span> <span class='ocrx_word' id='word_1_100' title='bbox 516 1115 588 1175; x_wconf 89' lang='lat' dir='ltr'>enim</span> <span class='ocrx_word' id='word_1_101' title='bbox 595 1113 715 1190; x_wconf 81' lang='lat' dir='ltr'>brevius,</span> <span class='ocrx_word' id='word_1_102' title='bbox 723 1127 771 1173; x_wconf 91' lang='lat' dir='ltr'>aut</span> <span class='ocrx_word' id='word_1_103' title='bbox 822 1111 901 1192; x_wconf 81' lang='grc' dir='ltr'>λέγον</span> <span class='ocrx_word' id='word_1_104' title='bbox 915 1111 1076 1191; x_wconf 80' lang='grc' dir='ltr'>έπανιέζομεν</span> <span class='ocrx_word' id='word_1_105' title='bbox 1086 1110 1191 1190; x_wconf 86' lang='grc' dir='ltr'>πάλιν),</span> <span class='ocrx_word' id='word_1_106' title='bbox 1201 1110 1245 1171; x_wconf 85' lang='grc' dir='ltr'>ίνα</span> <span class='ocrx_word' id='word_1_107' title='bbox 1256 1111 1291 1170; x_wconf 79' lang='grc' dir='ltr'>τά</span> <span class='ocrx_word' id='word_1_108' title='bbox 1302 1110 1426 1190; x_wconf 83' lang='grc' dir='ltr'>σώματα</span> <span class='ocrx_word' id='word_1_109' title='bbox 1440 1112 1604 1183; x_wconf 75' lang='grc' dir='ltr'>πεπονηκότα</span> 
     </span>
     <span class='ocr_line' id='line_1_9' title="bbox 57 1202 1605 1288; baseline -0.001 -24"><span class='ocrx_word' id='word_1_110' title='bbox 57 1202 206 1264; x_wconf 72' lang='lat' dir='ltr'>deformius</span> <span class='ocrx_word' id='word_1_111' title='bbox 217 1206 285 1286; x_wconf 75' lang='lat' dir='ltr'>ape?</span> <span class='ocrx_word' id='word_1_112' title='bbox 312 1205 378 1284; x_wconf 90' lang='lat' dir='ltr'>quid</span> <span class='ocrx_word' id='word_1_113' title='bbox 399 1229 479 1288; x_wconf 78' lang='lat' dir='ltr'>porro</span> <span class='ocrx_word' id='word_1_114' title='bbox 498 1207 619 1267; x_wconf 82' lang='lat' dir='ltr'>formicis</span> <span class='ocrx_word' id='word_1_115' title='bbox 631 1220 657 1266; x_wconf 88' lang='lat' dir='ltr'>et</span> <span class='ocrx_word' id='word_1_116' title='bbox 669 1205 771 1266; x_wconf 81' lang='lat' dir='ltr'>cicadis</span> <span class='ocrx_word' id='word_1_117' title='bbox 823 1205 970 1284; x_wconf 77' lang='grc' dir='ltr'>ῥιπίζωσιν,</span> <span class='ocrx_word' id='word_1_118' title='bbox 989 1204 1034 1264; x_wconf 83' lang='grc' dir='ltr'>ίνα</span> <span class='ocrx_word' id='word_1_119' title='bbox 1050 1204 1094 1264; x_wconf 90' lang='grc' dir='ltr'>τδν</span> <span class='ocrx_word' id='word_1_120' title='bbox 1109 1204 1163 1264; x_wconf 79' lang='grc' dir='ltr'>ἀπὸ</span> <span class='ocrx_word' id='word_1_121' title='bbox 1178 1211 1224 1264; x_wconf 77' lang='grc' dir='ltr'>τοῦ</span> <span class='ocrx_word' id='word_1_122' title='bbox 1238 1202 1371 1284; x_wconf 82' lang='grc' dir='ltr'>βορύάρου</span> <span class='ocrx_word' id='word_1_123' title='bbox 1393 1203 1549 1281; x_wconf 77' lang='grc' dir='ltr'>μολυσμὸν,</span> <span class='ocrx_word' id='word_1_124' title='bbox 1566 1204 1605 1262; x_wconf 77' lang='grc' dir='ltr'>καί</span> 
     </span>
     <span class='ocr_line' id='line_1_10' title="bbox 57 1295 1605 1380; baseline -0.002 -24"><span class='ocrx_word' id='word_1_125' title='bbox 57 1295 157 1359; x_wconf 76' lang='lat' dir='ltr'>uilior?</span> <span class='ocrx_word' id='word_1_126' title='bbox 172 1300 363 1360; x_wconf 75' lang='lat' dir='ltr'>Verumtamen</span> <span class='ocrx_word' id='word_1_127' title='bbox 376 1300 551 1379; x_wconf 74' lang='lat' dir='ltr'>hacquoque</span> <span class='ocrx_word' id='word_1_128' title='bbox 562 1300 664 1361; x_wconf 89' lang='lat' dir='ltr'>claram</span> <span class='ocrx_word' id='word_1_129' title='bbox 676 1319 772 1362; x_wconf 81' lang='lat' dir='ltr'>vocem</span> <span class='ocrx_word' id='word_1_130' title='bbox 822 1296 872 1370; x_wconf 86' lang='grc' dir='ltr'>τὴν</span> <span class='ocrx_word' id='word_1_131' title='bbox 885 1295 1028 1380; x_wconf 85' lang='grc' dir='ltr'>γινομένην</span> <span class='ocrx_word' id='word_1_132' title='bbox 1041 1295 1177 1377; x_wconf 84' lang='grc' dir='ltr'>βαρύτητα</span> <span class='ocrx_word' id='word_1_133' title='bbox 1191 1296 1303 1356; x_wconf 79' lang='grc' dir='ltr'>ἀπὸτοῦ</span> <span class='ocrx_word' id='word_1_134' title='bbox 1315 1300 1426 1355; x_wconf 80' lang='grc' dir='ltr'>καπνοῦ</span> <span class='ocrx_word' id='word_1_135' title='bbox 1442 1295 1554 1356; x_wconf 76' lang='grc' dir='ltr'>καὶτῶν</span> <span class='ocrx_word' id='word_1_136' title='bbox 1566 1320 1605 1354; x_wconf 75' lang='grc' dir='ltr'>κι-</span> 
     </span>
     <span class='ocr_line' id='line_1_11' title="bbox 58 1387 1604 1472; baseline 0 -24"><span class='ocrx_word' id='word_1_137' title='bbox 58 1388 194 1462; x_wconf 83' lang='lat' dir='ltr'>ernittunt,</span> <span class='ocrx_word' id='word_1_138' title='bbox 211 1411 264 1469; x_wconf 85' lang='lat' dir='ltr'>qua</span> <span class='ocrx_word' id='word_1_139' title='bbox 281 1390 331 1454; x_wconf 84' lang='lat' dir='ltr'>Dei</span> <span class='ocrx_word' id='word_1_140' title='bbox 345 1391 552 1472; x_wconf 81' lang='lat' dir='ltr'>providentiam,</span> <span class='ocrx_word' id='word_1_141' title='bbox 567 1391 707 1468; x_wconf 85' lang='lat' dir='ltr'>virtutem,</span> <span class='ocrx_word' id='word_1_142' title='bbox 725 1395 770 1450; x_wconf 87' lang='lat' dir='ltr'>sa-</span> <span class='ocrx_word' id='word_1_143' title='bbox 823 1389 906 1467; x_wconf 91' lang='grc' dir='ltr'>μίνων</span> <span class='ocrx_word' id='word_1_144' title='bbox 920 1388 966 1449; x_wconf 85' lang='grc' dir='ltr'>καί</span> <span class='ocrx_word' id='word_1_145' title='bbox 980 1387 1077 1470; x_wconf 86' lang='grc' dir='ltr'>ίτέρων</span> <span class='ocrx_word' id='word_1_146' title='bbox 1100 1387 1301 1467; x_wconf 77' lang='grc' dir='ltr'>ἀναθυμιάσεως</span> <span class='ocrx_word' id='word_1_147' title='bbox 1323 1388 1554 1471; x_wconf 85' lang='grc' dir='ltr'>διακαθαίρωσιν,</span> <span class='ocrx_word' id='word_1_148' title='bbox 1568 1390 1604 1448; x_wconf 84' lang='grc' dir='ltr'>ίνε</span> 
     </span>
     <span class='ocr_line' id='line_1_12' title="bbox 58 1478 1605 1563; baseline -0.001 -23"><span class='ocrx_word' id='word_1_149' title='bbox 58 1478 240 1560; x_wconf 83' lang='lat' dir='ltr'>pientiamque</span> <span class='ocrx_word' id='word_1_150' title='bbox 257 1494 393 1541; x_wconf 83' lang='lat' dir='ltr'>testentur.</span> <span class='ocrx_word' id='word_1_151' title='bbox 411 1482 501 1554; x_wconf 89' lang='lat' dir='ltr'>Quam</span> <span class='ocrx_word' id='word_1_152' title='bbox 513 1482 550 1542; x_wconf 91' lang='lat' dir='ltr'>ob</span> <span class='ocrx_word' id='word_1_153' title='bbox 565 1503 674 1542; x_wconf 90' lang='lat' dir='ltr'>eausam</span> <span class='ocrx_word' id='word_1_154' title='bbox 689 1481 771 1540; x_wconf 89' lang='lat' dir='ltr'>etiam</span> <span class='ocrx_word' id='word_1_155' title='bbox 823 1480 872 1554; x_wconf 85' lang='grc' dir='ltr'>τὴν</span> <span class='ocrx_word' id='word_1_156' title='bbox 886 1483 917 1542; x_wconf 77' lang='lat' dir='ltr'>fx</span> <span class='ocrx_word' id='word_1_157' title='bbox 942 1486 990 1554; x_wconf 79' lang='grc' dir='ltr'>τῆς</span> <span class='ocrx_word' id='word_1_158' title='bbox 1015 1485 1120 1550; x_wconf 79' lang='grc' dir='ltr'>ἀκτῖνος</span> <span class='ocrx_word' id='word_1_159' title='bbox 1142 1480 1293 1562; x_wconf 75' lang='grc' dir='ltr'>θερμότητα</span> <span class='ocrx_word' id='word_1_160' title='bbox 1315 1480 1605 1563; x_wconf 77' lang='grc' dir='ltr'>παραμυθῶνται,ίνα</span> 
     </span>
     <span class='ocr_line' id='line_1_13' title="bbox 58 1570 1605 1656; baseline 0.003 -28"><span class='ocrx_word' id='word_1_161' title='bbox 58 1570 250 1651; x_wconf 82' lang='lat' dir='ltr'>propheta,qui</span> <span class='ocrx_word' id='word_1_162' title='bbox 258 1571 564 1652; x_wconf 84' lang='lat' dir='ltr'>tantoSpiritudonatus</span> <span class='ocrx_word' id='word_1_163' title='bbox 570 1586 637 1647; x_wconf 88' lang='lat' dir='ltr'>erat,</span> <span class='ocrx_word' id='word_1_164' title='bbox 645 1585 771 1632; x_wconf 83' lang='lat' dir='ltr'>creaturae</span> <span class='ocrx_word' id='word_1_165' title='bbox 823 1580 918 1656; x_wconf 80' lang='grc' dir='ltr'>κοῦφον</span> <span class='ocrx_word' id='word_1_166' title='bbox 928 1577 1027 1635; x_wconf 82' lang='grc' dir='ltr'>ποιῶσι</span> <span class='ocrx_word' id='word_1_167' title='bbox 1042 1575 1073 1636; x_wconf 86' lang='grc' dir='ltr'>τδ</span> <span class='ocrx_word' id='word_1_168' title='bbox 1086 1584 1193 1653; x_wconf 83' lang='grc' dir='ltr'>πνῖγος,</span> <span class='ocrx_word' id='word_1_169' title='bbox 1203 1572 1247 1633; x_wconf 79' lang='grc' dir='ltr'>ἵνα</span> <span class='ocrx_word' id='word_1_170' title='bbox 1258 1572 1294 1634; x_wconf 84' lang='grc' dir='ltr'>τά</span> <span class='ocrx_word' id='word_1_171' title='bbox 1307 1573 1462 1654; x_wconf 80' lang='grc' dir='ltr'>σπέρματα</span> <span class='ocrx_word' id='word_1_172' title='bbox 1473 1573 1605 1654; x_wconf 72' lang='grc' dir='ltr'>τρέφωσιν,</span> 
     </span>
     <span class='ocr_line' id='line_1_14' title="bbox 58 1663 1602 1749; baseline 0.003 -29"><span class='ocrx_word' id='word_1_173' title='bbox 58 1681 329 1743; x_wconf 87' lang='lat' dir='ltr'>oorpuspercurrens,</span> <span class='ocrx_word' id='word_1_174' title='bbox 339 1677 434 1723; x_wconf 89' lang='lat' dir='ltr'>etcum</span> <span class='ocrx_word' id='word_1_175' title='bbox 443 1685 529 1746; x_wconf 85' lang='lat' dir='ltr'>pauca</span> <span class='ocrx_word' id='word_1_176' title='bbox 537 1663 772 1744; x_wconf 77' lang='lat' dir='ltr'>quaedamattigis·</span> <span class='ocrx_word' id='word_1_177' title='bbox 824 1666 867 1725; x_wconf 86' lang='grc' dir='ltr'>ίνα</span> <span class='ocrx_word' id='word_1_178' title='bbox 884 1666 918 1727; x_wconf 77' lang='lat' dir='ltr'>el</span> <span class='ocrx_word' id='word_1_179' title='bbox 938 1665 1007 1749; x_wconf 85' lang='grc' dir='ltr'>φυτά</span> <span class='ocrx_word' id='word_1_180' title='bbox 1020 1666 1143 1740; x_wconf 79' lang='grc' dir='ltr'>αύζωσιν,</span> <span class='ocrx_word' id='word_1_181' title='bbox 1161 1665 1204 1726; x_wconf 84' lang='grc' dir='ltr'>ίνα</span> <span class='ocrx_word' id='word_1_182' title='bbox 1220 1688 1262 1725; x_wconf 86' lang='grc' dir='ltr'>σοι</span> <span class='ocrx_word' id='word_1_183' title='bbox 1275 1665 1323 1725; x_wconf 86' lang='grc' dir='ltr'>καί</span> <span class='ocrx_word' id='word_1_184' title='bbox 1343 1667 1374 1724; x_wconf 84' lang='grc' dir='ltr'>έν</span> <span class='ocrx_word' id='word_1_185' title='bbox 1387 1666 1517 1746; x_wconf 75' lang='grc' dir='ltr'>θαλάσσῃ</span> <span class='ocrx_word' id='word_1_186' title='bbox 1533 1688 1602 1725; x_wconf 86' lang='grc' dir='ltr'>συνο-</span> 
     </span>
     <span class='ocr_line' id='line_1_15' title="bbox 58 1755 1604 1841; baseline 0.001 -29"><span class='ocrx_word' id='word_1_187' title='bbox 58 1766 107 1828; x_wconf 76' lang='grc' dir='ltr'>εεε,</span> <span class='ocrx_word' id='word_1_188' title='bbox 119 1774 216 1834; x_wconf 78' lang='lat' dir='ltr'>magno</span> <span class='ocrx_word' id='word_1_189' title='bbox 230 1775 292 1815; x_wconf 89' lang='lat' dir='ltr'>cum</span> <span class='ocrx_word' id='word_1_190' title='bbox 306 1768 416 1837; x_wconf 84' lang='lat' dir='ltr'>stupore</span> <span class='ocrx_word' id='word_1_191' title='bbox 434 1755 606 1831; x_wconf 84' lang='lat' dir='ltr'>exclamavit,</span> <span class='ocrx_word' id='word_1_192' title='bbox 619 1769 646 1815; x_wconf 90' lang='lat' dir='ltr'>et</span> <span class='ocrx_word' id='word_1_193' title='bbox 661 1755 773 1815; x_wconf 87' lang='lat' dir='ltr'>mirabi·</span> <span class='ocrx_word' id='word_1_194' title='bbox 824 1759 982 1841; x_wconf 80' lang='grc' dir='ltr'>δοιπορῶιιι,</span> <span class='ocrx_word' id='word_1_195' title='bbox 996 1758 1041 1817; x_wconf 86' lang='grc' dir='ltr'>καὶ</span> <span class='ocrx_word' id='word_1_196' title='bbox 1054 1761 1083 1817; x_wconf 87' lang='grc' dir='ltr'>ίν</span> <span class='ocrx_word' id='word_1_197' title='bbox 1097 1763 1132 1839; x_wconf 72' lang='grc' dir='ltr'>γῇ</span> <span class='ocrx_word' id='word_1_198' title='bbox 1143 1761 1191 1831; x_wconf 82' lang='grc' dir='ltr'>τῆς</span> <span class='ocrx_word' id='word_1_199' title='bbox 1203 1755 1334 1839; x_wconf 75' lang='grc' dir='ltr'>γεωργίας</span> <span class='ocrx_word' id='word_1_200' title='bbox 1348 1755 1491 1839; x_wconf 78' lang='grc' dir='ltr'>ὑπηρέται</span> <span class='ocrx_word' id='word_1_201' title='bbox 1511 1755 1604 1835; x_wconf 85' lang='grc' dir='ltr'>γένων-</span> 
     </span>
     <span class='ocr_line' id='line_1_16' title="bbox 9 1843 1604 1934; baseline 0.003 -31"><span class='ocrx_word' id='word_1_202' title='bbox 9 1843 112 1904; x_wconf 67' lang='lat' dir='ltr'>osleni</span> <span class='ocrx_word' id='word_1_203' title='bbox 133 1844 208 1906; x_wconf 89' lang='lat' dir='ltr'>illam</span> <span class='ocrx_word' id='word_1_204' title='bbox 230 1869 324 1908; x_wconf 86' lang='lat' dir='ltr'>vocem</span> <span class='ocrx_word' id='word_1_205' title='bbox 347 1848 442 1907; x_wconf 87' lang='lat' dir='ltr'>misit:</span> <span class='ocrx_word' id='word_1_206' title='bbox 463 1851 557 1927; x_wconf 80' lang='lat' dir='ltr'>Quem</span> <span class='ocrx_word' id='word_1_207' title='bbox 579 1849 773 1934; x_wconf 69' lang='lat' dir='ltr'>magnificata</span> <span class='ocrx_word' id='word_1_208' title='bbox 823 1854 937 1924; x_wconf 77' lang='grc' dir='ltr'>ται,θκιῖ</span> <span class='ocrx_word' id='word_1_209' title='bbox 945 1849 992 1928; x_wconf 83' lang='grc' dir='ltr'>μέν</span> <span class='ocrx_word' id='word_1_210' title='bbox 1004 1847 1356 1929; x_wconf 79' lang='grc' dir='ltr'>βέλουςθζύτεροντάπλοῖα</span> <span class='ocrx_word' id='word_1_211' title='bbox 1364 1847 1604 1930; x_wconf 82' lang='grc' dir='ltr'>παραπέμποντες,</span> 
     </span>
     <span class='ocr_line' id='line_1_17' title="bbox 59 1939 1603 2022; baseline 0.002 -26"><span class='ocrx_word' id='word_1_212' title='bbox 59 1950 126 1996; x_wconf 80' lang='lat' dir='ltr'>stent</span> <span class='ocrx_word' id='word_1_213' title='bbox 140 1953 303 2019; x_wconf 83' lang='lat' dir='ltr'>operatua,</span> <span class='ocrx_word' id='word_1_214' title='bbox 318 1939 465 2000; x_wconf 80' lang='lat' dir='ltr'>Domine!</span> <span class='ocrx_word' id='word_1_215' title='bbox 476 1941 576 1999; x_wconf 85' lang='lat' dir='ltr'>omnia</span> <span class='ocrx_word' id='word_1_216' title='bbox 585 1943 617 1998; x_wconf 86' lang='lat' dir='ltr'>in</span> <span class='ocrx_word' id='word_1_217' title='bbox 625 1943 772 2021; x_wconf 82' lang='lat' dir='ltr'>sapientia</span> <span class='ocrx_word' id='word_1_218' title='bbox 823 1941 892 2002; x_wconf 72' lang='lat' dir='ltr'>odeo&gt;</span> <span class='ocrx_word' id='word_1_219' title='bbox 908 1943 954 2003; x_wconf 88' lang='grc' dir='ltr'>τδν</span> <span class='ocrx_word' id='word_1_220' title='bbox 966 1943 1050 2002; x_wconf 82' lang='grc' dir='ltr'>πλοῦν</span> <span class='ocrx_word' id='word_1_221' title='bbox 1062 1949 1156 2022; x_wconf 82' lang='grc' dir='ltr'>κοῦρον</span> <span class='ocrx_word' id='word_1_222' title='bbox 1167 1941 1213 2000; x_wconf 80' lang='grc' dir='ltr'>καί</span> <span class='ocrx_word' id='word_1_223' title='bbox 1224 1943 1328 2020; x_wconf 80' lang='grc' dir='ltr'>εύμαρῆ</span> <span class='ocrx_word' id='word_1_224' title='bbox 1345 1940 1603 2009; x_wconf 66' lang='grc' dir='ltr'>κατασκευάζοντες,</span> 
     </span>
     <span class='ocr_line' id='line_1_18' title="bbox 55 2029 1605 2114; baseline 0.001 -26"><span class='ocrx_word' id='word_1_225' title='bbox 55 2030 163 2109; x_wconf 81' lang='lat' dir='ltr'>fecisti.</span> <span class='ocrx_word' id='word_1_226' title='bbox 182 2033 267 2111; x_wconf 78' lang='lat' dir='ltr'>Atque</span> <span class='ocrx_word' id='word_1_227' title='bbox 281 2032 340 2091; x_wconf 84' lang='lat' dir='ltr'>haec</span> <span class='ocrx_word' id='word_1_228' title='bbox 357 2031 447 2092; x_wconf 90' lang='lat' dir='ltr'>omnia</span> <span class='ocrx_word' id='word_1_229' title='bbox 466 2044 577 2114; x_wconf 87' lang='lat' dir='ltr'>propter</span> <span class='ocrx_word' id='word_1_230' title='bbox 591 2046 627 2105; x_wconf 89' lang='lat' dir='ltr'>te,</span> <span class='ocrx_word' id='word_1_231' title='bbox 649 2032 769 2092; x_wconf 85' lang='lat' dir='ltr'>obonro.</span> <span class='ocrx_word' id='word_1_232' title='bbox 788 2035 934 2095; x_wconf 82' lang='grc' dir='ltr'>Βένταυθα</span> <span class='ocrx_word' id='word_1_233' title='bbox 946 2035 974 2094; x_wconf 80' lang='grc' dir='ltr'>δέ</span> <span class='ocrx_word' id='word_1_234' title='bbox 988 2032 1056 2112; x_wconf 76' lang='grc' dir='ltr'>μετὰ</span> <span class='ocrx_word' id='word_1_235' title='bbox 1066 2055 1113 2094; x_wconf 89' lang='grc' dir='ltr'>σου</span> <span class='ocrx_word' id='word_1_236' title='bbox 1096 2031 1173 2101; x_wconf 82' lang='grc' dir='ltr'>τάς</span> <span class='ocrx_word' id='word_1_237' title='bbox 1187 2032 1291 2100; x_wconf 82' lang='grc' dir='ltr'>άλωνας</span> <span class='ocrx_word' id='word_1_238' title='bbox 1307 2029 1555 2111; x_wconf 73' lang='grc' dir='ltr'>ἀνακαθαίροντος,</span> <span class='ocrx_word' id='word_1_239' title='bbox 1565 2032 1605 2089; x_wconf 81' lang='grc' dir='ltr'>καί</span> 
     </span>
     <span class='ocr_line' id='line_1_19' title="bbox 4 2121 1603 2217; baseline 0.002 -37"><span class='ocrx_word' id='word_1_240' title='bbox 4 2146 21 2180; x_wconf 73' lang='grc' dir='ltr'>,ι</span> <span class='ocrx_word' id='word_1_241' title='bbox 14 2121 128 2185; x_wconf 89' lang='lat' dir='ltr'>Nam</span> <span class='ocrx_word' id='word_1_242' title='bbox 142 2136 167 2182; x_wconf 90' lang='lat' dir='ltr'>et</span> <span class='ocrx_word' id='word_1_243' title='bbox 186 2137 261 2184; x_wconf 80' lang='lat' dir='ltr'>renti</span> <span class='ocrx_word' id='word_1_244' title='bbox 276 2138 385 2206; x_wconf 86' lang='lat' dir='ltr'>propter</span> <span class='ocrx_word' id='word_1_245' title='bbox 398 2129 542 2199; x_wconf 87' lang='lat' dir='ltr'>te(rursus</span> <span class='ocrx_word' id='word_1_246' title='bbox 555 2146 628 2186; x_wconf 88' lang='lat' dir='ltr'>enrm</span> <span class='ocrx_word' id='word_1_247' title='bbox 647 2124 683 2184; x_wconf 90' lang='lat' dir='ltr'>ad</span> <span class='ocrx_word' id='word_1_248' title='bbox 695 2145 771 2206; x_wconf 88' lang='lat' dir='ltr'>prm</span> <span class='ocrx_word' id='word_1_249' title='bbox 822 2124 888 2186; x_wconf 80' lang='grc' dir='ltr'>τδ</span> <span class='ocrx_word' id='word_1_250' title='bbox 871 2131 1133 2217; x_wconf 86' lang='grc' dir='ltr'>αχυρατουκαρπου</span> <span class='ocrx_word' id='word_1_251' title='bbox 1153 2123 1281 2206; x_wconf 79' lang='grc' dir='ltr'>διαχωρίζ</span> <span class='ocrx_word' id='word_1_252' title='bbox 1281 2145 1373 2196; x_wconf 87' lang='grc' dir='ltr'>οντες,</span> <span class='ocrx_word' id='word_1_253' title='bbox 1385 2145 1437 2182; x_wconf 83' lang='grc' dir='ltr'>και</span> <span class='ocrx_word' id='word_1_254' title='bbox 1424 2121 1603 2196; x_wconf 80' lang='grc' dir='ltr'>τὴνίκτης</span> 
     </span>
     <span class='ocr_line' id='line_1_20' title="bbox 1 2203 1603 2311; baseline -0.001 -35.926"><span class='ocrx_word' id='word_1_255' title='bbox 1 2203 159 2311; x_wconf 86' lang='lat' dir='ltr'>crptum</span> <span class='ocrx_word' id='word_1_256' title='bbox 167 2239 248 2277; x_wconf 90' lang='lat' dir='ltr'>suum</span> <span class='ocrx_word' id='word_1_257' title='bbox 256 2232 342 2278; x_wconf 80' lang='lat' dir='ltr'>oratio</span> <span class='ocrx_word' id='word_1_258' title='bbox 350 2216 532 2295; x_wconf 86' lang='lat' dir='ltr'>revolvetur),</span> <span class='ocrx_word' id='word_1_259' title='bbox 549 2232 580 2278; x_wconf 88' lang='lat' dir='ltr'>ut</span> <span class='ocrx_word' id='word_1_260' title='bbox 592 2218 696 2278; x_wconf 69' lang='lat' dir='ltr'>deleam</span> <span class='ocrx_word' id='word_1_261' title='bbox 707 2239 769 2278; x_wconf 90' lang='lat' dir='ltr'>eor·</span> <span class='ocrx_word' id='word_1_262' title='bbox 823 2217 946 2300; x_wconf 75' lang='grc' dir='ltr'>ἐργασίας</span> <span class='ocrx_word' id='word_1_263' title='bbox 967 2205 1151 2296; x_wconf 82' lang='grc' dir='ltr'>ταλαιπωρίαν</span> <span class='ocrx_word' id='word_1_264' title='bbox 1179 2213 1409 2294; x_wconf 80' lang='grc' dir='ltr'>ἀπικουφίζοντις,</span> <span class='ocrx_word' id='word_1_265' title='bbox 1437 2213 1486 2273; x_wconf 84' lang='grc' dir='ltr'>ίνα</span> <span class='ocrx_word' id='word_1_266' title='bbox 1510 2239 1552 2274; x_wconf 90' lang='grc' dir='ltr'>σοι</span> <span class='ocrx_word' id='word_1_267' title='bbox 1565 2215 1603 2273; x_wconf 86' lang='grc' dir='ltr'>τὸν</span> 
     </span>
     <span class='ocr_line' id='line_1_21' title="bbox 0 2304 1605 2390; baseline -0.006 -18"><span class='ocrx_word' id='word_1_268' title='bbox 0 2344 28 2372; x_wconf 90' lang='grc' dir='ltr'>ι.</span> <span class='ocrx_word' id='word_1_269' title='bbox 55 2328 121 2389; x_wconf 86' lang='lat' dir='ltr'>pora</span> <span class='ocrx_word' id='word_1_270' title='bbox 131 2308 197 2369; x_wconf 85' lang='lat' dir='ltr'>llatu</span> <span class='ocrx_word' id='word_1_271' title='bbox 210 2308 380 2387; x_wconf 87' lang='lat' dir='ltr'>diventilent,</span> <span class='ocrx_word' id='word_1_272' title='bbox 395 2324 424 2370; x_wconf 93' lang='lat' dir='ltr'>ut</span> <span class='ocrx_word' id='word_1_273' title='bbox 434 2323 584 2370; x_wconf 81' lang='lat' dir='ltr'>contractas</span> <span class='ocrx_word' id='word_1_274' title='bbox 597 2331 632 2370; x_wconf 81' lang='lat' dir='ltr'>ex</span> <span class='ocrx_word' id='word_1_275' title='bbox 640 2311 699 2370; x_wconf 91' lang='lat' dir='ltr'>luto</span> <span class='ocrx_word' id='word_1_276' title='bbox 712 2332 770 2370; x_wconf 91' lang='lat' dir='ltr'>sor·</span> <span class='ocrx_word' id='word_1_277' title='bbox 823 2307 890 2390; x_wconf 80' lang='grc' dir='ltr'>ἀέρα</span> <span class='ocrx_word' id='word_1_278' title='bbox 901 2331 996 2389; x_wconf 83' lang='grc' dir='ltr'>κουφυν</span> <span class='ocrx_word' id='word_1_279' title='bbox 1009 2307 1056 2368; x_wconf 85' lang='grc' dir='ltr'>καί</span> <span class='ocrx_word' id='word_1_280' title='bbox 1068 2311 1189 2388; x_wconf 82' lang='grc' dir='ltr'>προσηνῆ</span> <span class='ocrx_word' id='word_1_281' title='bbox 1202 2304 1460 2379; x_wconf 84' lang='grc' dir='ltr'>κατασκευάσωσιν,</span> <span class='ocrx_word' id='word_1_282' title='bbox 1467 2304 1513 2364; x_wconf 75' lang='grc' dir='ltr'>ἵνα</span> <span class='ocrx_word' id='word_1_283' title='bbox 1525 2306 1605 2365; x_wconf 85' lang='grc' dir='ltr'>οεκιιὶ</span> 
     </span>
     <span class='ocr_line' id='line_1_22' title="bbox 54 2396 1603 2514; baseline -0.003 -54"><span class='ocrx_word' id='word_1_284' title='bbox 54 2396 112 2479; x_wconf 84' lang='lat' dir='ltr'>dea,</span> <span class='ocrx_word' id='word_1_285' title='bbox 124 2414 150 2461; x_wconf 87' lang='lat' dir='ltr'>et</span> <span class='ocrx_word' id='word_1_286' title='bbox 166 2401 316 2462; x_wconf 71' lang='lat' dir='ltr'>molestiam</span> <span class='ocrx_word' id='word_1_287' title='bbox 329 2416 415 2462; x_wconf 89' lang='lat' dir='ltr'>ortam</span> <span class='ocrx_word' id='word_1_288' title='bbox 428 2425 463 2462; x_wconf 81' lang='lat' dir='ltr'>ex</span> <span class='ocrx_word' id='word_1_289' title='bbox 479 2401 546 2472; x_wconf 84' lang='lat' dir='ltr'>sumi</span> <span class='ocrx_word' id='word_1_290' title='bbox 561 2416 588 2460; x_wconf 87' lang='lat' dir='ltr'>et</span> <span class='ocrx_word' id='word_1_291' title='bbox 602 2401 770 2462; x_wconf 86' lang='lat' dir='ltr'>caminorum</span> <span class='ocrx_word' id='word_1_292' title='bbox 823 2400 949 2482; x_wconf 76' lang='grc' dir='ltr'>ἑτέρωθεν</span> <span class='ocrx_word' id='word_1_293' title='bbox 962 2400 1098 2514; x_wconf 83' lang='grc' dir='ltr'>τέρπωσι,</span> <span class='ocrx_word' id='word_1_294' title='bbox 1119 2405 1163 2459; x_wconf 81' lang='grc' dir='ltr'>νῦν</span> <span class='ocrx_word' id='word_1_295' title='bbox 1178 2397 1226 2478; x_wconf 83' lang='grc' dir='ltr'>μέν</span> <span class='ocrx_word' id='word_1_296' title='bbox 1241 2396 1325 2477; x_wconf 88' lang='grc' dir='ltr'>γλυκυ</span> <span class='ocrx_word' id='word_1_297' title='bbox 1343 2397 1392 2456; x_wconf 87' lang='grc' dir='ltr'>καί</span> <span class='ocrx_word' id='word_1_298' title='bbox 1404 2397 1545 2477; x_wconf 82' lang='grc' dir='ltr'>προσηνὲς</span> <span class='ocrx_word' id='word_1_299' title='bbox 1559 2420 1603 2456; x_wconf 84' lang='grc' dir='ltr'>ου-</span> 
     </span>
     <span class='ocr_line' id='line_1_23' title="bbox 53 2445 1605 2575; baseline -0.003 -23"><span class='ocrx_word' id='word_1_300' title='bbox 53 2445 222 2573; x_wconf 76' lang='lat' dir='ltr'>aliaiumque</span> <span class='ocrx_word' id='word_1_301' title='bbox 247 2516 338 2555; x_wconf 88' lang='lat' dir='ltr'>rerum</span> <span class='ocrx_word' id='word_1_302' title='bbox 359 2493 578 2555; x_wconf 80' lang='lat' dir='ltr'>exhalationibus</span> <span class='ocrx_word' id='word_1_303' title='bbox 604 2493 768 2573; x_wconf 78' lang='lat' dir='ltr'>abstergant,</span> <span class='ocrx_word' id='word_1_304' title='bbox 824 2491 1006 2575; x_wconf 89' lang='grc' dir='ltr'>ρίζοντες,</span> <span class='ocrx_word' id='word_1_305' title='bbox 976 2517 1020 2552; x_wconf 89' lang='grc' dir='ltr'>νυν</span> <span class='ocrx_word' id='word_1_306' title='bbox 1046 2491 1074 2553; x_wconf 88' lang='grc' dir='ltr'>δί</span> <span class='ocrx_word' id='word_1_307' title='bbox 1100 2492 1189 2574; x_wconf 86' lang='grc' dir='ltr'>ἡρέμα</span> <span class='ocrx_word' id='word_1_308' title='bbox 1211 2498 1301 2571; x_wconf 82' lang='grc' dir='ltr'>φυτοῖς</span> <span class='ocrx_word' id='word_1_309' title='bbox 1323 2489 1601 2569; x_wconf 75' lang='grc' dir='ltr'>προαύάλλοντες</span> <span class='ocrx_word' id='word_1_310' title='bbox 1562 2514 1605 2548; x_wconf 82' lang='grc' dir='ltr'>και</span> 
     </span>
     <span class='ocr_line' id='line_1_24' title="bbox 55 2579 1595 2669; baseline -0.003 -25"><span class='ocrx_word' id='word_1_311' title='bbox 55 2598 85 2644; x_wconf 89' lang='lat' dir='ltr'>ut</span> <span class='ocrx_word' id='word_1_312' title='bbox 108 2586 224 2648; x_wconf 85' lang='lat' dir='ltr'>calorem</span> <span class='ocrx_word' id='word_1_313' title='bbox 243 2587 308 2648; x_wconf 85' lang='lat' dir='ltr'>solis</span> <span class='ocrx_word' id='word_1_314' title='bbox 326 2587 461 2669; x_wconf 80' lang='lat' dir='ltr'>mitigent,</span> <span class='ocrx_word' id='word_1_315' title='bbox 479 2600 509 2646; x_wconf 91' lang='lat' dir='ltr'>ut</span> <span class='ocrx_word' id='word_1_316' title='bbox 532 2584 661 2647; x_wconf 87' lang='lat' dir='ltr'>leviorem</span> <span class='ocrx_word' id='word_1_317' title='bbox 675 2598 769 2646; x_wconf 85' lang='lat' dir='ltr'>aestum</span> <span class='ocrx_word' id='word_1_318' title='bbox 823 2584 926 2645; x_wconf 80' lang='grc' dir='ltr'>πέταλα</span> <span class='ocrx_word' id='word_1_319' title='bbox 944 2584 1056 2666; x_wconf 78' lang='grc' dir='ltr'>δένδρων</span> <span class='ocrx_word' id='word_1_320' title='bbox 1070 2583 1198 2657; x_wconf 88' lang='grc' dir='ltr'>σείοντες,</span> <span class='ocrx_word' id='word_1_321' title='bbox 1218 2581 1262 2641; x_wconf 85' lang='grc' dir='ltr'>ίνα</span> <span class='ocrx_word' id='word_1_322' title='bbox 1276 2605 1319 2642; x_wconf 87' lang='grc' dir='ltr'>σοι</span> <span class='ocrx_word' id='word_1_323' title='bbox 1330 2581 1377 2641; x_wconf 83' lang='grc' dir='ltr'>τδν</span> <span class='ocrx_word' id='word_1_324' title='bbox 1391 2579 1480 2640; x_wconf 83' lang='grc' dir='ltr'>ύπνον</span> <span class='ocrx_word' id='word_1_325' title='bbox 1495 2581 1543 2641; x_wconf 84' lang='grc' dir='ltr'>καί</span> <span class='ocrx_word' id='word_1_326' title='bbox 1556 2581 1595 2640; x_wconf 86' lang='grc' dir='ltr'>θέ-</span> 
     </span>
     <span class='ocr_line' id='line_1_25' title="bbox 54 2670 1605 2760; baseline -0.003 -23"><span class='ocrx_word' id='word_1_327' title='bbox 54 2676 176 2756; x_wconf 82' lang='lat' dir='ltr'>reddant,</span> <span class='ocrx_word' id='word_1_328' title='bbox 186 2693 215 2738; x_wconf 88' lang='lat' dir='ltr'>ut</span> <span class='ocrx_word' id='word_1_329' title='bbox 226 2680 326 2739; x_wconf 88' lang='lat' dir='ltr'>semina</span> <span class='ocrx_word' id='word_1_330' title='bbox 338 2680 469 2759; x_wconf 90' lang='lat' dir='ltr'>nutriant,</span> <span class='ocrx_word' id='word_1_331' title='bbox 482 2693 513 2739; x_wconf 92' lang='lat' dir='ltr'>ut</span> <span class='ocrx_word' id='word_1_332' title='bbox 523 2678 629 2760; x_wconf 87' lang='lat' dir='ltr'>plantas</span> <span class='ocrx_word' id='word_1_333' title='bbox 642 2692 768 2758; x_wconf 79' lang='lat' dir='ltr'>augeant,</span> <span class='ocrx_word' id='word_1_334' title='bbox 825 2699 883 2757; x_wconf 81' lang='grc' dir='ltr'>ραις</span> <span class='ocrx_word' id='word_1_335' title='bbox 904 2675 951 2737; x_wconf 79' lang='grc' dir='ltr'>καί</span> <span class='ocrx_word' id='word_1_336' title='bbox 980 2677 1057 2757; x_wconf 86' lang='grc' dir='ltr'>έαρος</span> <span class='ocrx_word' id='word_1_337' title='bbox 1083 2674 1140 2758; x_wconf 77' lang='grc' dir='ltr'>ὥρᾳ</span> <span class='ocrx_word' id='word_1_338' title='bbox 1153 2674 1221 2748; x_wconf 89' lang='grc' dir='ltr'>ἡδίω</span> <span class='ocrx_word' id='word_1_339' title='bbox 1247 2672 1293 2734; x_wconf 83' lang='grc' dir='ltr'>καί</span> <span class='ocrx_word' id='word_1_340' title='bbox 1319 2672 1429 2752; x_wconf 90' lang='grc' dir='ltr'>μέλιτος</span> <span class='ocrx_word' id='word_1_341' title='bbox 1448 2670 1605 2753; x_wconf 76' lang='grc' dir='ltr'>γλυκύτερον</span> 
     </span>
     <span class='ocr_line' id='line_1_26' title="bbox 54 2765 1606 2851; baseline -0.003 -22"><span class='ocrx_word' id='word_1_342' title='bbox 54 2781 85 2829; x_wconf 87' lang='lat' dir='ltr'>ttt</span> <span class='ocrx_word' id='word_1_343' title='bbox 94 2784 121 2830; x_wconf 84' lang='lat' dir='ltr'>te</span> <span class='ocrx_word' id='word_1_344' title='bbox 132 2771 159 2830; x_wconf 90' lang='lat' dir='ltr'>iu</span> <span class='ocrx_word' id='word_1_345' title='bbox 171 2771 240 2830; x_wconf 92' lang='lat' dir='ltr'>mari</span> <span class='ocrx_word' id='word_1_346' title='bbox 256 2772 426 2847; x_wconf 88' lang='lat' dir='ltr'>comitentur,</span> <span class='ocrx_word' id='word_1_347' title='bbox 441 2785 466 2831; x_wconf 87' lang='lat' dir='ltr'>et</span> <span class='ocrx_word' id='word_1_348' title='bbox 479 2771 507 2831; x_wconf 92' lang='lat' dir='ltr'>in</span> <span class='ocrx_word' id='word_1_349' title='bbox 521 2785 593 2831; x_wconf 84' lang='lat' dir='ltr'>terra</span> <span class='ocrx_word' id='word_1_350' title='bbox 606 2769 672 2830; x_wconf 80' lang='lat' dir='ltr'>dant</span> <span class='ocrx_word' id='word_1_351' title='bbox 691 2770 768 2850; x_wconf 76' lang='lat' dir='ltr'>agri·</span> <span class='ocrx_word' id='word_1_352' title='bbox 823 2769 1002 2851; x_wconf 76' lang='grc' dir='ltr'>ἐργάσωνται,</span> <span class='ocrx_word' id='word_1_353' title='bbox 1012 2768 1057 2841; x_wconf 75' lang='grc' dir='ltr'>ἵν’,</span> <span class='ocrx_word' id='word_1_354' title='bbox 1068 2767 1134 2849; x_wconf 82' lang='grc' dir='ltr'>ὅπερ</span> <span class='ocrx_word' id='word_1_355' title='bbox 1148 2765 1192 2826; x_wconf 78' lang='grc' dir='ltr'>ἐπί</span> <span class='ocrx_word' id='word_1_356' title='bbox 1206 2770 1259 2826; x_wconf 82' lang='grc' dir='ltr'>τῶν</span> <span class='ocrx_word' id='word_1_357' title='bbox 1269 2765 1384 2844; x_wconf 84' lang='grc' dir='ltr'>δένδρων</span> <span class='ocrx_word' id='word_1_358' title='bbox 1394 2770 1523 2839; x_wconf 74' lang='grc' dir='ltr'>ποιῶσι,</span> <span class='ocrx_word' id='word_1_359' title='bbox 1535 2771 1606 2824; x_wconf 64' lang='grc' dir='ltr'>τοῦτο</span> 
     </span>
     <span class='ocr_line' id='line_1_27' title="bbox 55 2855 1606 2946; baseline -0.003 -25"><span class='ocrx_word' id='word_1_360' title='bbox 55 2861 169 2946; x_wconf 77' lang='lat' dir='ltr'>rttltttrae</span> <span class='ocrx_word' id='word_1_361' title='bbox 183 2863 348 2940; x_wconf 81' lang='lat' dir='ltr'>administri,</span> <span class='ocrx_word' id='word_1_362' title='bbox 364 2862 432 2922; x_wconf 90' lang='lat' dir='ltr'>dum</span> <span class='ocrx_word' id='word_1_363' title='bbox 445 2862 503 2923; x_wconf 87' lang='lat' dir='ltr'>illic</span> <span class='ocrx_word' id='word_1_364' title='bbox 516 2861 629 2941; x_wconf 85' lang='lat' dir='ltr'>quidem</span> <span class='ocrx_word' id='word_1_365' title='bbox 637 2880 720 2922; x_wconf 78' lang='lat' dir='ltr'>naves</span> <span class='ocrx_word' id='word_1_366' title='bbox 728 2883 770 2921; x_wconf 91' lang='lat' dir='ltr'>sa·</span> <span class='ocrx_word' id='word_1_367' title='bbox 823 2860 869 2920; x_wconf 82' lang='grc' dir='ltr'>καί</span> <span class='ocrx_word' id='word_1_368' title='bbox 887 2860 930 2920; x_wconf 78' lang='lat' dir='ltr'>ieri</span> <span class='ocrx_word' id='word_1_369' title='bbox 949 2864 1001 2921; x_wconf 83' lang='grc' dir='ltr'>τῶν</span> <span class='ocrx_word' id='word_1_370' title='bbox 1022 2857 1170 2919; x_wconf 87' lang='grc' dir='ltr'>θαλαττίων</span> <span class='ocrx_word' id='word_1_371' title='bbox 1184 2857 1276 2918; x_wconf 81' lang='grc' dir='ltr'>νώτων</span> <span class='ocrx_word' id='word_1_372' title='bbox 1295 2855 1492 2938; x_wconf 71' lang='grc' dir='ltr'>ἐργαζόμενοι,</span> <span class='ocrx_word' id='word_1_373' title='bbox 1513 2858 1560 2916; x_wconf 77' lang='grc' dir='ltr'>ἐπί</span> <span class='ocrx_word' id='word_1_374' title='bbox 1581 2881 1606 2915; x_wconf 83' lang='grc' dir='ltr'>τε</span> 
     </span>
     <span class='ocr_line' id='line_1_28' title="bbox 55 2946 1605 3032; baseline 0.002 -25"><span class='ocrx_word' id='word_1_375' title='bbox 55 2947 121 3028; x_wconf 79' lang='lat' dir='ltr'>gitta</span> <span class='ocrx_word' id='word_1_376' title='bbox 134 2946 254 3011; x_wconf 78' lang='lat' dir='ltr'>uelocius</span> <span class='ocrx_word' id='word_1_377' title='bbox 268 2948 421 3031; x_wconf 83' lang='lat' dir='ltr'>impellunt,</span> <span class='ocrx_word' id='word_1_378' title='bbox 435 2949 502 3010; x_wconf 84' lang='lat' dir='ltr'>adeo</span> <span class='ocrx_word' id='word_1_379' title='bbox 521 2950 628 3011; x_wconf 78' lang='lat' dir='ltr'>facilem</span> <span class='ocrx_word' id='word_1_380' title='bbox 644 2970 771 3032; x_wconf 90' lang='lat' dir='ltr'>pronam·</span> <span class='ocrx_word' id='word_1_381' title='bbox 823 2955 876 3014; x_wconf 83' lang='grc' dir='ltr'>τῶν</span> <span class='ocrx_word' id='word_1_382' title='bbox 897 2951 1035 3032; x_wconf 87' lang='grc' dir='ltr'>ποταμίων</span> <span class='ocrx_word' id='word_1_383' title='bbox 1051 2952 1189 3032; x_wconf 88' lang='grc' dir='ltr'>ναμάτων,</span> <span class='ocrx_word' id='word_1_384' title='bbox 1202 2950 1248 3010; x_wconf 84' lang='grc' dir='ltr'>καί</span> <span class='ocrx_word' id='word_1_385' title='bbox 1261 2949 1310 3022; x_wconf 82' lang='grc' dir='ltr'>τὴν</span> <span class='ocrx_word' id='word_1_386' title='bbox 1332 2949 1497 3030; x_wconf 76' lang='grc' dir='ltr'>ἐπιφάνειαν</span> <span class='ocrx_word' id='word_1_387' title='bbox 1523 2953 1605 3010; x_wconf 59' lang='lat' dir='ltr'>aanor</span> 
     </span>
     <span class='ocr_line' id='line_1_29' title="bbox 54 3040 1606 3213; baseline 0.001 -114"><span class='ocrx_word' id='word_1_388' title='bbox 54 3040 314 3120; x_wconf 81' lang='lat' dir='ltr'>quenavigationem</span> <span class='ocrx_word' id='word_1_389' title='bbox 327 3040 454 3118; x_wconf 81' lang='lat' dir='ltr'>reddunt,</span> <span class='ocrx_word' id='word_1_390' title='bbox 465 3040 512 3100; x_wconf 83' lang='grc' dir='ltr'>λινε</span> <span class='ocrx_word' id='word_1_391' title='bbox 521 3061 588 3101; x_wconf 82' lang='lat' dir='ltr'>vero</span> <span class='ocrx_word' id='word_1_392' title='bbox 597 3054 686 3100; x_wconf 83' lang='lat' dir='ltr'>tecum</span> <span class='ocrx_word' id='word_1_393' title='bbox 695 3061 771 3102; x_wconf 78' lang='lat' dir='ltr'>areas</span> <span class='ocrx_word' id='word_1_394' title='bbox 825 3068 929 3127; x_wconf 84' lang='grc' dir='ltr'>μετιωρ</span> <span class='ocrx_word' id='word_1_395' title='bbox 930 3044 1044 3119; x_wconf 88' lang='grc' dir='ltr'>ίζοντες,</span> <span class='ocrx_word' id='word_1_396' title='bbox 1059 3042 1161 3116; x_wconf 84' lang='grc' dir='ltr'>πολλὴν</span> <span class='ocrx_word' id='word_1_397' title='bbox 1185 3066 1227 3103; x_wconf 87' lang='grc' dir='ltr'>σοι</span> <span class='ocrx_word' id='word_1_398' title='bbox 1249 3044 1367 3101; x_wconf 76' lang='grc' dir='ltr'>ἐντεῦθεν</span> <span class='ocrx_word' id='word_1_399' title='bbox 1382 3040 1588 3213; x_wconf 53' lang='grc' dir='ltr'>γπαρέχωσΗ</span> <span class='ocrx_word' id='word_1_400' title='bbox 1561 3065 1606 3113; x_wconf 82' lang='grc' dir='ltr'>την</span> 
     </span>
     <span class='ocr_line' id='line_1_30' title="bbox 55 3130 1606 3216; baseline 0 -24"><span class='ocrx_word' id='word_1_401' title='bbox 55 3146 216 3213; x_wconf 78' lang='lat' dir='ltr'>expurgant,</span> <span class='ocrx_word' id='word_1_402' title='bbox 228 3145 254 3192; x_wconf 84' lang='lat' dir='ltr'>et</span> <span class='ocrx_word' id='word_1_403' title='bbox 268 3133 359 3213; x_wconf 85' lang='lat' dir='ltr'>paleas</span> <span class='ocrx_word' id='word_1_404' title='bbox 371 3154 387 3194; x_wconf 91' lang='lat' dir='ltr'>a</span> <span class='ocrx_word' id='word_1_405' title='bbox 401 3133 491 3193; x_wconf 86' lang='lat' dir='ltr'>snrctu</span> <span class='ocrx_word' id='word_1_406' title='bbox 505 3146 639 3214; x_wconf 85' lang='lat' dir='ltr'>separant,</span> <span class='ocrx_word' id='word_1_407' title='bbox 654 3154 687 3193; x_wconf 84' lang='lat' dir='ltr'>ac</span> <span class='ocrx_word' id='word_1_408' title='bbox 708 3154 770 3193; x_wconf 93' lang='lat' dir='ltr'>mo-</span> <span class='ocrx_word' id='word_1_409' title='bbox 789 3148 808 3195; x_wconf 87' lang='lat' dir='ltr'>c</span> <span class='ocrx_word' id='word_1_410' title='bbox 825 3137 923 3197; x_wconf 83' lang='grc' dir='ltr'>ἀπδ</span> <span class='ocrx_word' id='word_1_411' title='bbox 890 3161 937 3210; x_wconf 86' lang='grc' dir='ltr'>της</span> <span class='ocrx_word' id='word_1_412' title='bbox 949 3136 1010 3204; x_wconf 90' lang='grc' dir='ltr'>θίας</span> <span class='ocrx_word' id='word_1_413' title='bbox 1020 3135 1131 3216; x_wconf 74' lang='grc' dir='ltr'>τέρψιν,</span> <span class='ocrx_word' id='word_1_414' title='bbox 1151 3133 1321 3216; x_wconf 86' lang='grc' dir='ltr'>καιπρδτης</span> <span class='ocrx_word' id='word_1_415' title='bbox 1330 3130 1454 3213; x_wconf 73' lang='grc' dir='ltr'>τέρψεως</span> <span class='ocrx_word' id='word_1_416' title='bbox 1467 3132 1496 3193; x_wconf 84' lang='grc' dir='ltr'>δέ</span> <span class='ocrx_word' id='word_1_417' title='bbox 1511 3132 1606 3204; x_wconf 81' lang='grc' dir='ltr'>ταύτης</span> 
     </span>
     <span class='ocr_line' id='line_1_31' title="bbox 56 3215 1606 3308; baseline -0.001 -26"><span class='ocrx_word' id='word_1_418' title='bbox 56 3222 146 3284; x_wconf 74' lang='grc' dir='ltr'>λοείίεε</span> <span class='ocrx_word' id='word_1_419' title='bbox 158 3245 271 3305; x_wconf 90' lang='lat' dir='ltr'>operum</span> <span class='ocrx_word' id='word_1_420' title='bbox 287 3223 388 3300; x_wconf 86' lang='lat' dir='ltr'>levant,</span> <span class='ocrx_word' id='word_1_421' title='bbox 406 3238 437 3284; x_wconf 89' lang='lat' dir='ltr'>ut</span> <span class='ocrx_word' id='word_1_422' title='bbox 455 3225 542 3285; x_wconf 84' lang='lat' dir='ltr'>levem</span> <span class='ocrx_word' id='word_1_423' title='bbox 557 3224 608 3285; x_wconf 92' lang='lat' dir='ltr'>tibi</span> <span class='ocrx_word' id='word_1_424' title='bbox 632 3225 773 3305; x_wconf 82' lang='lat' dir='ltr'>leuemque</span> <span class='ocrx_word' id='word_1_425' title='bbox 824 3227 869 3287; x_wconf 83' lang='grc' dir='ltr'>καί</span> <span class='ocrx_word' id='word_1_426' title='bbox 878 3226 1007 3308; x_wconf 83' lang='grc' dir='ltr'>ὠφέλειαν</span> <span class='ocrx_word' id='word_1_427' title='bbox 1018 3226 1156 3306; x_wconf 86' lang='grc' dir='ltr'>μεγίστην.</span> <span class='ocrx_word' id='word_1_428' title='bbox 1170 3225 1224 3286; x_wconf 83' lang='grc' dir='ltr'>Καί</span> <span class='ocrx_word' id='word_1_429' title='bbox 1236 3225 1288 3305; x_wconf 75' lang='grc' dir='ltr'>γάρ</span> <span class='ocrx_word' id='word_1_430' title='bbox 1301 3223 1346 3284; x_wconf 85' lang='grc' dir='ltr'>καί</span> <span class='ocrx_word' id='word_1_431' title='bbox 1357 3233 1413 3290; x_wconf 88' lang='grc' dir='ltr'>τοῖς</span> <span class='ocrx_word' id='word_1_432' title='bbox 1428 3223 1526 3284; x_wconf 77' lang='grc' dir='ltr'>ὕδασιν</span> <span class='ocrx_word' id='word_1_433' title='bbox 1538 3215 1606 3284; x_wconf 70' lang='grc' dir='ltr'>οὗτοι</span> 
     </span>
     <span class='ocr_line' id='line_1_32' title="bbox 56 3313 1608 3401; baseline -0.002 -26"><span class='ocrx_word' id='word_1_434' title='bbox 56 3335 143 3376; x_wconf 81' lang='lat' dir='ltr'>aerem</span> <span class='ocrx_word' id='word_1_435' title='bbox 157 3314 280 3394; x_wconf 86' lang='lat' dir='ltr'>reddant,</span> <span class='ocrx_word' id='word_1_436' title='bbox 294 3329 323 3376; x_wconf 93' lang='lat' dir='ltr'>ut</span> <span class='ocrx_word' id='word_1_437' title='bbox 337 3329 362 3377; x_wconf 87' lang='lat' dir='ltr'>et</span> <span class='ocrx_word' id='word_1_438' title='bbox 371 3313 483 3376; x_wconf 81' lang='lat' dir='ltr'>aliunde</span> <span class='ocrx_word' id='word_1_439' title='bbox 502 3331 527 3376; x_wconf 90' lang='lat' dir='ltr'>te</span> <span class='ocrx_word' id='word_1_440' title='bbox 538 3317 684 3394; x_wconf 86' lang='lat' dir='ltr'>oblectent</span> <span class='ocrx_word' id='word_1_441' title='bbox 703 3317 772 3376; x_wconf 87' lang='lat' dir='ltr'>dom</span> <span class='ocrx_word' id='word_1_442' title='bbox 825 3319 871 3380; x_wconf 84' lang='grc' dir='ltr'>καί</span> <span class='ocrx_word' id='word_1_443' title='bbox 886 3320 975 3389; x_wconf 82' lang='grc' dir='ltr'>άλλως</span> <span class='ocrx_word' id='word_1_444' title='bbox 995 3344 1031 3401; x_wconf 95' lang='grc' dir='ltr'>χρ</span> <span class='ocrx_word' id='word_1_445' title='bbox 1032 3319 1140 3398; x_wconf 80' lang='grc' dir='ltr'>ἡσιμοι,</span> <span class='ocrx_word' id='word_1_446' title='bbox 1155 3322 1204 3379; x_wconf 77' lang='lat' dir='ltr'>odie</span> <span class='ocrx_word' id='word_1_447' title='bbox 1218 3316 1337 3398; x_wconf 78' lang='grc' dir='ltr'>ἀφιέντες</span> <span class='ocrx_word' id='word_1_448' title='bbox 1359 3317 1492 3390; x_wconf 78' lang='grc' dir='ltr'>διηνεκῶς</span> <span class='ocrx_word' id='word_1_449' title='bbox 1507 3320 1608 3378; x_wconf 80' lang='grc' dir='ltr'>έστωτα</span> 
     </span>
     <span class='ocr_line' id='line_1_33' title="bbox 56 3407 1606 3490; baseline -0.001 -22"><span class='ocrx_word' id='word_1_450' title='bbox 56 3428 129 3468; x_wconf 86' lang='lat' dir='ltr'>nune</span> <span class='ocrx_word' id='word_1_451' title='bbox 140 3407 252 3488; x_wconf 80' lang='lat' dir='ltr'>quidem</span> <span class='ocrx_word' id='word_1_452' title='bbox 272 3422 392 3469; x_wconf 79' lang='lat' dir='ltr'>suaviter</span> <span class='ocrx_word' id='word_1_453' title='bbox 404 3429 437 3468; x_wconf 86' lang='lat' dir='ltr'>ae</span> <span class='ocrx_word' id='word_1_454' title='bbox 450 3408 547 3468; x_wconf 79' lang='lat' dir='ltr'>leniter</span> <span class='ocrx_word' id='word_1_455' title='bbox 559 3407 681 3481; x_wconf 81' lang='lat' dir='ltr'>srbrlant,</span> <span class='ocrx_word' id='word_1_456' title='bbox 700 3429 773 3468; x_wconf 88' lang='lat' dir='ltr'>nunc</span> <span class='ocrx_word' id='word_1_457' title='bbox 825 3410 860 3471; x_wconf 78' lang='grc' dir='ltr'>τὰ</span> <span class='ocrx_word' id='word_1_458' title='bbox 870 3412 953 3471; x_wconf 85' lang='grc' dir='ltr'>θδατα</span> <span class='ocrx_word' id='word_1_459' title='bbox 971 3409 1318 3483; x_wconf 80' lang='grc' dir='ltr'>κατασὴπεσθαι,ἀλλά</span> <span class='ocrx_word' id='word_1_460' title='bbox 1282 3433 1320 3488; x_wconf 88' lang='grc' dir='ltr'>τῳ</span> <span class='ocrx_word' id='word_1_461' title='bbox 1340 3411 1462 3490; x_wconf 80' lang='grc' dir='ltr'>συνεχῶς</span> <span class='ocrx_word' id='word_1_462' title='bbox 1484 3408 1555 3468; x_wconf 61' lang='lat' dir='ltr'>adri</span> <span class='ocrx_word' id='word_1_463' title='bbox 1569 3434 1606 3468; x_wconf 87' lang='grc' dir='ltr'>κι-</span> 
     </span>
     <span class='ocr_line' id='line_1_34' title="bbox 56 3499 1606 3584; baseline -0.001 -23"><span class='ocrx_word' id='word_1_464' title='bbox 56 3513 145 3561; x_wconf 84' lang='lat' dir='ltr'>autem</span> <span class='ocrx_word' id='word_1_465' title='bbox 153 3500 252 3561; x_wconf 89' lang='lat' dir='ltr'>sensim</span> <span class='ocrx_word' id='word_1_466' title='bbox 261 3499 288 3558; x_wconf 89' lang='lat' dir='ltr'>in</span> <span class='ocrx_word' id='word_1_467' title='bbox 298 3499 403 3581; x_wconf 80' lang='lat' dir='ltr'>plantas</span> <span class='ocrx_word' id='word_1_468' title='bbox 414 3521 443 3560; x_wconf 89' lang='lat' dir='ltr'>se</span> <span class='ocrx_word' id='word_1_469' title='bbox 453 3499 602 3579; x_wconf 89' lang='lat' dir='ltr'>insinuant,</span> <span class='ocrx_word' id='word_1_470' title='bbox 612 3515 638 3560; x_wconf 88' lang='lat' dir='ltr'>et</span> <span class='ocrx_word' id='word_1_471' title='bbox 645 3501 773 3561; x_wconf 89' lang='lat' dir='ltr'>arborum</span> <span class='ocrx_word' id='word_1_472' title='bbox 826 3513 880 3573; x_wconf 82' lang='grc' dir='ltr'>νεῖν</span> <span class='ocrx_word' id='word_1_473' title='bbox 890 3503 937 3563; x_wconf 86' lang='grc' dir='ltr'>καί</span> <span class='ocrx_word' id='word_1_474' title='bbox 949 3503 1129 3584; x_wconf 77' lang='grc' dir='ltr'>ἀναρριπίζειν</span> <span class='ocrx_word' id='word_1_475' title='bbox 1140 3501 1221 3583; x_wconf 82' lang='grc' dir='ltr'>νεαρά</span> <span class='ocrx_word' id='word_1_476' title='bbox 1231 3501 1277 3560; x_wconf 81' lang='grc' dir='ltr'>καὶ</span> <span class='ocrx_word' id='word_1_477' title='bbox 1291 3500 1447 3579; x_wconf 76' lang='grc' dir='ltr'>ἀκμάζοντα</span> <span class='ocrx_word' id='word_1_478' title='bbox 1461 3504 1606 3561; x_wconf 79' lang='grc' dir='ltr'>καθιστῶν-</span> 
     </span>
     <span class='ocr_line' id='line_1_35' title="bbox 57 3591 1607 3676; baseline -0.001 -27"><span class='ocrx_word' id='word_1_479' title='bbox 57 3591 167 3653; x_wconf 78' lang='lat' dir='ltr'>frondes</span> <span class='ocrx_word' id='word_1_480' title='bbox 179 3592 294 3674; x_wconf 77' lang='lat' dir='ltr'>agitant,</span> <span class='ocrx_word' id='word_1_481' title='bbox 306 3605 335 3651; x_wconf 89' lang='lat' dir='ltr'>ut</span> <span class='ocrx_word' id='word_1_482' title='bbox 350 3613 475 3653; x_wconf 89' lang='lat' dir='ltr'>somnum</span> <span class='ocrx_word' id='word_1_483' title='bbox 489 3592 540 3652; x_wconf 94' lang='lat' dir='ltr'>tibi</span> <span class='ocrx_word' id='word_1_484' title='bbox 551 3592 602 3653; x_wconf 92' lang='lat' dir='ltr'>sub</span> <span class='ocrx_word' id='word_1_485' title='bbox 623 3593 722 3653; x_wconf 76' lang='lat' dir='ltr'>aestatis</span> <span class='ocrx_word' id='word_1_486' title='bbox 742 3615 774 3652; x_wconf 85' lang='lat' dir='ltr'>ac</span> <span class='ocrx_word' id='word_1_487' title='bbox 826 3594 941 3667; x_wconf 86' lang='grc' dir='ltr'>τες,κελ</span> <span class='ocrx_word' id='word_1_488' title='bbox 956 3594 1022 3676; x_wconf 78' lang='grc' dir='ltr'>πρὸς</span> <span class='ocrx_word' id='word_1_489' title='bbox 1036 3593 1135 3676; x_wconf 75' lang='grc' dir='ltr'>τροφὴν</span> <span class='ocrx_word' id='word_1_490' title='bbox 1148 3598 1201 3653; x_wconf 86' lang='grc' dir='ltr'>τῶν</span> <span class='ocrx_word' id='word_1_491' title='bbox 1214 3595 1241 3652; x_wconf 82' lang='grc' dir='ltr'>έν</span> <span class='ocrx_word' id='word_1_492' title='bbox 1262 3593 1348 3658; x_wconf 84' lang='grc' dir='ltr'>αὐτοῖς</span> <span class='ocrx_word' id='word_1_493' title='bbox 1360 3591 1522 3672; x_wconf 81' lang='grc' dir='ltr'>νηχομένων</span> <span class='ocrx_word' id='word_1_494' title='bbox 1537 3592 1607 3661; x_wconf 77' lang='grc' dir='ltr'>ζώων</span> 
     </span>
     <span class='ocr_line' id='line_1_36' title="bbox 57 3681 1606 3767; baseline -0.001 -24"><span class='ocrx_word' id='word_1_495' title='bbox 57 3684 134 3763; x_wconf 71' lang='lat' dir='ltr'>reris·</span> <span class='ocrx_word' id='word_1_496' title='bbox 145 3698 253 3767; x_wconf 86' lang='lat' dir='ltr'>tempus</span> <span class='ocrx_word' id='word_1_497' title='bbox 267 3683 467 3766; x_wconf 87' lang='lat' dir='ltr'>jucundiorem,</span> <span class='ocrx_word' id='word_1_498' title='bbox 479 3683 683 3764; x_wconf 87' lang='lat' dir='ltr'>dulcioremque</span> <span class='ocrx_word' id='word_1_499' title='bbox 695 3685 776 3745; x_wconf 85' lang='lat' dir='ltr'>melle</span> <span class='ocrx_word' id='word_1_500' title='bbox 827 3685 1034 3765; x_wconf 78' lang='grc' dir='ltr'>ἐπιτηδειότερα.</span> <span class='ocrx_word' id='word_1_501' title='bbox 1053 3688 1087 3745; x_wconf 85' lang='grc' dir='ltr'>ΕΙ</span> <span class='ocrx_word' id='word_1_502' title='bbox 1098 3684 1126 3746; x_wconf 80' lang='grc' dir='ltr'>δὲ</span> <span class='ocrx_word' id='word_1_503' title='bbox 1142 3683 1188 3744; x_wconf 83' lang='grc' dir='ltr'>καί</span> <span class='ocrx_word' id='word_1_504' title='bbox 1199 3683 1278 3757; x_wconf 82' lang='grc' dir='ltr'>αὐτὴν</span> <span class='ocrx_word' id='word_1_505' title='bbox 1295 3681 1455 3762; x_wconf 83' lang='grc' dir='ltr'>βουληθείης</span> <span class='ocrx_word' id='word_1_506' title='bbox 1469 3685 1606 3763; x_wconf 87' lang='grc' dir='ltr'>περιεργά·</span> 
     </span>
     <span class='ocr_line' id='line_1_37' title="bbox 58 3773 1607 3857; baseline 0.001 -23"><span class='ocrx_word' id='word_1_507' title='bbox 58 3774 183 3851; x_wconf 85' lang='lat' dir='ltr'>reddant,</span> <span class='ocrx_word' id='word_1_508' title='bbox 208 3790 239 3836; x_wconf 89' lang='lat' dir='ltr'>ut</span> <span class='ocrx_word' id='word_1_509' title='bbox 259 3776 331 3855; x_wconf 86' lang='lat' dir='ltr'>quod</span> <span class='ocrx_word' id='word_1_510' title='bbox 349 3776 377 3835; x_wconf 92' lang='lat' dir='ltr'>in</span> <span class='ocrx_word' id='word_1_511' title='bbox 390 3776 535 3837; x_wconf 88' lang='lat' dir='ltr'>arboribus</span> <span class='ocrx_word' id='word_1_512' title='bbox 545 3777 658 3850; x_wconf 83' lang='lat' dir='ltr'>faciunt,</span> <span class='ocrx_word' id='word_1_513' title='bbox 678 3777 730 3837; x_wconf 84' lang='lat' dir='ltr'>boo</span> <span class='ocrx_word' id='word_1_514' title='bbox 745 3777 774 3837; x_wconf 92' lang='lat' dir='ltr'>in</span> <span class='ocrx_word' id='word_1_515' title='bbox 827 3782 916 3848; x_wconf 88' lang='grc' dir='ltr'>ζεσθαι</span> <span class='ocrx_word' id='word_1_516' title='bbox 930 3777 978 3851; x_wconf 83' lang='grc' dir='ltr'>τὴν</span> <span class='ocrx_word' id='word_1_517' title='bbox 987 3776 1069 3837; x_wconf 89' lang='grc' dir='ltr'>νύκτα</span> <span class='ocrx_word' id='word_1_518' title='bbox 1078 3821 1087 3850; x_wconf 88' lang='grc'>,</span> <span class='ocrx_word' id='word_1_519' title='bbox 1102 3775 1216 3857; x_wconf 80' lang='grc' dir='ltr'>ἀψεικαλ</span> <span class='ocrx_word' id='word_1_520' title='bbox 1231 3780 1345 3836; x_wconf 78' lang='grc' dir='ltr'>ἐντεῦθεν</span> <span class='ocrx_word' id='word_1_521' title='bbox 1353 3773 1460 3848; x_wconf 89' lang='grc' dir='ltr'>πολλὴν</span> <span class='ocrx_word' id='word_1_522' title='bbox 1470 3781 1519 3835; x_wconf 83' lang='grc' dir='ltr'>τοῦ</span> <span class='ocrx_word' id='word_1_523' title='bbox 1534 3799 1607 3846; x_wconf 80' lang='grc' dir='ltr'>ποιη-</span> 
     </span>
     <span class='ocr_line' id='line_1_38' title="bbox 58 3864 1608 3952; baseline 0 -27"><span class='ocrx_word' id='word_1_524' title='bbox 58 3864 139 3926; x_wconf 81' lang='lat' dir='ltr'>dorso</span> <span class='ocrx_word' id='word_1_525' title='bbox 162 3868 245 3926; x_wconf 90' lang='lat' dir='ltr'>maris</span> <span class='ocrx_word' id='word_1_526' title='bbox 266 3867 396 3941; x_wconf 85' lang='lat' dir='ltr'>efficiant,</span> <span class='ocrx_word' id='word_1_527' title='bbox 415 3881 445 3926; x_wconf 84' lang='lat' dir='ltr'>et</span> <span class='ocrx_word' id='word_1_528' title='bbox 465 3867 492 3926; x_wconf 91' lang='lat' dir='ltr'>in</span> <span class='ocrx_word' id='word_1_529' title='bbox 516 3869 661 3928; x_wconf 81' lang='lat' dir='ltr'>fluminum</span> <span class='ocrx_word' id='word_1_530' title='bbox 684 3870 772 3949; x_wconf 91' lang='lat' dir='ltr'>aquis,</span> <span class='ocrx_word' id='word_1_531' title='bbox 827 3877 872 3931; x_wconf 76' lang='grc' dir='ltr'>τοῦ</span> <span class='ocrx_word' id='word_1_532' title='bbox 891 3871 939 3946; x_wconf 69' lang='lat' dir='ltr'>elo</span> <span class='ocrx_word' id='word_1_533' title='bbox 953 3869 1088 3952; x_wconf 82' lang='grc' dir='ltr'>πρόνοιαν.</span> <span class='ocrx_word' id='word_1_534' title='bbox 1110 3870 1163 3930; x_wconf 85' lang='grc' dir='ltr'>Καί</span> <span class='ocrx_word' id='word_1_535' title='bbox 1186 3867 1238 3950; x_wconf 82' lang='grc' dir='ltr'>γάρ</span> <span class='ocrx_word' id='word_1_536' title='bbox 1258 3867 1386 3928; x_wconf 82' lang='grc' dir='ltr'>ἀναπαύει</span> <span class='ocrx_word' id='word_1_537' title='bbox 1406 3890 1452 3927; x_wconf 90' lang='grc' dir='ltr'>σοι</span> <span class='ocrx_word' id='word_1_538' title='bbox 1477 3870 1511 3928; x_wconf 79' lang='grc' dir='ltr'>τὸ</span> <span class='ocrx_word' id='word_1_539' title='bbox 1531 3872 1608 3946; x_wconf 77' lang='grc' dir='ltr'>σῶμα</span> 
     </span>
     <span class='ocr_line' id='line_1_39' title="bbox 60 3956 1607 4041; baseline 0.003 -26"><span class='ocrx_word' id='word_1_540' title='bbox 60 3956 127 4015; x_wconf 89' lang='lat' dir='ltr'>dum</span> <span class='ocrx_word' id='word_1_541' title='bbox 148 3957 257 4017; x_wconf 88' lang='lat' dir='ltr'>illarum</span> <span class='ocrx_word' id='word_1_542' title='bbox 271 3956 441 4037; x_wconf 84' lang='lat' dir='ltr'>superficiem</span> <span class='ocrx_word' id='word_1_543' title='bbox 456 3957 484 4016; x_wconf 95' lang='lat' dir='ltr'>in</span> <span class='ocrx_word' id='word_1_544' title='bbox 498 3958 613 4018; x_wconf 86' lang='lat' dir='ltr'>sublime</span> <span class='ocrx_word' id='word_1_545' title='bbox 622 3960 734 4038; x_wconf 88' lang='lat' dir='ltr'>tollunt</span> <span class='ocrx_word' id='word_1_546' title='bbox 749 3973 776 4020; x_wconf 87' lang='lat' dir='ltr'>et</span> <span class='ocrx_word' id='word_1_547' title='bbox 827 3963 991 4037; x_wconf 85' lang='grc' dir='ltr'>πεπονηκδς,</span> <span class='ocrx_word' id='word_1_548' title='bbox 1003 3963 1049 4023; x_wconf 81' lang='grc' dir='ltr'>καί</span> <span class='ocrx_word' id='word_1_549' title='bbox 1068 3962 1103 4022; x_wconf 83' lang='grc' dir='ltr'>τά</span> <span class='ocrx_word' id='word_1_550' title='bbox 1120 3961 1188 4041; x_wconf 78' lang='grc' dir='ltr'>μελη</span> <span class='ocrx_word' id='word_1_551' title='bbox 1200 3985 1242 4022; x_wconf 88' lang='grc' dir='ltr'>σοι</span> <span class='ocrx_word' id='word_1_552' title='bbox 1259 3959 1472 4038; x_wconf 85' lang='grc' dir='ltr'>κατατεινάμενα</span> <span class='ocrx_word' id='word_1_553' title='bbox 1491 3969 1548 4028; x_wconf 84' lang='grc' dir='ltr'>τοῖς</span> <span class='ocrx_word' id='word_1_554' title='bbox 1563 3985 1607 4038; x_wconf 85' lang='grc' dir='ltr'>με·</span> 
     </span>
     <span class='ocr_line' id='line_1_40' title="bbox 60 4046 1607 4154; baseline 0.001 -48"><span class='ocrx_word' id='word_1_555' title='bbox 60 4047 174 4108; x_wconf 88' lang='lat' dir='ltr'>mnltam</span> <span class='ocrx_word' id='word_1_556' title='bbox 197 4046 260 4108; x_wconf 91' lang='lat' dir='ltr'>inde</span> <span class='ocrx_word' id='word_1_557' title='bbox 276 4047 398 4129; x_wconf 72' lang='lat' dir='ltr'>prebent</span> <span class='ocrx_word' id='word_1_558' title='bbox 411 4047 459 4107; x_wconf 89' lang='lat' dir='ltr'>illo</span> <span class='ocrx_word' id='word_1_559' title='bbox 477 4050 629 4129; x_wconf 80' lang='lat' dir='ltr'>spectaculo</span> <span class='ocrx_word' id='word_1_560' title='bbox 647 4051 776 4154; x_wconf 83' lang='lat' dir='ltr'>volupta-</span> <span class='ocrx_word' id='word_1_561' title='bbox 828 4061 913 4136; x_wconf 88' lang='grc' dir='ltr'>θημερ</span> <span class='ocrx_word' id='word_1_562' title='bbox 915 4078 976 4122; x_wconf 91' lang='grc' dir='ltr'>ινοις</span> <span class='ocrx_word' id='word_1_563' title='bbox 989 4054 1078 4122; x_wconf 86' lang='grc' dir='ltr'>πόνοις</span> <span class='ocrx_word' id='word_1_564' title='bbox 1092 4053 1182 4125; x_wconf 86' lang='grc' dir='ltr'>ἀνίησι</span> <span class='ocrx_word' id='word_1_565' title='bbox 1205 4052 1250 4111; x_wconf 85' lang='grc' dir='ltr'>καί</span> <span class='ocrx_word' id='word_1_566' title='bbox 1273 4054 1361 4133; x_wconf 77' lang='grc' dir='ltr'>χαλᾷ,</span> <span class='ocrx_word' id='word_1_567' title='bbox 1386 4053 1537 4114; x_wconf 79' lang='grc' dir='ltr'>ἀλλοιοῦσα</span> <span class='ocrx_word' id='word_1_568' title='bbox 1564 4053 1607 4112; x_wconf 84' lang='grc' dir='ltr'>καὶ</span> 
     </span>
     <span class='ocr_line' id='line_1_41' title="bbox 61 4137 1605 4260; baseline 0.003 -61"><span class='ocrx_word' id='word_1_569' title='bbox 61 4152 128 4217; x_wconf 90' lang='lat' dir='ltr'>tem,</span> <span class='ocrx_word' id='word_1_570' title='bbox 142 4153 169 4199; x_wconf 87' lang='lat' dir='ltr'>et</span> <span class='ocrx_word' id='word_1_571' title='bbox 179 4153 240 4200; x_wconf 86' lang='lat' dir='ltr'>ante</span> <span class='ocrx_word' id='word_1_572' title='bbox 253 4139 420 4220; x_wconf 81' lang='lat' dir='ltr'>voluptatem</span> <span class='ocrx_word' id='word_1_573' title='bbox 439 4137 516 4198; x_wconf 88' lang='lat' dir='ltr'>illam</span> <span class='ocrx_word' id='word_1_574' title='bbox 530 4140 678 4200; x_wconf 86' lang='lat' dir='ltr'>maximam</span> <span class='ocrx_word' id='word_1_575' title='bbox 694 4142 775 4202; x_wconf 89' lang='lat' dir='ltr'>etiam</span> <span class='ocrx_word' id='word_1_576' title='bbox 827 4149 893 4260; x_wconf 72' lang='grc' dir='ltr'>πρὸς</span> <span class='ocrx_word' id='word_1_577' title='bbox 907 4147 1124 4227; x_wconf 37' lang='grc' dir='ltr'>ἀκμὴᾘδιλι-ης</span> <span class='ocrx_word' id='word_1_578' title='bbox 1138 4145 1250 4226; x_wconf 85' lang='grc' dir='ltr'>ἡσυχίας</span> <span class='ocrx_word' id='word_1_579' title='bbox 1269 4145 1442 4224; x_wconf 71' lang='grc' dir='ltr'>ἐπανάγουσιν</span> <span class='ocrx_word' id='word_1_580' title='bbox 1463 4145 1563 4206; x_wconf 81' lang='grc' dir='ltr'>πάλιν·</span> <span class='ocrx_word' id='word_1_581' title='bbox 1578 4170 1605 4204; x_wconf 85' lang='grc' dir='ltr'>ω</span> 
     </span>
     <span class='ocr_line' id='line_1_42' title="bbox 62 4230 1606 4320; baseline 0.002 -29"><span class='ocrx_word' id='word_1_582' title='bbox 62 4231 217 4293; x_wconf 86' lang='lat' dir='ltr'>utilitatem</span> <span class='ocrx_word' id='word_1_583' title='bbox 233 4232 304 4292; x_wconf 90' lang='lat' dir='ltr'>Nam</span> <span class='ocrx_word' id='word_1_584' title='bbox 322 4244 349 4291; x_wconf 85' lang='lat' dir='ltr'>et</span> <span class='ocrx_word' id='word_1_585' title='bbox 367 4250 447 4308; x_wconf 83' lang='lat' dir='ltr'>aquis</span> <span class='ocrx_word' id='word_1_586' title='bbox 459 4251 512 4310; x_wconf 84' lang='lat' dir='ltr'>rpst</span> <span class='ocrx_word' id='word_1_587' title='bbox 504 4230 629 4309; x_wconf 81' lang='lat' dir='ltr'>altoqut</span> <span class='ocrx_word' id='word_1_588' title='bbox 642 4246 705 4292; x_wconf 87' lang='lat' dir='ltr'>sunt</span> <span class='ocrx_word' id='word_1_589' title='bbox 725 4234 776 4293; x_wconf 91' lang='lat' dir='ltr'>uti·</span> <span class='ocrx_word' id='word_1_590' title='bbox 792 4241 908 4320; x_wconf 75' lang='grc' dir='ltr'>ρρόνον</span> <span class='ocrx_word' id='word_1_591' title='bbox 924 4241 969 4316; x_wconf 71' lang='grc' dir='ltr'>δὲ,</span> <span class='ocrx_word' id='word_1_592' title='bbox 983 4241 1053 4302; x_wconf 66' lang='grc' dir='ltr'>ἀλλὰ</span> <span class='ocrx_word' id='word_1_593' title='bbox 1069 4240 1166 4301; x_wconf 77' lang='grc' dir='ltr'>κοί</span> <span class='ocrx_word' id='word_1_594' title='bbox 1131 4262 1182 4298; x_wconf 84' lang='grc' dir='ltr'>των</span> <span class='ocrx_word' id='word_1_595' title='bbox 1200 4233 1383 4317; x_wconf 73' lang='grc' dir='ltr'>μεθομερινων</span> <span class='ocrx_word' id='word_1_596' title='bbox 1396 4258 1427 4295; x_wconf 89' lang='grc' dir='ltr'>σε</span> <span class='ocrx_word' id='word_1_597' title='bbox 1440 4237 1606 4297; x_wconf 84' lang='grc' dir='ltr'>ἀπαλλαττει</span> 
     </span>
     <span class='ocr_line' id='line_1_43' title="bbox 61 4321 1607 4430; baseline 0.001 -46"><span class='ocrx_word' id='word_1_598' title='bbox 61 4324 108 4430; x_wconf 73' lang='lat' dir='ltr'>les,</span> <span class='ocrx_word' id='word_1_599' title='bbox 123 4325 191 4386; x_wconf 89' lang='lat' dir='ltr'>dum</span> <span class='ocrx_word' id='word_1_600' title='bbox 205 4338 335 4408; x_wconf 88' lang='lat' dir='ltr'>perpetuo</span> <span class='ocrx_word' id='word_1_601' title='bbox 344 4335 497 4403; x_wconf 72' lang='lat' dir='ltr'>stagnantes</span> <span class='ocrx_word' id='word_1_602' title='bbox 505 4321 566 4382; x_wconf 82' lang='lat' dir='ltr'>illas</span> <span class='ocrx_word' id='word_1_603' title='bbox 576 4344 713 4406; x_wconf 80' lang='lat' dir='ltr'>eorrumpi</span> <span class='ocrx_word' id='word_1_604' title='bbox 724 4347 776 4387; x_wconf 94' lang='lat' dir='ltr'>non</span> <span class='ocrx_word' id='word_1_605' title='bbox 829 4335 930 4405; x_wconf 75' lang='grc' dir='ltr'>λοοςῶν,</span> <span class='ocrx_word' id='word_1_606' title='bbox 941 4333 1051 4392; x_wconf 69' lang='grc' dir='ltr'>καὶτῶν</span> <span class='ocrx_word' id='word_1_607' title='bbox 1065 4332 1182 4412; x_wconf 72' lang='grc' dir='ltr'>ἀκοιρων</span> <span class='ocrx_word' id='word_1_608' title='bbox 1196 4329 1286 4402; x_wconf 80' lang='grc' dir='ltr'>ἀνίησι</span> <span class='ocrx_word' id='word_1_609' title='bbox 1301 4327 1463 4410; x_wconf 88' lang='grc' dir='ltr'>φροντίδων·</span> <span class='ocrx_word' id='word_1_610' title='bbox 1479 4329 1607 4394; x_wconf 82' lang='grc' dir='ltr'>πολλάκις</span> 
     </span>
     <span class='ocr_line' id='line_1_44' title="bbox 61 4415 1607 4503; baseline 0.001 -25"><span class='ocrx_word' id='word_1_611' title='bbox 61 4417 164 4492; x_wconf 84' lang='lat' dir='ltr'>sinunt,</span> <span class='ocrx_word' id='word_1_612' title='bbox 189 4417 237 4480; x_wconf 86' lang='lat' dir='ltr'>sed</span> <span class='ocrx_word' id='word_1_613' title='bbox 260 4415 327 4478; x_wconf 89' lang='lat' dir='ltr'>dum</span> <span class='ocrx_word' id='word_1_614' title='bbox 347 4415 410 4479; x_wconf 88' lang='lat' dir='ltr'>illas</span> <span class='ocrx_word' id='word_1_615' title='bbox 431 4417 583 4494; x_wconf 85' lang='lat' dir='ltr'>frequenter</span> <span class='ocrx_word' id='word_1_616' title='bbox 605 4432 724 4496; x_wconf 83' lang='lat' dir='ltr'>movent,</span> <span class='ocrx_word' id='word_1_617' title='bbox 746 4441 778 4479; x_wconf 86' lang='lat' dir='ltr'>ac</span> <span class='ocrx_word' id='word_1_618' title='bbox 830 4425 859 4486; x_wconf 72' lang='grc' dir='ltr'>δὲ</span> <span class='ocrx_word' id='word_1_619' title='bbox 881 4424 927 4486; x_wconf 74' lang='grc' dir='ltr'>κοί</span> <span class='ocrx_word' id='word_1_620' title='bbox 952 4429 1088 4491; x_wconf 77' lang='grc' dir='ltr'>νοσοῦντος</span> <span class='ocrx_word' id='word_1_621' title='bbox 1114 4421 1226 4503; x_wconf 79' lang='grc' dir='ltr'>πυρετὸν</span> <span class='ocrx_word' id='word_1_622' title='bbox 1249 4420 1373 4493; x_wconf 83' lang='grc' dir='ltr'>έσύεοεν,</span> <span class='ocrx_word' id='word_1_623' title='bbox 1403 4419 1607 4501; x_wconf 85' lang='grc' dir='ltr'>ἀντιφάρμακον</span> 
     </span>
     <span class='ocr_line' id='line_1_45' title="bbox 61 4506 1606 4593; baseline 0.002 -25"><span class='ocrx_word' id='word_1_624' title='bbox 61 4509 203 4584; x_wconf 83' lang='lat' dir='ltr'>ventilant,</span> <span class='ocrx_word' id='word_1_625' title='bbox 223 4523 340 4569; x_wconf 69' lang='lat' dir='ltr'>mentes</span> <span class='ocrx_word' id='word_1_626' title='bbox 364 4529 396 4569; x_wconf 84' lang='lat' dir='ltr'>ac</span> <span class='ocrx_word' id='word_1_627' title='bbox 416 4506 524 4569; x_wconf 85' lang='lat' dir='ltr'>vividas</span> <span class='ocrx_word' id='word_1_628' title='bbox 545 4507 673 4584; x_wconf 80' lang='lat' dir='ltr'>reddunt,</span> <span class='ocrx_word' id='word_1_629' title='bbox 696 4523 722 4569; x_wconf 87' lang='lat' dir='ltr'>et</span> <span class='ocrx_word' id='word_1_630' title='bbox 741 4511 845 4577; x_wconf 70' lang='lat' dir='ltr'>add</span> <span class='ocrx_word' id='word_1_631' title='bbox 830 4516 910 4577; x_wconf 81' lang='grc' dir='ltr'>θπνον</span> <span class='ocrx_word' id='word_1_632' title='bbox 936 4514 1069 4588; x_wconf 78' lang='grc' dir='ltr'>ὶπέξοιοιι,</span> <span class='ocrx_word' id='word_1_633' title='bbox 1091 4514 1137 4574; x_wconf 85' lang='grc' dir='ltr'>καί</span> <span class='ocrx_word' id='word_1_634' title='bbox 1158 4513 1206 4588; x_wconf 82' lang='grc' dir='ltr'>ιὴν</span> <span class='ocrx_word' id='word_1_635' title='bbox 1231 4515 1283 4572; x_wconf 83' lang='grc' dir='ltr'>τῶν</span> <span class='ocrx_word' id='word_1_636' title='bbox 1307 4515 1403 4592; x_wconf 78' lang='grc' dir='ltr'>ίατριῒιν</span> <span class='ocrx_word' id='word_1_637' title='bbox 1420 4512 1606 4593; x_wconf 83' lang='grc' dir='ltr'>ἀπορουμένην</span> 
     </span>
     <span class='ocr_line' id='line_1_46' title="bbox 62 4599 1607 4690; baseline 0.001 -29"><span class='ocrx_word' id='word_1_638' title='bbox 62 4601 160 4661; x_wconf 83' lang='lat' dir='ltr'>alenda</span> <span class='ocrx_word' id='word_1_639' title='bbox 181 4601 309 4662; x_wconf 79' lang='lat' dir='ltr'>animalia</span> <span class='ocrx_word' id='word_1_640' title='bbox 333 4621 392 4680; x_wconf 77' lang='lat' dir='ltr'>quae</span> <span class='ocrx_word' id='word_1_641' title='bbox 415 4599 443 4660; x_wconf 85' lang='lat' dir='ltr'>in</span> <span class='ocrx_word' id='word_1_642' title='bbox 466 4599 507 4660; x_wconf 83' lang='lat' dir='ltr'>eis</span> <span class='ocrx_word' id='word_1_643' title='bbox 528 4614 630 4678; x_wconf 85' lang='lat' dir='ltr'>natant,</span> <span class='ocrx_word' id='word_1_644' title='bbox 651 4603 776 4683; x_wconf 83' lang='lat' dir='ltr'>aptiores.</span> <span class='ocrx_word' id='word_1_645' title='bbox 829 4609 926 4690; x_wconf 87' lang='grc' dir='ltr'>τέχνην</span> <span class='ocrx_word' id='word_1_646' title='bbox 937 4611 974 4675; x_wconf 88' lang='grc' dir='ltr'>είς</span> <span class='ocrx_word' id='word_1_647' title='bbox 985 4607 1069 4666; x_wconf 82' lang='grc' dir='ltr'>εὔδιον</span> <span class='ocrx_word' id='word_1_648' title='bbox 1079 4605 1214 4684; x_wconf 78' lang='grc' dir='ltr'>θρμίσασα</span> <span class='ocrx_word' id='word_1_649' title='bbox 1224 4602 1336 4682; x_wconf 86' lang='grc' dir='ltr'>λιμένα,</span> <span class='ocrx_word' id='word_1_650' title='bbox 1346 4601 1392 4662; x_wconf 82' lang='grc' dir='ltr'>καί</span> <span class='ocrx_word' id='word_1_651' title='bbox 1405 4604 1515 4662; x_wconf 72' lang='grc' dir='ltr'>πολλῶν</span> <span class='ocrx_word' id='word_1_652' title='bbox 1527 4606 1607 4663; x_wconf 83' lang='grc' dir='ltr'>ἀπαλ-</span> 
     </span>
     <span class='ocr_line' id='line_1_47' title="bbox 63 4692 1605 4774; baseline -0.001 -22"><span class='ocrx_word' id='word_1_653' title='bbox 63 4693 180 4771; x_wconf 89' lang='lat' dir='ltr'>Quodsi</span> <span class='ocrx_word' id='word_1_654' title='bbox 195 4708 301 4754; x_wconf 85' lang='lat' dir='ltr'>noctem</span> <span class='ocrx_word' id='word_1_655' title='bbox 316 4692 402 4774; x_wconf 87' lang='lat' dir='ltr'>ipsam</span> <span class='ocrx_word' id='word_1_656' title='bbox 423 4692 540 4753; x_wconf 87' lang='lat' dir='ltr'>volueris</span> <span class='ocrx_word' id='word_1_657' title='bbox 562 4693 711 4770; x_wconf 83' lang='lat' dir='ltr'>observare,</span> <span class='ocrx_word' id='word_1_658' title='bbox 724 4716 777 4756; x_wconf 90' lang='lat' dir='ltr'>non</span> <span class='ocrx_word' id='word_1_659' title='bbox 829 4701 932 4771; x_wconf 81' lang='grc' dir='ltr'>λάξαοα</span> <span class='ocrx_word' id='word_1_660' title='bbox 953 4696 1050 4758; x_wconf 87' lang='grc' dir='ltr'>πόνων.</span> <span class='ocrx_word' id='word_1_661' title='bbox 1067 4696 1119 4757; x_wconf 84' lang='grc' dir='ltr'>Καί</span> <span class='ocrx_word' id='word_1_662' title='bbox 1138 4695 1254 4767; x_wconf 85' lang='grc' dir='ltr'>τοσαύτη</span> <span class='ocrx_word' id='word_1_663' title='bbox 1279 4697 1360 4765; x_wconf 74' lang='grc' dir='ltr'>αὐτῆς</span> <span class='ocrx_word' id='word_1_664' title='bbox 1376 4697 1393 4764; x_wconf 87' lang='grc' dir='ltr'>ἡ</span> <span class='ocrx_word' id='word_1_665' title='bbox 1409 4693 1508 4774; x_wconf 86' lang='grc' dir='ltr'>χρεία,</span> <span class='ocrx_word' id='word_1_666' title='bbox 1533 4697 1605 4767; x_wconf 84' lang='grc' dir='ltr'>τηλι-</span> 
     </span>
     <span class='ocr_line' id='line_1_48' title="bbox 61 4784 1606 4868; baseline -0.003 -21"><span class='ocrx_word' id='word_1_667' title='bbox 61 4785 223 4847; x_wconf 79' lang='lat' dir='ltr'>mediocrem</span> <span class='ocrx_word' id='word_1_668' title='bbox 235 4785 369 4846; x_wconf 84' lang='lat' dir='ltr'>Creatoris</span> <span class='ocrx_word' id='word_1_669' title='bbox 382 4784 583 4867; x_wconf 80' lang='lat' dir='ltr'>prouidentiam</span> <span class='ocrx_word' id='word_1_670' title='bbox 602 4785 666 4846; x_wconf 85' lang='lat' dir='ltr'>inde</span> <span class='ocrx_word' id='word_1_671' title='bbox 679 4807 777 4868; x_wconf 81' lang='lat' dir='ltr'>eogno-</span> <span class='ocrx_word' id='word_1_672' title='bbox 830 4791 915 4863; x_wconf 85' lang='grc' dir='ltr'>καθτη</span> <span class='ocrx_word' id='word_1_673' title='bbox 926 4787 1080 4868; x_wconf 82' lang='grc' dir='ltr'>ἡάνφίλεια,</span> <span class='ocrx_word' id='word_1_674' title='bbox 1090 4792 1125 4854; x_wconf 85' lang='grc' dir='ltr'>ὡς</span> <span class='ocrx_word' id='word_1_675' title='bbox 1139 4789 1184 4848; x_wconf 86' lang='grc' dir='ltr'>καί</span> <span class='ocrx_word' id='word_1_676' title='bbox 1196 4786 1244 4861; x_wconf 84' lang='grc' dir='ltr'>τὴν</span> <span class='ocrx_word' id='word_1_677' title='bbox 1256 4786 1358 4866; x_wconf 78' lang='grc' dir='ltr'>ἡμέραν</span> <span class='ocrx_word' id='word_1_678' title='bbox 1374 4786 1509 4854; x_wconf 88' lang='grc' dir='ltr'>πολλάκις</span> <span class='ocrx_word' id='word_1_679' title='bbox 1523 4808 1606 4866; x_wconf 88' lang='grc' dir='ltr'>παρα-</span> 
     </span>
     <span class='ocr_line' id='line_1_49' title="bbox 60 4875 1606 4961; baseline -0.002 -23"><span class='ocrx_word' id='word_1_680' title='bbox 60 4898 126 4938; x_wconf 83' lang='lat' dir='ltr'>soes.</span> <span class='ocrx_word' id='word_1_681' title='bbox 135 4875 275 4957; x_wconf 89' lang='lat' dir='ltr'>Siquidem</span> <span class='ocrx_word' id='word_1_682' title='bbox 285 4876 462 4957; x_wconf 78' lang='lat' dir='ltr'>defatigatum</span> <span class='ocrx_word' id='word_1_683' title='bbox 470 4890 653 4959; x_wconf 85' lang='lat' dir='ltr'>corpustuum</span> <span class='ocrx_word' id='word_1_684' title='bbox 663 4894 774 4958; x_wconf 78' lang='lat' dir='ltr'>recreat,</span> <span class='ocrx_word' id='word_1_685' title='bbox 829 4883 1038 4948; x_wconf 83' lang='grc' dir='ltr'>πέλλυσθαιτοῖς</span> <span class='ocrx_word' id='word_1_686' title='bbox 1050 4882 1078 4938; x_wconf 88' lang='grc' dir='ltr'>έν</span> <span class='ocrx_word' id='word_1_687' title='bbox 1090 4883 1156 4961; x_wconf 81' lang='grc' dir='ltr'>αὐτῇ</span> <span class='ocrx_word' id='word_1_688' title='bbox 1170 4879 1306 4961; x_wconf 82' lang='grc' dir='ltr'>σχολάζειν</span> <span class='ocrx_word' id='word_1_689' title='bbox 1322 4882 1555 4958; x_wconf 84' lang='grc' dir='ltr'>ἀποστερηθεῑσιν.</span> <span class='ocrx_word' id='word_1_690' title='bbox 1574 4879 1606 4937; x_wconf 75' lang='lat' dir='ltr'>nt</span> 
     </span>
     <span class='ocr_line' id='line_1_50' title="bbox 61 4967 1605 5058; baseline -0.001 -28"><span class='ocrx_word' id='word_1_691' title='bbox 61 4983 88 5030; x_wconf 82' lang='lat' dir='ltr'>et</span> <span class='ocrx_word' id='word_1_692' title='bbox 104 4969 225 5029; x_wconf 81' lang='lat' dir='ltr'>membra</span> <span class='ocrx_word' id='word_1_693' title='bbox 246 4967 352 5027; x_wconf 90' lang='lat' dir='ltr'>diurnis</span> <span class='ocrx_word' id='word_1_694' title='bbox 373 4967 513 5028; x_wconf 89' lang='lat' dir='ltr'>laboribus</span> <span class='ocrx_word' id='word_1_695' title='bbox 534 4968 649 5030; x_wconf 86' lang='lat' dir='ltr'>distenta</span> <span class='ocrx_word' id='word_1_696' title='bbox 662 4971 776 5032; x_wconf 83' lang='lat' dir='ltr'>remittit</span> <span class='ocrx_word' id='word_1_697' title='bbox 829 4975 881 5058; x_wconf 83' lang='grc' dir='ltr'>γάρ</span> <span class='ocrx_word' id='word_1_698' title='bbox 899 4996 939 5040; x_wconf 86' lang='grc' dir='ltr'>τις</span> <span class='ocrx_word' id='word_1_699' title='bbox 957 4971 1045 5033; x_wconf 85' lang='grc' dir='ltr'>ἀνέλοι</span> <span class='ocrx_word' id='word_1_700' title='bbox 1058 4976 1096 5053; x_wconf 66' lang='grc' dir='ltr'>τῷ</span> <span class='ocrx_word' id='word_1_701' title='bbox 1110 4972 1180 5054; x_wconf 80' lang='grc' dir='ltr'>λόγῳ</span> <span class='ocrx_word' id='word_1_702' title='bbox 1193 4969 1242 5042; x_wconf 75' lang='grc' dir='ltr'>τὴν</span> <span class='ocrx_word' id='word_1_703' title='bbox 1261 4975 1308 5043; x_wconf 78' lang='grc' dir='ltr'>τῆς</span> <span class='ocrx_word' id='word_1_704' title='bbox 1321 4968 1414 5036; x_wconf 77' lang='grc' dir='ltr'>νυκτὸς</span> <span class='ocrx_word' id='word_1_705' title='bbox 1429 4969 1548 5050; x_wconf 78' lang='grc' dir='ltr'>ἡσυχίαν</span> <span class='ocrx_word' id='word_1_706' title='bbox 1562 4969 1605 5029; x_wconf 82' lang='grc' dir='ltr'>καὶ</span> 
     </span>
     <span class='ocr_line' id='line_1_51' title="bbox 52 5051 1605 5146; baseline -0.003 -22"><span class='ocrx_word' id='word_1_707' title='bbox 52 5077 87 5124; x_wconf 79' lang='grc' dir='ltr'>ἐί</span> <span class='ocrx_word' id='word_1_708' title='bbox 97 5060 212 5138; x_wconf 65' lang='lat' dir='ltr'>relaxat,</span> <span class='ocrx_word' id='word_1_709' title='bbox 235 5061 391 5140; x_wconf 84' lang='lat' dir='ltr'>alternaque</span> <span class='ocrx_word' id='word_1_710' title='bbox 406 5060 593 5123; x_wconf 81' lang='lat' dir='ltr'>vicissitudine</span> <span class='ocrx_word' id='word_1_711' title='bbox 607 5064 713 5138; x_wconf 74' lang='grc' dir='ltr'>ηίεεία,</span> <span class='ocrx_word' id='word_1_712' title='bbox 726 5086 775 5146; x_wconf 84' lang='lat' dir='ltr'>per</span> <span class='ocrx_word' id='word_1_713' title='bbox 828 5065 877 5142; x_wconf 77' lang='grc' dir='ltr'>τὴν</span> <span class='ocrx_word' id='word_1_714' title='bbox 900 5064 987 5126; x_wconf 80' lang='grc' dir='ltr'>ἄνεσιν</span> <span class='ocrx_word' id='word_1_715' title='bbox 1007 5063 1053 5124; x_wconf 82' lang='grc' dir='ltr'>καὶ</span> <span class='ocrx_word' id='word_1_716' title='bbox 1066 5062 1115 5136; x_wconf 75' lang='grc' dir='ltr'>τὴν</span> <span class='ocrx_word' id='word_1_717' title='bbox 1138 5062 1290 5143; x_wconf 81' lang='grc' dir='ltr'>ἀνακωχὴν,</span> <span class='ocrx_word' id='word_1_718' title='bbox 1312 5063 1346 5121; x_wconf 90' lang='grc' dir='ltr'>δι’</span> <span class='ocrx_word' id='word_1_719' title='bbox 1368 5051 1400 5131; x_wconf 73' lang='grc' dir='ltr'>ἧς</span> <span class='ocrx_word' id='word_1_720' title='bbox 1416 5060 1528 5120; x_wconf 74' lang='grc' dir='ltr'>ἅπαντα</span> <span class='ocrx_word' id='word_1_721' title='bbox 1543 5064 1605 5120; x_wconf 85' lang='grc' dir='ltr'>ἀνα·</span> 
     </span>
     <span class='ocr_line' id='line_1_52' title="bbox 59 5150 1606 5238; baseline -0.001 -25"><span class='ocrx_word' id='word_1_722' title='bbox 59 5152 176 5235; x_wconf 82' lang='grc' dir='ltr'>ιριίείειο</span> <span class='ocrx_word' id='word_1_723' title='bbox 192 5173 285 5211; x_wconf 87' lang='lat' dir='ltr'>rursus</span> <span class='ocrx_word' id='word_1_724' title='bbox 306 5150 342 5211; x_wconf 92' lang='lat' dir='ltr'>ad</span> <span class='ocrx_word' id='word_1_725' title='bbox 355 5151 499 5234; x_wconf 86' lang='lat' dir='ltr'>pristinum</span> <span class='ocrx_word' id='word_1_726' title='bbox 514 5153 637 5234; x_wconf 78' lang='lat' dir='ltr'>vigorem</span> <span class='ocrx_word' id='word_1_727' title='bbox 656 5152 774 5232; x_wconf 74' lang='lat' dir='ltr'>reducit5</span> <span class='ocrx_word' id='word_1_728' title='bbox 827 5159 972 5235; x_wconf 85' lang='grc' dir='ltr'>παύονται,</span> <span class='ocrx_word' id='word_1_729' title='bbox 986 5155 1117 5238; x_wconf 75' lang='grc' dir='ltr'>καὶψυχὴ</span> <span class='ocrx_word' id='word_1_730' title='bbox 1131 5162 1296 5229; x_wconf 87' lang='grc' dir='ltr'>πεπονηκυῖα</span> <span class='ocrx_word' id='word_1_731' title='bbox 1310 5152 1448 5232; x_wconf 79' lang='grc' dir='ltr'>καὶσῶμα</span> <span class='ocrx_word' id='word_1_732' title='bbox 1464 5155 1606 5213; x_wconf 83' lang='grc' dir='ltr'>ταλαιπω·</span> 
     </span>
     <span class='ocr_line' id='line_1_53' title="bbox 60 5242 1605 5334; baseline -0.001 -28"><span class='ocrx_word' id='word_1_733' title='bbox 60 5266 144 5329; x_wconf 83' lang='lat' dir='ltr'>oeque</span> <span class='ocrx_word' id='word_1_734' title='bbox 160 5264 222 5306; x_wconf 82' lang='lat' dir='ltr'>nero</span> <span class='ocrx_word' id='word_1_735' title='bbox 233 5242 262 5302; x_wconf 91' lang='lat' dir='ltr'>id</span> <span class='ocrx_word' id='word_1_736' title='bbox 274 5255 388 5325; x_wconf 86' lang='lat' dir='ltr'>tantum,</span> <span class='ocrx_word' id='word_1_737' title='bbox 400 5243 447 5304; x_wconf 88' lang='lat' dir='ltr'>sed</span> <span class='ocrx_word' id='word_1_738' title='bbox 458 5259 483 5305; x_wconf 90' lang='lat' dir='ltr'>et</span> <span class='ocrx_word' id='word_1_739' title='bbox 493 5243 599 5307; x_wconf 73' lang='lat' dir='ltr'>timis</span> <span class='ocrx_word' id='word_1_740' title='bbox 608 5260 636 5308; x_wconf 84' lang='lat' dir='ltr'>te</span> <span class='ocrx_word' id='word_1_741' title='bbox 644 5245 775 5309; x_wconf 87' lang='lat' dir='ltr'>molestiis</span> <span class='ocrx_word' id='word_1_742' title='bbox 830 5251 916 5334; x_wconf 85' lang='grc' dir='ltr'>ρηθέν,</span> <span class='ocrx_word' id='word_1_743' title='bbox 933 5249 1086 5330; x_wconf 80' lang='grc' dir='ltr'>ἀκμαζυίση</span> <span class='ocrx_word' id='word_1_744' title='bbox 1101 5251 1135 5321; x_wconf 78' lang='grc' dir='ltr'>τῆ</span> <span class='ocrx_word' id='word_1_745' title='bbox 1148 5247 1249 5327; x_wconf 74' lang='grc' dir='ltr'>διανοίη</span> <span class='ocrx_word' id='word_1_746' title='bbox 1263 5250 1312 5319; x_wconf 66' lang='grc' dir='ltr'>τῆς</span> <span class='ocrx_word' id='word_1_747' title='bbox 1326 5247 1383 5324; x_wconf 83' lang='grc' dir='ltr'>μεθ’</span> <span class='ocrx_word' id='word_1_748' title='bbox 1400 5243 1508 5325; x_wconf 81' lang='grc' dir='ltr'>ἡμέραν</span> <span class='ocrx_word' id='word_1_749' title='bbox 1524 5246 1605 5327; x_wconf 80' lang='grc' dir='ltr'>ίργα-</span> 
     </span>
    </p>
   </div>
   <div class='ocr_carea' id='block_1_3' title="bbox 0 0 1890 5992">
    <p class='ocr_par' dir='ltr' id='par_1_3' title="bbox 0 0 1890 5992">
     <span class='ocr_line' id='line_1_54' title="bbox 0 0 1890 5992; baseline 0 0"><span class='ocrx_word' id='word_1_750' title='bbox 0 0 1890 5992; x_wconf 95' lang='lat' dir='ltr'> </span> 
     </span>
    </p>
   </div>
  </div>
 </body>
</html>
