3764 5992
851 560 1031 610 tersione.
1308 555 1312 561 '
1643 541 1715 640 745

171 707 225 743 νων
236 684 284 756 τὴν
297 686 327 743 ἐκ
339 688 385 756 τῆς
396 693 500 766 μακρᾶς
511 689 586 764 σιγῆς
596 683 840 766 παραμυθήσασθαι
849 686 944 746 αἰτίαν.
1000 684 1159 766 praedonum
1170 699 1243 746 metu
1263 686 1400 748 obsessum
1413 688 1550 770 suscipere
1561 704 1716 751 remeatum

172 779 261 838 Τοῦτο
277 776 304 836 δέ
327 777 413 849 ποίει,
429 776 476 836 καλ
496 777 527 838 τὸ
544 786 597 836 πᾶν
619 776 812 857 ἀπειλήφαμεν.
832 777 944 850 Ἐπειδὴ
1000 777 1094 854 suern,
1117 777 1168 838 nisi
1186 779 1297 839 morbus
1314 778 1470 854 obstitisset,
1490 801 1544 840 una
1560 781 1620 862 jum
1637 784 1716 860 mtio,

170 870 218 929 καὶ
232 869 300 940 αὕτη
314 868 408 949 χρονία
422 871 532 928 ἐλθοῦσα
547 872 564 938 ἠ
578 866 719 942 ἐπιστολὴ,
735 867 825 941 ἐπειδὴ
846 874 945 948 θερμῆς
999 889 1054 946 qua
1066 869 1145 929 nobis
1163 869 1324 947 satisfacias,
1339 869 1390 929 tibi
1402 870 1507 950 reliqua
1524 885 1574 947 eet,
1586 871 1717 935 nimirum

171 962 246 1020 ἔπνει
265 963 312 1030 τῆς
329 960 449 1040 ἀγάπης,
471 960 517 1019 καλ
537 964 582 1018 τοῦ
602 959 777 1041 παρελθόντος
798 959 893 1040 χρόνον
914 961 945 1020 τὸ
1000 971 1031 1017 ut
1044 974 1182 1020 sexcentas
1191 961 1283 1020 literas
1296 960 1332 1020 ad
1344 982 1393 1022 nos
1406 962 1506 1039 mittas,
1519 983 1581 1042 quae
1594 962 1717 1025 diuturni

170 1051 249 1135 χρίος
267 1051 400 1111 ἀπέτισεν.
417 1050 494 1123 Πλὴν
516 1053 575 1111 ἀλλ’
589 1055 618 1110 αἱ
634 1052 726 1111 λοιπαλ
740 1051 778 1130 μὴ
792 1052 944 1130 μιμείσθω·
999 1048 1099 1111 silentii
1122 1052 1231 1133 culpam
1254 1051 1393 1133 deprecari
1413 1053 1525 1134 possint.
1550 1053 1609 1115 Hoc
1633 1054 1718 1136 igitur

172 1166 223 1203 σαν
241 1141 288 1213 τὴν
307 1141 406 1214 ταύτης
423 1142 583 1221 βραδυτῆτα.
598 1142 677 1201 Οὕτω
688 1141 740 1224 γάρ
755 1142 801 1202 καί
814 1141 882 1217 αὕτη
895 1145 943 1202 δυ·
961 1159 981 1208 c
999 1140 1043 1200 fac
1055 1164 1062 1198 t
1074 1155 1102 1201 et
1116 1143 1253 1221 quidvisa
1268 1158 1294 1203 tc
1305 1145 1513 1226 perceperimus.
1530 1147 1601 1206 Nam
1613 1160 1640 1207 et
1658 1146 1718 1208 bac

170 1235 280 1307 νήσεται
292 1234 373 1302 δεῖξαι
383 1235 424 1294 der
433 1236 463 1293 οὐ
475 1235 509 1293 δι’
520 1234 604 1306 ἔκνον,
616 1234 685 1294 ἀλλὰ
696 1234 741 1294 διά
751 1234 808 1303 δίας
820 1235 944 1315 μάταιον,
998 1245 1054 1291 tam
1065 1253 1122 1293 sera
1132 1233 1244 1315 epistola
1255 1235 1476 1308 adnosveniens‚
1487 1237 1615 1317 quoniam
1621 1236 1718 1298 arden·

170 1327 258 1394 καθὼς
280 1327 326 1385 καὶ
349 1326 416 1399 αὐτ-λ
441 1327 520 1407 ἔρης,
541 1326 635 1409 χρονία
654 1326 846 1409 παραγίγονιν,
869 1331 892 1388 cl
916 1333 944 1387 αἱ
998 1336 1052 1383 tem
1076 1325 1225 1404 quamdam
1248 1327 1388 1386 caritatem
1416 1328 1545 1408 spirabat,
1572 1328 1718 1411 superioris

170 1418 262 1479 λοιπαί
273 1416 340 1494 μετά
351 1418 449 1497 τάχους
458 1418 504 1478 καί
514 1421 614 1489 πολλῆς
627 1417 816 1499 παραγένοιντο
825 1423 874 1492 τῆς
882 1442 941 1478 συν-
996 1436 1102 1496 quoque
1126 1419 1256 1498 temporis
1276 1416 1401 1479 debitum
1420 1418 1558 1481 dissolvit.
1584 1421 1718 1482 Ceterum

171 1509 259 1589 εχείας
269 1514 342 1587 ἡμῖν.
996 1503 1028 1564 id
1037 1505 1112 1579 vide,
1126 1527 1160 1565 ne
1176 1507 1286 1587 reliquae
1299 1506 1380 1589 hujus
1393 1507 1549 1568 tantitatem
1567 1509 1717 1570 imitentur.

998 1595 1045 1655 Sic
1058 1597 1131 1656 enim
1141 1598 1200 1659 baec
1211 1599 1292 1658 etiam
1301 1599 1371 1658 illud
1385 1599 1498 1681 planum
1512 1601 1600 1661 lacere
1608 1600 1718 1683 poterit,

996 1705 1025 1744 se
1040 1707 1093 1746 non
1108 1687 1143 1746 ob
1152 1688 1304 1768 pigritiam,
1320 1710 1418 1749 verum
1433 1691 1469 1749 ob
1483 1689 1591 1751 inanem
1604 1704 1718 1767 metum,

997 1776 1227 1856 quemadmodum
1239 1779 1288 1839 abs
1298 1793 1324 1839 te
1334 1800 1441 1860 quoque
1453 1779 1557 1840 dictum
1570 1795 1619 1858 σοι,
1632 1781 1719 1842 serius

995 1866 1110 1943 venisse,
1129 1868 1157 1929 'si
1179 1869 1289 1950 reliquae
1304 1883 1331 1930 et
1352 1870 1477 1952 plurime
1501 1871 1658 1932 etceleriter
1682 1870 1719 1932 ad

997 1978 1048 2017 nos
1058 1973 1178 2021 venrant.

462 2144 654 2227 θήλειάν.
1212 2148 1498 2208 smirnam.

210 2323 281 2394 Οἶδά
295 2355 341 2392 σου
356 2331 404 2404 τὴν
418 2332 535 2413 ἀγάπην,
548 2323 607 2392 οἶδά
617 2355 664 2391 σου
676 2329 706 2390 τὸ
720 2329 827 2412 ριλτραν
840 2329 870 2389 τὸ
880 2334 942 2410 θερ-
1038 2329 1185 2390 Caritatem
1193 2351 1256 2410 erga
1267 2352 1310 2392 me
1318 2344 1391 2392 tuam
1401 2345 1483 2412 atque
1491 2331 1631 2392 ardentem
1640 2345 1720 2394 tuum

169 2426 239 2506 μὸν,
252 2427 283 2486 τὸ
295 2423 412 2504 γνήσιον,
429 2424 460 2484 τὸ
479 2422 633 2507 εἰλικρινὲς,
653 2422 684 2482 τὸ
703 2421 822 2504 διαρκές,
841 2421 886 2480 καὶ
908 2424 944 2487 ὡς
998 2441 1030 2480 ac
1043 2442 1149 2494 verum,
1166 2421 1300 2482 sincerum
1316 2437 1342 2483 et
1355 2436 1519 2483 constantem
1533 2445 1652 2484 amorem
1665 2445 1718 2484 ex-

168 2517 230 2578 οὗτε
252 2514 375 2576 δυσκολία
398 2515 579 2598 πραγμάτων,
601 2514 661 2574 οὔτε
683 2513 760 2596 ὄχλος
780 2513 944 2597 ρροντίδιων,
998 2513 1134 2595 ploratum
1149 2513 1249 2575 habeo:
1265 2513 1385 2595 illudque
1396 2515 1461 2576 item
1475 2528 1655 2598 perspectum,
1669 2536 1719 2576 nce

168 2609 231 2670 οὔτε
245 2608 426 2688 περιστάσεων
441 2611 556 2681 πλῆθος,
576 2606 635 2667 οὔτε
651 2605 746 2689 χρόνω
768 2611 867 2685 μῆκος,
886 2604 945 2666 οὔτε
961 2620 981 2667 n
997 2605 1169 2686 negotiorum
1181 2606 1380 2680 difficultatem,
1396 2628 1445 2667 nec
1465 2624 1594 2667 curarum
1606 2627 1715 2688 agmen,

168 2703 232 2761 ὁδοῦ
247 2700 382 2777 διάστημα
393 2699 501 2760 δύναται
514 2698 613 2772 ταύτην
628 2696 811 2779 ἀμαυροτέραν
823 2700 943 2770 ποιῆσαι
997 2718 1046 2757 nec
1060 2719 1150 2758 rerum
1164 2697 1339 2759 adversarum
1348 2699 1574 2779 magnitudinem,
1589 2704 1639 2759 nec
1647 2712 1715 2759 tem·

169 2792 224 2853 Διθ
249 2797 326 2852 τοῦτο
348 2791 393 2852 καὶ
417 2791 517 2872 σφόδρα
536 2794 658 2871 ἐπιθυμῶ
680 2795 796 2872 συνιχῶς
821 2789 943 2870 δίχισθαι
996 2788 1072 2870 poris
1084 2788 1301 2867 diuturnitatem,
1312 2812 1362 2852 nec
1373 2789 1477 2850 itineris
1491 2790 1715 2871 longinquitatem

167 2885 318 2967 γράμματα
336 2884 409 2966 παρὰ
422 2889 469 2957 τῆς
483 2884 613 2964 εὐγενείας
631 2886 678 2954 τῆς
692 2885 754 2957 σῆς,
774 2879 941 2963 εὖαγγιλιζό·
997 2894 1044 2940 tuo
1065 2902 1129 2962 erga
1142 2903 1187 2941 me
1199 2881 1286 2942 amori
1306 2882 1496 2942 obscuritatem
1513 2883 1609 2943 afferre
1624 2904 1712 2965 posse.

168 3000 238 3054 μινα
252 2982 323 3054 ἡμᾶς
332 2976 394 3056 περὶ
407 2982 455 3048 τῆς
465 2974 564 3056 ὑγιείας
574 2978 621 3048 τῆς
632 2980 690 3047 σῆς.
707 2973 764 3034 Κᾶν
778 2974 942 3053 ἐγκαλῶμεν,
997 2972 1091 3052 quue
1104 2974 1147 3053 fit,
1165 2987 1196 3033 ut
1205 2988 1336 3056 perpetuo
1344 2975 1394 3034 abs
1408 2989 1434 3034 te
1448 2974 1551 3052 literas,
1563 2996 1623 3054 quae
1636 2973 1716 3035 nobis

167 3070 221 3149 οὐχ
241 3072 277 3135 ὡς
298 3072 455 3151 ραθομοῦντι
478 3069 657 3147 ἐγκαλοῦμεν,
678 3068 736 3126 ἀλλ’
758 3068 794 3132 ῶς
814 3063 940 3124 πλειόνων
996 3085 1027 3125 ea
1050 3064 1085 3127 de
1110 3079 1157 3126 tua
1183 3066 1414 3146 valetudineque
1436 3068 1564 3127 volumus
1581 3067 1715 3147 nuntient,

168 3165 280 3243 ἐρῶντες
301 3162 445 3220 ἐπιστολῶν
465 3159 599 3220 τοιούτων.
619 3161 703 3219 Ταῦτ’
725 3149 769 3219 οὗν
788 3156 879 3230 εἰδὼς,
898 3155 942 3215 δέ·
998 3157 1119 3238 accipere
1130 3154 1303 3217 vehementer
1315 3171 1480 3239 expetamus.
1495 3157 1577 3231 Quod
1592 3159 1616 3219 si
1630 3172 1656 3218 te
1670 3180 1717 3219 ac-

167 3252 256 3313 σποτά
270 3277 320 3330 μου
341 3251 487 3328 τιμιώτατε
504 3252 550 3310 καὶ
564 3247 828 3330 εθγενέστατι,δίδου
841 3247 941 3318 ταύτην
996 3269 1133 3327 cusamus,
1151 3271 1204 3310 non
1231 3263 1261 3310 ut
1282 3249 1460 3331 negligentem
1479 3273 1645 3330 accusamus,
1667 3252 1716 3314 sed

167 3349 234 3422 ἡμῖν
249 3343 297 3415 τλν
314 3343 409 3424 χάριν,
429 3342 527 3424 κούρην
546 3367 575 3402 τε
590 3332 670 3402 οὖσαν
690 3341 736 3401 καί
752 3340 875 3414 εὔκολον,
895 3338 942 3399 καί
997 3341 1061 3422 quia
1074 3343 1165 3425 plures
1186 3341 1318 3425 ejusmodi
1332 3343 1458 3425 epistolas
1472 3344 1633 3425 appetimus.
1646 3343 1716 3417 Quae

166 3435 270 3506 πολλὴν
290 3439 353 3513 ἡμῖν
374 3435 419 3496 καὶ
443 3437 469 3493 ἐν
488 3434 586 3516 ἐρημία
601 3433 759 3514 καθημίνοις
772 3432 939 3513 παρέχουσαν
997 3455 1060 3494 cum
1075 3434 1186 3495 minime
1204 3434 1319 3514 ignores,
1335 3434 1541 3495 honoratissimo
1556 3456 1587 3495 ac
1600 3435 1714 3495 nobilis-

165 3526 217 3600 τὴν
234 3525 401 3606 εθρροσιίνην.
995 3525 1064 3586 sime
1076 3525 1194 3600 domine,
1212 3525 1264 3585 hoc
1278 3524 1356 3584 nobis
1374 3524 1537 3584 beneficium
1549 3525 1632 3586 velim
1645 3547 1714 3606 prae·

995 3618 1069 3695 beas,
1084 3614 1158 3697 quod
1171 3629 1196 3675 et
1210 3614 1261 3674 tibi
1275 3613 1333 3674 leve
1345 3635 1376 3674 ac
1388 3614 1468 3674 facile
1482 3629 1533 3692 est,
1548 3629 1574 3675 et
1587 3635 1713 3696 magnam

995 3707 1085 3783 nobis,
1099 3707 1180 3767 etiam
1193 3707 1221 3766 in
1241 3705 1387 3767 solitudine
1399 3705 1572 3783 haerentibus,
1586 3706 1712 3788 volupta-

995 3814 1047 3859 tem
1061 3799 1149 3859 affert.
1226 3873 1230 3878 Δ

461 3989 515 4070 μθ’.
530 3989 634 4071 Ἀλρίιρ.
957 4007 976 4053 Ε
1229 3987 1339 4045 XLIX.
1359 3986 1482 4066 Αέρλίο.

208 4177 282 4258 Ἐγὼ
295 4178 343 4258 μὶν
357 4178 504 4258 ἐάουλόμην
525 4179 710 4261 συνεγίστεραν
725 4179 902 4256 ἐπιστέλλειν,
920 4187 937 4253 ἠ
1035 4181 1170 4263 Equidem
1183 4183 1347 4261 frequentius
1355 4182 1447 4243 literas
1457 4181 1494 4242 ad
1509 4195 1538 4264 te
1552 4182 1618 4243 dare
1628 4205 1708 4266 cupe-
1719 4200 1783 4245 anno
1791 4211 1814 4245 ιιι
1822 4217 1864 4259 μι-

166 4268 196 4330 δέ
209 4274 262 4329 τῶν
274 4271 508 4352 γραμματηφόρων
522 4273 616 4341 σπάνις
629 4277 678 4333 οὐκ
689 4273 782 4354 ἀφίησι
793 4274 841 4346 τὴν
852 4277 939 4334 ἐπιθυ-
993 4297 1061 4353 rem,
1087 4295 1182 4338 verum
1207 4274 1411 4335 tabellariorum
1435 4274 1548 4356 penuria
1572 4297 1617 4335 me
1639 4272 1777 4337 bancmur
1786 4261 1842 4322 ⁴⁰⁵·

167 4362 233 4440 μίαν
246 4363 343 4436 ταύτην
359 4367 395 4432 τίς
408 4364 484 4444 ἔργον
499 4367 600 4424 ἐλθεῖν·
615 4366 660 4425 καί
678 4366 760 4449 γάρὴ
780 4373 827 4427 τοῦ
840 4367 938 4449 χωρίου
993 4366 1167 4448 cupiditatem
1191 4365 1302 4444 exsequi
1333 4365 1445 4425 minium
1464 4365 1538 4424 sinit.
1564 4367 1635 4426 Nam
1660 4387 1710 4427 nec

165 4451 260 4512 τούτου
273 4453 444 4536 ἐρημία,καί
457 4461 472 4516 t
484 4458 537 4515 τῶν
551 4455 677 4538 Ἰσαάρων
693 4458 781 4538 ρόθος,
794 4459 873 4530 καλή
893 4466 939 4520 τοῦ
992 4459 1075 4538 hujus
1092 4457 1145 4518 loci
1158 4457 1288 4534 solitudo,
1307 4477 1355 4516 nec
1369 4459 1525 4516 isaurorum
1545 4470 1644 4535 metus,
1660 4478 1709 4520 nee

167 4547 298 4624 χειμῶνος
321 4546 466 4626 σφοδρότης
492 4551 540 4608 οὐκ
563 4549 698 4629 ἐπιτράπει
723 4556 839 4632 συνεχῶς
865 4575 938 4620 τινας
993 4549 1090 4611 hiemis
1100 4548 1230 4629 asperitas
1238 4547 1346 4626 aliquos
1354 4546 1389 4605 ad
1400 4567 1447 4606 nos
1458 4547 1551 4607 crebro
1560 4569 1709 4609 commeare

167 4641 234 4712 ἡμῖν
248 4637 442 4716 ἐπιχωριάζειν.
456 4637 524 4699 Ἀλλ’
535 4639 616 4717 ὅμως,
631 4641 676 4700 καί
687 4641 828 4723 γράφοντες
839 4643 884 4702 καί
898 4641 1094 4729 cvmsinunt.
1122 4639 1306 4700 Nihilominus
1337 4651 1435 4711 tamm,
1458 4638 1517 4699 sive
1546 4639 1707 4721 scribamus,

167 4731 281 4808 γῶντες,
296 4726 344 4799 τὴν
359 4728 441 4801 αὐτὴν
462 4731 503 4791 ἀεὶ
516 4732 577 4812 περί
592 4730 623 4792 cl
643 4735 776 4794 ’διάθεσιν
796 4742 937 4818 τηροῦμεν,
956 4746 976 4792 Α
992 4735 1050 4794 sive
1067 4747 1210 4806 taceamus,
1224 4729 1346 4789 eamdem
1359 4742 1464 4810 semper
1474 4750 1537 4809 erga
1550 4743 1576 4790 te
1589 4731 1708 4792 benevo-

167 4820 217 4892 ι-λν
240 4819 388 4900 προθυμίαν
409 4843 455 4880 σου
475 4823 521 4882 καὶ
542 4823 591 4896 riv
614 4824 729 4898 σπουδὴν
753 4828 937 4903 μανθάνοντες,
991 4827 1103 4889 lentiam
1116 4825 1273 4900 retinemus,
1286 4821 1409 4881 studium
1417 4822 1711 4902 scilicetatquecurant

167 4912 201 4983 ἡν
215 4912 282 4989 ὑπὲρ
302 4916 350 4982 τῆς
367 4912 494 4993 ὠφελείας
511 4920 559 4987 τῆς
573 4919 621 4988 σῆς
636 4916 705 4997 ἔχεις
722 4919 819 4997 ψυχῆς,
833 4917 893 4986 τούς
910 4941 938 4977 τε
993 4915 1179 4996 intelligentes,
1193 4937 1248 4995 qun
1261 4913 1358 4973 animae
1371 4928 1424 4973 tuae
1438 4914 1588 4974 commodis
1599 4914 1709 4996 prospi-

166 5008 194 5063 ἐν
212 5002 336 5084 εθλαάείρ
354 5006 454 5072 ζῶντας
466 5006 610 5066 ἀναπαύειν
625 5009 808 5083 ἐσπουδακὼς,
822 5010 868 5069 καί
890 5009 938 5082 την
994 5010 1043 5087 cis,
1062 5007 1129 5068 dum
1141 5028 1186 5067 eos
1202 5005 1251 5084 qui
1274 5026 1335 5065 curn
1359 5005 1459 5086 pietate
1477 5005 1574 5065 vivunt
1590 5027 1709 5067 recreare

166 5095 253 5167 καλὴν
265 5095 365 5167 ταύτην
378 5098 629 5177 πραγματευόμενος
644 5101 838 5184 πραγματείαν.
855 5104 939 5162 Ταῦτ’
993 5120 1026 5158 ac
1035 5097 1144 5157 relicere
1155 5095 1255 5172 studes,
1270 5108 1350 5174 atque
1362 5094 1391 5153 in
1404 5092 1456 5153 hoc
1466 5095 1594 5175 preclaro
1609 5116 1708 5155 mune·

164 5177 211 5246 οὗν
228 5187 317 5258 εἰδὼς,
338 5187 413 5269 κάριέ
436 5210 487 5268 μου
512 5189 658 5268 τιμιώτατε
678 5191 723 5250 καὶ
749 5192 940 5271 εθλαέἐατατε,
995 5213 1024 5251 re
1037 5190 1162 5252 versaris.
1177 5187 1245 5261 Quae
1259 5207 1321 5247 cum
1336 5185 1385 5244 tibi
1398 5185 1538 5267 explorata
1550 5187 1615 5267 sint,
1633 5209 1708 5250 rere-

199 5361 210 5384 ·
227 5347 290 5396 Tres
307 5347 363 5396 Mes
380 5351 475 5400 διάθεσιν
488 5324 646 5419 διατηροῦμιν.

352 5435 422 5471 rou.
448 5436 495 5472 ιιι.
1514 5410 1554 5469 ἐ8
