3764 5992
105 392 152 464 50
420 407 450 456 s.
477 403 617 455 rouums
643 399 823 451 currsosr.
852 400 1010 450 sucurre.
1036 398 1305 454 cousruurmor.

106 536 298 610 maturitatem,
313 533 358 596 rel
369 531 406 593 oh
419 531 532 591 nimiam
544 528 729 589 infirmitatem
743 523 826 586 desti·
880 526 1010 608 έχειπρδς
1020 526 1052 587 τδ
1066 531 1216 588 πιστεύσαι.
1225 530 1290 596 Πῶς
1303 516 1348 588 σύν
1360 526 1405 587 teet
1419 528 1468 599 τής
1479 527 1650 602 Χαναναίας,

106 644 182 690 tutus
198 627 304 691 viribus
323 623 432 686 credere
444 636 567 702 nequeat.
582 619 726 696 Quomodo
740 619 826 698 igitur
879 619 969 700 φησὶν,
985 619 1124 680 ἐπίστευσε
1150 619 1197 697 μέν
1221 624 1239 691 ἡ
1259 619 1366 701 μήτηρ,
1390 619 1565 702 ἐθεραπεύετο
1585 618 1649 694 δὲή

106 721 137 782 in
153 719 266 780 historia
280 718 447 791 chananaeae,
463 715 563 793 inquit,
578 710 695 772 credidit
712 709 825 789 quidem
879 711 1011 792 θυγάτηρ;
1023 712 1068 771 καί
1078 719 1124 772 τοῦ
1137 711 1332 792 ἑκατοντάρχου
1344 710 1371 770 δὲ
1385 712 1584 784 άπιστήσαντος
1597 714 1651 778 πῶς

107 825 204 890 mater,
230 811 288 870 lilia
303 830 371 871 vero
390 820 483 867 sanata
498 806 564 866 ost?
586 819 612 865 et
629 826 690 865 eum
706 801 825 863 centurio
878 808 970 872 θπαῖς
990 803 1129 876 ἀνίστατο,
1151 802 1197 862 καί
1211 802 1367 877 διεσύζετος
1382 804 1446 864 Ὀτι
1460 805 1509 864 οὐκ
1522 803 1651 876 ἠδύναντο

106 904 201 963 luisset
220 900 386 977 incredulus,
407 897 541 978 quomodo
560 918 628 979 puer
649 895 777 969 surrexit,
799 905 825 953 et
878 894 1011 956 πιστεύειν
1020 899 1044 955 ol
1054 894 1322 963 νοσοῦντες.Ἄκουσον
1334 887 1379 955 obe
1393 895 1421 954 τί
1434 901 1546 977 ρησινὴ
1562 897 1649 955 Xera·

107 994 199 1056 salvus
218 992 325 1054 evasit?
342 990 425 1064 Quod
442 989 574 1049 nimirum
594 988 701 1048 eredere
714 986 825 1046 minime
878 987 955 1048 ναίει·
970 986 1005 1047 Ἦ
1016 987 1132 1068 θυγάτηρ
1147 1010 1197 1065 μου
1212 992 1301 1056 κακῶς
1313 987 1513 1066 δαιμονίζεται,
1527 987 1574 1046 καὶ
1588 987 1649 1046 eorl

108 1101 215 1168 possent
225 1084 326 1166 aegroti.
340 1083 412 1144 Audi
424 1104 486 1143 sane
498 1083 566 1162 quid
577 1082 733 1141 Chananaeae
744 1079 824 1140 dicit:
880 1081 928 1160 μὲν
943 1080 1036 1139 πίπτει
1054 1083 1091 1147 είς
1110 1079 1140 1137 τὸ
1160 1078 1244 1160 ύδωρ,
1259 1079 1325 1141 nort
1340 1080 1369 1140 δί
1387 1083 1424 1148 είς
1442 1082 1474 1140 τὸ
1494 1085 1564 1160 πῦρ·
1585 1084 1603 1152 ή
1623 1078 1649 1140 ll

1 1178 826 1250 ret.15.Filiomeomoleodoemom'ovexatur,etnuno
879 1171 1043 1250 σκοτουμένη
1069 1171 1114 1231 καὶ
1142 1172 1322 1250 δαιμωνῶσα,
1349 1173 1395 1232 καὶ
1422 1171 1492 1250 μηδὲ
1514 1173 1542 1231 έν
1570 1175 1649 1251 ἑαυτῇ

89 1273 561 1356 ,ρυίόετκοαόὶεἱττσρτιανιιμιιιτιο
570 1280 668 1326 autem
677 1270 823 1347 inignem:
880 1264 1011 1342 δυναμένη
1029 1263 1150 1344 γενέσθαι
1166 1265 1246 1337 morl,
1271 1262 1339 1345 μηδὲ
1359 1264 1528 1344 ὑγιαίνουσα,
1549 1266 1609 1331 πῶς
1621 1263 1651 1322 δν

0 1323 99 1437 reaquq
109 1365 157 1425 illa
174 1386 239 1426 vero
253 1363 387 1441 vertigiue
404 1360 539 1436 laborans,
556 1374 583 1420 et
600 1382 616 1418 a
631 1359 752 1419 damone
767 1380 827 1418 cor·
879 1356 996 1429 ἠδυνήθη
1018 1361 1173 1432 πιστεῦσαι,
1187 1355 1238 1423 Ὧς
1260 1346 1304 1416 ούν
1332 1358 1377 1417 ἐπὶ
1406 1360 1454 1427 τῆς
1478 1355 1651 1424 Χαναναίας,

3 1451 53 1547 {js
62 1455 99 1548 ¹⁶²
109 1467 194 1535 repta,
223 1472 335 1530 quaque
353 1470 501 1531 numquam
520 1450 618 1509 montis
637 1470 692 1509 suae
714 1471 826 1531 compos
843 1465 862 1512 n
879 1448 947 1508 ούτω
962 1448 1009 1507 καὶ
1021 1447 1065 1508 ἐπὶ
1077 1455 1123 1508 τοῦ
1136 1447 1341 1529 ἑκατοντάρχου·
1355 1451 1383 1508 έν
1396 1453 1430 1529 τῇ
1441 1447 1653 1528 οἰκίαέύίύλητο

40 1535 45 1548 ’
75 1515 98 1561 7’
108 1566 166 1604 esse
177 1557 291 1626 poterat,
305 1563 391 1621 neque
404 1563 468 1602 sana
481 1561 546 1612 esse,
560 1562 613 1620 quo
627 1555 706 1622 paeto
720 1541 827 1602 credere
880 1538 1059 1615 θπαῖς,ούδδ
1072 1539 1148 1608 αύτδς
1158 1538 1233 1607 εἰδὼς
1241 1540 1285 1599 τδν
1295 1539 1420 1622 Χριστὸν,
1429 1538 1490 1600 οὐδὲ
1503 1538 1652 1606 ύστιςπυτί

109 1636 264 1720 potuisset?
281 1637 318 1695 Ut
336 1635 420 1715 igitur
437 1633 510 1715 apud
528 1633 719 1712 Chananaeam,
745 1634 827 1694 sicet
879 1624 923 1708 ήν,
940 1636 997 1700 πῶς
1010 1624 1054 1691 σύν
1075 1631 1176 1709 ἤμελλε
1195 1635 1234 1712 τῷ
1250 1631 1417 1712 άγνοουμίνῳ
1437 1629 1588 1701 πιστεύειν,
1608 1629 1653 1690 καλ

110 1729 184 1812 apud
198 1728 379 1790 centurionem
385 1750 394 1803 ς
409 1727 437 1786 in
451 1725 555 1785 aedibus
565 1727 672 1806 jacebat
686 1747 763 1806 puer,
779 1723 827 1806 qui
880 1716 911 1785 ού
926 1724 1058 1804 μηδεμίαν
1078 1723 1181 1784 οὐδέπω
1194 1732 1287 1805 πεῖραν
1306 1722 1425 1804 εἰλήφει,
1444 1723 1516 1782 Ἀλλ’
1538 1724 1588 1780 οθκ
1610 1719 1653 1781 ou

109 1843 159 1883 neo
171 1823 229 1904 ipse
244 1833 353 1880 noverat
372 1819 523 1897 Christum,
539 1837 625 1897 noque
643 1818 705 1897 quis
720 1817 828 1878 tandem
880 1817 973 1878 τούτου
985 1816 1041 1878 tori
1054 1824 1131 1877 τοῦτο
1145 1819 1246 1876 εἰπεῖν·
1267 1817 1325 1876 ἀλλ’
1341 1814 1493 1876 ἐπίστευσεν
1506 1817 1521 1873 ό
1533 1812 1654 1894 παράλυ-

110 1928 198 1974 esset:
216 1913 263 1992 qui
278 1911 406 1993 potuisset
420 1910 503 1989 igitur
519 1909 544 1968 ei
557 1929 638 1988 quem
651 1930 704 1969 non
717 1923 829 1970 noverat
880 1931 933 1978 τος.
947 1909 1033 1970 Πόθεν
1047 1914 1124 1969 τοῦτο
1144 1910 1237 1981 δῆλονς
1254 1907 1311 1967 Ἀπ’
1332 1910 1474 1967 αὐτοῦτοῦ
1494 1904 1595 1986 τρόπον
1607 1909 1655 1977 τῆς

111 2005 229 2082 credere,
247 2019 274 2065 et
287 2006 364 2085 cujus
375 2004 525 2086 periculum
539 2000 647 2061 nullum
660 2003 775 2062 fecerat?
792 2006 829 2062 At
880 2007 1063 2082 προσαγωγῆς.
1075 2002 1122 2075 Μή
1133 2000 1227 2082 γδρδή
1240 2001 1330 2067 ἅπλῶς
1341 1997 1524 2079 ἀκούσῃς,ότι
1534 2001 1654 2071 καθῆκαν

111 2098 182 2159 enim
201 2097 236 2157 de
255 2097 307 2156 boo
320 2095 410 2155 dicere
427 2094 500 2153 istud
518 2114 571 2153 non
591 2093 653 2153 licet
671 2117 677 2150 :
692 2093 827 2173 siquidem
880 2094 958 2154 αύτδν
973 2095 1017 2154 διὰ
1029 2101 1075 2154 τοῦ
1089 2093 1211 2174 στέγους·
1229 2095 1287 2152 ἀλλ’
1300 2091 1430 2165 ἐννόησον,
1441 2089 1501 2151 ὅσον
1516 2090 1589 2151 ἐστίν
1602 2092 1649 2170 ἆῤ-

41 2211 48 2254 t
67 2223 102 2253 em
112 2189 228 2251 eredidit
240 2188 417 2271 paralyticus.
433 2185 514 2247 Unde
526 2186 557 2246 id
570 2185 695 2245 constat?
708 2186 754 2246 Ex
767 2186 827 2267 ipso
852 2244 864 2283 γ
882 2191 1030 2268 ῥωστοῦντα
1050 2193 1127 2246 τοῦτο
1139 2190 1231 2245 παθεῖν
1252 2184 1401 2264 ἀνέχεσθαι.
1413 2181 1487 2243 'lore
1499 2182 1553 2263 γὰρ
1571 2181 1654 2254 δήπου

0 2287 21 2314 ’“
39 2275 80 2379 liei
112 2283 204 2362 modo,
220 2304 273 2361 quo
285 2281 420 2341 adductus
431 2292 478 2339 est.
492 2280 585 2357 Neque
594 2279 666 2338 enim
677 2277 747 2339 illud
759 2280 827 2340 osci·
840 2245 864 2346 λ
879 2285 965 2351 τοῦτο,
983 2279 1025 2340 ότι
1038 2278 1107 2338 otto
1121 2277 1282 2359 μικρόψυχοι
1293 2277 1339 2337 καί
1352 2276 1508 2357 δυσάρεστοι
1517 2273 1655 2342 νοσοῦντίς

82 2366 89 2381 ’
111 2389 199 2436 tanter
216 2373 327 2452 audias,
358 2370 431 2450 quod
449 2369 614 2430 demiserunt
632 2391 693 2430 eum
715 2393 762 2452 per
783 2385 827 2432 te-
881 2377 956 2448 είσιν,
970 2375 1006 2440 ὣς
1019 2372 1065 2432 καὶ
1079 2371 1128 2439 τὰς
1144 2369 1188 2430 ἐπὶ
1200 2369 1300 2447 ,κλίνης
1313 2367 1454 2451 θεραπείας
1468 2367 1656 2447 διακρούεσθαι

110 2481 185 2529 ctum
196 2466 262 2528 :sed
278 2487 339 2525 oum
353 2464 443 2524 auimo
463 2476 510 2522 tuo
526 2475 630 2544 reputa,
648 2476 781 2542 quantum
793 2464 829 2525 sit
881 2462 1017 2538 πολλάκις,
1029 2462 1075 2523 καί
1085 2457 1655 2543 αίρεῖσθαιτδιςάπὸτῶννοσημάτωνρίρειν

110 2568 241 2636 agrotum
253 2554 281 2613 id
289 2553 346 2634 pati
356 2565 510 2612 contentum
518 2571 583 2610 esse.
597 2550 684 2610 Probe
693 2550 828 2631 siquidem
881 2555 983 2631 ὀδύνας,
994 2555 1012 2628 ἢ
1024 2555 1072 2628 τήν
1087 2556 1140 2614 ἀπὸ
1159 2557 1212 2614 τῶν
1228 2553 1404 2634 βοηθημάτων
1428 2550 1570 2630 θπυμίνειν
1590 2549 1656 2609 ut-

109 2647 193 2708 nostis
207 2646 273 2706 adeo
286 2645 470 2727 pusillanimes
483 2663 515 2702 ao
527 2663 647 2702 morosos
659 2664 744 2722 aegros
758 2666 825 2742 esse²
881 2652 981 2729 χθειαν.
990 2639 1076 2716 Οὗτος
1084 2647 1112 2706 ll
1121 2646 1167 2706 καί
1173 2650 1221 2718 τῆς
1227 2645 1310 2713 οἰκίας
1318 2647 1455 2728 προελθεῖν
1463 2642 1604 2722 ἠνέσχετο,
1610 2639 1656 2699 καί

110 2751 142 2797 ut
153 2735 302 2797 ministeria
313 2757 373 2814 quae
381 2735 533 2814 jacentibus
544 2732 572 2792 in
583 2733 651 2792 lecto
660 2734 827 2813 deseruntur,
883 2745 920 2807 εἰς
933 2740 1031 2821 ἀγορὰν
1042 2740 1166 2819 ἐμύαλεῑν
1178 2738 1388 2820 βασταζόμενος,
1399 2735 1445 2795 καί
1459 2735 1591 2796 τοσούτων
1604 2754 1657 2793 πα·

110 2848 295 2911 saepenumero
324 2839 490 2898 aversentur,
510 2823 660 2903 malintque
673 2825 828 2885 morborum
883 2831 980 2912 ρόνσων
992 2832 1083 2891 ἑαυτὸν
1096 2830 1232 2900 ἐπιδεῖξαι,
1243 2831 1298 2891 Καὶ
1306 2836 1384 2890 τοῦτο
1396 2827 1424 2888 δὲ
1436 2827 1493 2895 ἔθος
1505 2836 1561 2892 τοῖς
1572 2828 1657 2905 ἀρρω-

109 2918 216 2982 dolores
234 2920 360 3001 perferre,
384 2938 465 2996 quam
479 2915 613 2975 molestias
621 2917 771 2997 eorumqui
781 2917 829 2977 ad·
883 2930 988 2984 σσοθσιν
1008 2929 1186 2999 ἐναποθανεῖν,
1199 2923 1217 2996 θ,
1230 2922 1277 2991 τδς
1296 2921 1394 2988 οἰκείας
1413 2918 1564 2999 ἐκκαλύψαι
1586 2941 1656 2996 ουρ.

106 3013 347 3096 juvantsustinere.
355 3011 510 3070 lstevoroet
519 3029 554 3069 ex
560 3008 829 3090 adibusegredicou-
885 3017 974 3100 ροράς,
989 3017 1058 3077 Ἀλλ’
1073 3021 1124 3098 οὐχ
1135 3023 1150 3077 t
1163 3017 1297 3097 ἄρρωστος
1316 3006 1391 3081 οὗτος
1406 3011 1504 3082 οὕτως,
1519 3013 1580 3071 ἀλλ’
1595 3009 1656 3070 tube

110 3121 198 3168 tentus
206 3120 273 3180 erat,
284 3118 309 3164 ot
320 3125 366 3186 por
376 3104 464 3162 lorum
476 3101 589 3182 ingredi,
600 3123 664 3162 oum
672 3116 828 3183 gestaretur,
882 3110 914 3171 τδ
933 3109 1040 3192 θέατρον
1061 3107 1280 3190 πεπληρωμένον,
1304 3104 1353 3174 τδς
1378 3105 1495 3172 εἰσόδους
1517 3108 1659 3164 ἀποτετει-

109 3221 191 3279 seque
203 3212 243 3258 tot
255 3198 433 3280 praesenubus
445 3196 605 3256 hominibus
617 3195 766 3257 ostendere.
780 3197 830 3258 Est
882 3203 1030 3285 χισμίναι,
1042 3202 1088 3261 τὸν
1102 3200 1198 3280 λιμένα
1218 3198 1466 3277 dumetorum,
1480 3197 1525 3257 διὰ
1537 3204 1585 3258 τοῦ
1598 3195 1657 3255 eet-

110 3292 163 3353 hoo
175 3292 257 3352 etiam
267 3292 295 3350 in
309 3311 384 3349 more
394 3289 512 3370 positum
525 3301 698 3368 egrotorum,
715 3292 763 3368 [ut
776 3311 828 3351 non
847 3317 865 3363 B
882 3320 944 3376 γους
954 3294 1082 3376 ἠνέσχετο
1090 3296 1267 3375 χαλασθῆναι.
1279 3291 1373 3360 Ούτως
1383 3290 1532 3371 εὐμήχανον
1544 3288 1656 3361 όπόθος,

111 3385 192 3445 saoile
200 3384 284 3446 velint
294 3383 382 3443 ullum
391 3402 446 3440 suaa
454 3380 827 3462 agritudiniseseteuemp
883 3388 929 3449 καὶ
955 3388 1064 3468 εὔπορον
1077 3390 1095 3458 ἡ
1110 3386 1211 3465 ἀγάπη.
1236 3383 1290 3445 Kal
1311 3383 1364 3464 γάρ
1384 3388 1399 3442 δ
1416 3385 1501 3455 ζητῶν
1525 3380 1656 3463 εὑρίσκει,

110 3480 150 3540 sic
163 3492 195 3538 ut
207 3476 287 3538 multi
300 3474 444 3535 maluerint
459 3473 580 3555 oppressi
593 3474 696 3536 morbis
709 3475 828 3558 interire,
884 3483 930 3542 καί
944 3505 983 3565 πρ
1004 3481 1123 3563 κρούοντι
1143 3478 1324 3559 ἀνοιγήσεται.
1346 3479 1406 3536 Οὐκ
1428 3467 1486 3536 εἶπε
1509 3475 1577 3557 πρὸς
1598 3473 1658 3541 τούς

110 3592 193 3651 quam
203 3569 367 3631 calamitates
380 3588 442 3627 snas
454 3565 585 3647 detegere.
600 3569 636 3627 tlt
645 3588 698 3627 non
710 3568 748 3628 ita
760 3590 832 3650 aeger
884 3576 1065 3656 προσήκοντας
1087 3575 1173 3652 αύτῷ·
1197 3569 1224 3630 τί
1244 3593 1311 3631 ποτε
1329 3569 1406 3630 τοῦτό
1426 3571 1512 3640 έστινς
1532 3567 1562 3627 τί
1577 3573 1654 3647 θορν-

112 3663 174 3743 ῐδῐθ,
186 3685 281 3724 verum
291 3683 354 3722 cum
364 3659 763 3742 repletumvldeoellhffllrum,
774 3663 832 3723 adl·
885 3669 987 3742 δεῖσθε,
1001 3667 1028 3726 τί
1041 3667 1068 3726 δὲ
1084 3665 1233 3746 ἐπείγεσθε,
1246 3661 1438 3744 Ἀνασχώμεθα
1460 3664 1610 3732 κενωθῆναι
1628 3659 1658 3719 τὸ

112 3769 156 3815 tus
175 3755 343 3826 interclusos,
365 3768 475 3836 portum
494 3754 646 3836 obseptum,
668 3769 832 3837 perlectum
886 3759 1029 3840 δωμάτιον,
1042 3759 1194 3830 διαλυθῆναι
1207 3756 1238 3817 τδ
1253 3754 1375 3837 θέατρον·
1394 3751 1614 3834 ἀναχωρήσουσιν
1632 3751 1657 3811 ol

112 3845 219 3907 demitti
232 3859 369 3905 eontentus
382 3846 444 3906 suit.
460 3844 533 3905 Adeo
547 3846 630 3906 solers
643 3861 683 3907 est
702 3870 789 3928 amor,
807 3863 833 3911 et
886 3851 1098 3934 συνειλεγμένοι,
1123 3848 1287 3928 δυνησόμεθα
1309 3845 1429 3906 κατιδίαν
1450 3848 1522 3926 αὐτῷ
1544 3844 1658 3924 προσελ-

15 3990 21 4002 .
66 3989 72 4004 .
113 3937 233 4018 locuples
249 3936 355 3997 caritas.
379 3937 450 3996 Nam
474 3936 522 4014 qui
547 3936 643 4014 quatit
659 3938 782 4020 invenit,
807 3956 835 4002 et
887 3954 950 4021 θεῖν,
969 3946 1015 4006 καλ
1030 3943 1095 4024 ’περὶ
1110 3944 1208 4002 τούτων
1229 3938 1467 4000 άνακοινιύσασθαι.
1482 3937 1519 3997 Τί
1534 3938 1574 3998 δεῖ
1592 3935 1657 3997 πάν·

114 4028 233 4111 pulsanti
253 4028 398 4108 aperietur.
416 4029 476 4087 Non
493 4026 566 4086 dixit
580 4029 739 4110 propinquis
754 4032 832 4111 suis,
887 4064 939 4099 σων
951 4037 1071 4119 ὁρώντων
1088 4039 1124 4104 εἰς
1142 4035 1223 4114 μέσον
1236 4037 1394 4114 προτεθῆναι
1407 4030 1454 4098 τδς
1469 4028 1536 4109 έμδις
1556 4052 1656 4111 συμφο-

114 4120 190 4194 Quid
204 4121 257 4180 hoo
269 4120 307 4179 rei
326 4120 386 4179 est?
406 4119 472 4197 quid
490 4119 663 4180 turbamini?
680 4123 748 4201 quid
770 4146 835 4186 vero
889 4130 950 4212 ρλς,
964 4129 1009 4189 καί
1024 4129 1121 4189 ἄνωθεν
1136 4130 1283 4208 χαλᾶσθαι,
1297 4123 1343 4184 καί
1358 4128 1533 4203 ἀσχημονεῑν;
1548 4121 1656 4182 Τούτων

115 4212 287 4297 properatis?
301 4211 497 4293 Exspectemus
509 4233 650 4292 quousque
663 4212 761 4276 domus
771 4237 836 4278 eva·
888 4221 960 4284 οὐδὲν
972 4225 1069 4288 ἐκεῖνος
1082 4219 1142 4280 ούτε
1155 4220 1219 4302 πρὸς
1233 4216 1335 4290 ἑαυτὸν,
1353 4216 1412 4275 οὔτε
1427 4214 1493 4295 πρὸς
1509 4214 1571 4282 τοὺς
1583 4214 1659 4294 κομί-

116 4322 220 4383 tuetur,
239 4306 376 4365 theatrum
388 4304 556 4365 dimittatur:
566 4305 689 4366 recedent
702 4309 751 4387 qui
770 4331 835 4372 con·
888 4319 979 4384 ζοντας
994 4305 1076 4388 εἶπεν,
1090 4311 1159 4372 ἀλλὰ
1174 4310 1272 4391 κόσμον
1286 4300 1353 4369 εἶναι
1366 4307 1468 4386 ἐνόμιζε
1481 4306 1511 4366 τὸ
1523 4308 1660 4390 μάρτυρας

117 4399 221 4480 gregati
236 4410 307 4474 sunt,
319 4396 467 4478 poterimus
479 4396 609 4478 privatim
621 4398 656 4458 ad
670 4399 750 4461 illum
761 4425 836 4465 acce·
852 4425 872 4474 c
888 4406 1025 4474 τοσούτους
1037 4405 1199 4478 ποιήσασθαι
1210 4406 1257 4475 τῆς
1267 4406 1360 4461 ἑαυτοῦ
1371 4406 1398 4460 θε
1434 4398 1519 4466 πείας.
1533 4403 1594 4460 Οὐκ
1608 4399 1660 4461 tet

118 4494 192 4571 dore,
210 4513 241 4551 ac
261 4491 296 4551 de
323 4490 367 4549 his
390 4490 471 4550 rebus
492 4489 571 4550 illum
591 4492 738 4554 consulere.
760 4496 836 4571 Quid
889 4500 981 4560 τούτου
1001 4498 1028 4559 δὲ
1048 4497 1126 4577 μόνον
1142 4500 1220 4557 αὐτοῦ
1232 4494 1281 4568 τήν
1294 4493 1383 4555 πίστιν
1416 4493 1518 4564 νίδεῖν,
1533 4492 1602 4552 ἀλλὰ
1615 4491 1660 4553 καλ

118 4607 188 4666 opus
210 4596 249 4644 est
278 4582 489 4664 inspectantibus
516 4583 643 4644 omnibus
671 4585 838 4650 calamitates
890 4597 937 4654 ἀπ’
952 4596 1037 4653 αὐτῶν
1056 4595 1108 4650 τῶν
1127 4597 1174 4650 τοῦ
1196 4589 1312 4666 Χριστοῦ
1327 4585 1462 4668 ῥημάτων.
1481 4583 1594 4656 ἘπειδθΙ
1608 4584 1660 4664 γάρ

119 4698 192 4736 meas
203 4676 231 4736 in
250 4674 369 4735 medium
384 4674 509 4755 proferri,
529 4689 556 4735 et
567 4673 687 4757 desuper.
696 4678 831 4752 submitti,
890 4685 1028 4766 έχαλάσθη
1049 4682 1095 4745 καί
1114 4681 1301 4762 προσηνέχθη,
1315 4678 1395 4760 φησὶν
1415 4678 1488 4758 αὐτῷ
1503 4681 1518 4737 θ
1533 4677 1660 4756 Χριστός·

118 4767 579 4846 atqueindecoremoveriiHorum
588 4768 836 4853 nibilautapndse
890 4776 1013 4856 Θάρσει,
1037 4775 1138 4850 τέκνον,
1163 4769 1297 4853 ἀφέωνταί
1322 4794 1363 4830 σοι
1389 4772 1416 4827 at
1440 4766 1581 4849 ἁμαρτίαι.
1607 4768 1662 4828 Kal

118 4872 165 4919 aut
181 4858 216 4917 ad
230 4880 274 4918 eos
286 4859 334 4937 qui
354 4880 382 4918 se
400 4860 540 4941 gestabant
561 4861 704 4940 eloquutus
720 4877 769 4939 est,
792 4863 840 4925 sed
890 4874 975 4930 ταῦτα
998 4867 1112 4935 άκούσας
1133 4867 1182 4924 οὐκ
1202 4863 1394 4941 ἠγανάκτησεν,
1410 4863 1458 4919 ούκ
1478 4858 1663 4940 ἐδυσχέρανεν,

119 4965 275 5012 ornamento
288 4952 342 5011 sibi
355 4974 411 5012 osse
425 4953 516 5030 duxit,
537 4968 568 5013 ut
579 4968 635 5014 tam
647 4954 747 5016 multos
761 4979 839 5017 cura·
892 4967 939 5023 οὐκ
964 4953 1022 5022 εἶπε
1038 4960 1104 5041 πρδς
1120 4959 1165 5018 τδν
1179 4956 1282 5038 ἰατρόν·
1296 4953 1323 5015 τί
1340 4978 1405 5015 ποτε
1417 4952 1495 5014 τοῦτό
1506 4955 1597 5028 έστιν;
1608 4953 1664 5013 ἔτι.

119 5043 201 5104 tionis
212 5056 351 5103 suetostos
361 5043 493 5106 redderet.
506 5047 599 5126 Neque
608 5069 675 5108 vero
690 5062 794 5111 tantum
804 5069 841 5111 ex
895 5078 937 5136 ρον
962 5046 1042 5127 ήλθον
1064 5049 1376 5131 &promptissimorum
1403 5047 1449 5106 καί
1472 5046 1561 5126 ἕτερον
1586 5046 1665 5113 αι’ντδς

120 5138 172 5197 hoc
191 5133 260 5194 fides
273 5134 330 5214 ejus
345 5136 417 5194 cerni
433 5151 549 5217 poterat,
572 5139 713 5200 sedetiam
726 5162 759 5201 ex
774 5143 841 5224 ipsis
893 5144 1044 5227 θεραπεύεις
1063 5145 1167 5222 Σκῆψις
1186 5148 1269 5201 ταῦτα
1290 5139 1337 5200 καί
1356 5139 1504 5219 πρόφασις,
1524 5137 1571 5197 καί
1589 5141 1664 5197 άυθι-

121 5225 221 5287 Christi
239 5224 338 5286 verbis.
357 5226 501 5305 Postquam
518 5230 590 5290 enim
606 5231 739 5295 demissus
754 5249 794 5295 est
814 5251 840 5296 et
893 5239 961 5306 νείας
974 5235 1196 5318 προκαλύμματα.
1212 5231 1353 5314 Ἁμαρτίας
1372 5231 1456 5313 α’ρίεις
1471 5229 1519 5300 τὰς
1532 5233 1581 5311 ούχ
1593 5235 1663 5311 δρω-
