<?xml version="1.0" encoding="UTF-8"?>
<!DOCTYPE html PUBLIC "-//W3C//DTD XHTML 1.0 Transitional//EN"
    "http://www.w3.org/TR/xhtml1/DTD/xhtml1-transitional.dtd">
<html xmlns="http://www.w3.org/1999/xhtml" xml:lang="en" lang="en">
 <head>
  <title>
</title>
<meta http-equiv="Content-Type" content="text/html;charset=utf-8" />
  <meta name='ocr-system' content='tesseract 3.04.00' />
  <meta name='ocr-capabilities' content='ocr_page ocr_carea ocr_par ocr_line ocrx_word'/>
</head>
<body>
  <div class='ocr_page' id='page_1' title='image "./sanctipatrisnos03chrygoog/sanctipatrisnos03chrygoog_0425.png"; bbox 0 0 3764 5992; ppageno 0'>
   <div class='ocr_carea' id='block_1_1' title="bbox 863 17 1564 199">
    <p class='ocr_par' dir='ltr' id='par_1_1' title="bbox 863 17 1564 199">
     <span class='ocr_line' id='line_1_1' title="bbox 863 17 1088 81; baseline -0.009 -18"><span class='ocrx_word' id='word_1_1' title='bbox 863 17 1088 81; x_wconf 55' lang='lat' dir='ltr'><strong>&#39;juv-qa·</strong></span> 
     </span>
     <span class='ocr_line' id='line_1_2' title="bbox 933 86 1564 199; baseline -0.016 0"><span class='ocrx_word' id='word_1_2' title='bbox 933 86 1057 199; x_wconf 55' lang='lat' dir='ltr'><strong>eg»</strong></span> <span class='ocrx_word' id='word_1_3' title='bbox 1496 118 1564 193; x_wconf 71' lang='lat' dir='ltr'><strong>,u</strong></span> 
     </span>
    </p>
   </div>
   <div class='ocr_carea' id='block_1_2' title="bbox 241 18 803 353">
    <p class='ocr_par' dir='ltr' id='par_1_2' title="bbox 241 18 803 353">
     <span class='ocr_line' id='line_1_3' title="bbox 578 18 655 53; baseline -0.013 1"><span class='ocrx_word' id='word_1_4' title='bbox 578 18 591 43; x_wconf 61' lang='grc' dir='ltr'>ι</span> <span class='ocrx_word' id='word_1_5' title='bbox 613 18 620 33; x_wconf 49' lang='grc' dir='ltr'><strong>ι</strong></span> <span class='ocrx_word' id='word_1_6' title='bbox 652 48 655 53; x_wconf 92' lang='grc'>.</span> 
     </span>
     <span class='ocr_line' id='line_1_4' title="bbox 364 88 731 167; baseline -0.005 -24"><span class='ocrx_word' id='word_1_7' title='bbox 364 94 368 103; x_wconf 59' lang='grc' dir='ltr'>Ι</span> <span class='ocrx_word' id='word_1_8' title='bbox 505 88 510 97; x_wconf 54' lang='grc'>.</span> <span class='ocrx_word' id='word_1_9' title='bbox 583 110 635 153; x_wconf 61' lang='grc' dir='ltr'><strong>ιν,’,</strong></span> <span class='ocrx_word' id='word_1_10' title='bbox 664 140 682 167; x_wconf 61' lang='grc' dir='ltr'><strong>Γ,</strong></span> <span class='ocrx_word' id='word_1_11' title='bbox 708 112 731 145; x_wconf 69' lang='lat' dir='ltr'><strong>,h</strong></span> 
     </span>
     <span class='ocr_line' id='line_1_5' title="bbox 241 160 766 233; baseline 0.002 -23"><span class='ocrx_word' id='word_1_12' title='bbox 241 204 269 233; x_wconf 36' lang='lat' dir='ltr'><strong>v„</strong></span> <span class='ocrx_word' id='word_1_13' title='bbox 566 198 571 211; x_wconf 76' lang='grc'>,</span> <span class='ocrx_word' id='word_1_14' title='bbox 673 160 766 225; x_wconf 54' lang='lat' dir='ltr'><strong>cistll-</strong></span> 
     </span>
     <span class='ocr_line' id='line_1_6' title="bbox 316 190 803 353; baseline -0.004 -81"><span class='ocrx_word' id='word_1_15' title='bbox 316 244 328 273; x_wconf 79' lang='lat' dir='ltr'><strong>s</strong></span> <span class='ocrx_word' id='word_1_16' title='bbox 497 240 523 284; x_wconf 52' lang='lat' dir='ltr'><strong>qr</strong></span> <span class='ocrx_word' id='word_1_17' title='bbox 621 190 777 353; x_wconf 42' lang='lat' dir='ltr'><strong>&#39;‘mm&#39;&#39;</strong></span> <span class='ocrx_word' id='word_1_18' title='bbox 800 266 803 271; x_wconf 91' lang='lat'>.</span> 
     </span>
    </p>
   </div>
   <div class='ocr_carea' id='block_1_3' title="bbox 405 456 1080 515">
    <p class='ocr_par' dir='ltr' id='par_1_3' title="bbox 405 456 1080 515">
     <span class='ocr_line' id='line_1_7' title="bbox 405 456 1080 515; baseline -0.009 1"><span class='ocrx_word' id='word_1_19' title='bbox 405 467 554 515; x_wconf 68' lang='lat' dir='ltr'><strong>Peccata</strong></span> <span class='ocrx_word' id='word_1_20' title='bbox 584 464 741 513; x_wconf 71' lang='lat' dir='ltr'><strong>t&#39;ttarttttnt</strong></span> <span class='ocrx_word' id='word_1_21' title='bbox 770 462 836 509; x_wconf 74' lang='lat' dir='ltr'><strong>NON</strong></span> <span class='ocrx_word' id='word_1_22' title='bbox 864 456 1080 510; x_wconf 70' lang='lat' dir='ltr'><strong>retuterunt.</strong></span> 
     </span>
    </p>
   </div>
   <div class='ocr_carea' id='block_1_4' title="bbox 144 576 1508 1131">
    <p class='ocr_par' dir='ltr' id='par_1_4' title="bbox 144 576 1505 679">
     <span class='ocr_line' id='line_1_8' title="bbox 144 576 1505 679; baseline -0.012 -22"><span class='ocrx_word' id='word_1_23' title='bbox 144 596 217 673; x_wconf 80' lang='grc' dir='ltr'>ῑόξα,</span> <span class='ocrx_word' id='word_1_24' title='bbox 230 595 338 679; x_wconf 72' lang='lat' dir='ltr'><strong>spirae,</strong></span> <span class='ocrx_word' id='word_1_25' title='bbox 349 592 429 666; x_wconf 77' lang='grc' dir='ltr'>τιιιὴ,</span> <span class='ocrx_word' id='word_1_26' title='bbox 442 589 743 675; x_wconf 78' lang='grc' dir='ltr'>προσκύνησις,νῢνκαὶ</span> <span class='ocrx_word' id='word_1_27' title='bbox 794 606 900 667; x_wconf 87' lang='lat' dir='ltr'><strong>semper</strong></span> <span class='ocrx_word' id='word_1_28' title='bbox 910 605 972 645; x_wconf 90' lang='lat' dir='ltr'><strong>oum</strong></span> <span class='ocrx_word' id='word_1_29' title='bbox 982 582 1031 644; x_wconf 90' lang='lat' dir='ltr'><strong>illo</strong></span> <span class='ocrx_word' id='word_1_30' title='bbox 1044 602 1194 661; x_wconf 85' lang='lat' dir='ltr'><strong>versemur,</strong></span> <span class='ocrx_word' id='word_1_31' title='bbox 1212 582 1322 664; x_wconf 87' lang='lat' dir='ltr'><strong>ejusque</strong></span> <span class='ocrx_word' id='word_1_32' title='bbox 1330 578 1417 661; x_wconf 72' lang='lat' dir='ltr'><strong>grafia</strong></span> <span class='ocrx_word' id='word_1_33' title='bbox 1436 576 1505 663; x_wconf 76' lang='lat' dir='ltr'><strong>salvi</strong></span> 
     </span>
    </p>

    <p class='ocr_par' dir='ltr' id='par_1_5' title="bbox 144 669 1508 1131">
     <span class='ocr_line' id='line_1_9' title="bbox 144 669 1506 764; baseline -0.017 -12"><span class='ocrx_word' id='word_1_34' title='bbox 144 686 208 759; x_wconf 68' lang='lat' dir='ltr'><strong>rahe</strong></span> <span class='ocrx_word' id='word_1_35' title='bbox 219 690 317 755; x_wconf 62' lang='lat' dir='ltr'><strong>atain</strong></span> <span class='ocrx_word' id='word_1_36' title='bbox 329 690 382 747; x_wconf 84' lang='grc' dir='ltr'><strong>τῶν</strong></span> <span class='ocrx_word' id='word_1_37' title='bbox 394 683 505 746; x_wconf 74' lang='grc' dir='ltr'><strong>αἰώνων.</strong></span> <span class='ocrx_word' id='word_1_38' title='bbox 521 683 614 764; x_wconf 77' lang='grc' dir='ltr'>Ἀμήν.</span> <span class='ocrx_word' id='word_1_39' title='bbox 794 677 867 750; x_wconf 83' lang='lat' dir='ltr'><strong>lacti,</strong></span> <span class='ocrx_word' id='word_1_40' title='bbox 875 674 975 736; x_wconf 81' lang='lat' dir='ltr'><strong>suturis</strong></span> <span class='ocrx_word' id='word_1_41' title='bbox 985 674 1066 737; x_wconf 82' lang='lat' dir='ltr'><strong>banis</strong></span> <span class='ocrx_word' id='word_1_42' title='bbox 1072 672 1322 756; x_wconf 70' lang='lat' dir='ltr'><strong>perfruamurrquae</strong></span> <span class='ocrx_word' id='word_1_43' title='bbox 1331 670 1409 731; x_wconf 89' lang='lat' dir='ltr'><strong>nohis</strong></span> <span class='ocrx_word' id='word_1_44' title='bbox 1417 669 1506 731; x_wconf 91' lang='lat' dir='ltr'><strong>omni·</strong></span> 
     </span>
     <span class='ocr_line' id='line_1_10' title="bbox 794 763 1506 849; baseline -0.014 -18"><span class='ocrx_word' id='word_1_45' title='bbox 794 771 846 831; x_wconf 87' lang='lat' dir='ltr'><strong>bus</strong></span> <span class='ocrx_word' id='word_1_46' title='bbox 858 769 962 849; x_wconf 69' lang='lat' dir='ltr'><strong>assequi</strong></span> <span class='ocrx_word' id='word_1_47' title='bbox 981 769 1118 849; x_wconf 87' lang='lat' dir='ltr'><strong>contingat</strong></span> <span class='ocrx_word' id='word_1_48' title='bbox 1137 766 1166 827; x_wconf 93' lang='lat' dir='ltr'><strong>in</strong></span> <span class='ocrx_word' id='word_1_49' title='bbox 1186 766 1295 827; x_wconf 88' lang='lat' dir='ltr'><strong>christo</strong></span> <span class='ocrx_word' id='word_1_50' title='bbox 1312 767 1376 827; x_wconf 88' lang='lat' dir='ltr'><strong>lesu</strong></span> <span class='ocrx_word' id='word_1_51' title='bbox 1389 763 1506 825; x_wconf 91' lang='lat' dir='ltr'><strong>Domino</strong></span> 
     </span>
     <span class='ocr_line' id='line_1_11' title="bbox 796 856 1506 943; baseline -0.013 -19"><span class='ocrx_word' id='word_1_52' title='bbox 796 878 899 936; x_wconf 88' lang='lat' dir='ltr'><strong>nostro,</strong></span> <span class='ocrx_word' id='word_1_53' title='bbox 912 884 975 923; x_wconf 94' lang='lat' dir='ltr'><strong>cum</strong></span> <span class='ocrx_word' id='word_1_54' title='bbox 986 884 1040 943; x_wconf 90' lang='lat' dir='ltr'><strong>quo</strong></span> <span class='ocrx_word' id='word_1_55' title='bbox 1055 860 1130 921; x_wconf 86' lang='lat' dir='ltr'><strong>Patri</strong></span> <span class='ocrx_word' id='word_1_56' title='bbox 1147 882 1200 920; x_wconf 88' lang='lat' dir='ltr'><strong>una</strong></span> <span class='ocrx_word' id='word_1_57' title='bbox 1215 881 1278 919; x_wconf 92' lang='lat' dir='ltr'><strong>cum</strong></span> <span class='ocrx_word' id='word_1_58' title='bbox 1295 856 1401 940; x_wconf 88' lang='lat' dir='ltr'><strong>Spiritu</strong></span> <span class='ocrx_word' id='word_1_59' title='bbox 1413 869 1506 917; x_wconf 88' lang='lat' dir='ltr'><strong>sancto</strong></span> 
     </span>
     <span class='ocr_line' id='line_1_12' title="bbox 798 950 1508 1037; baseline -0.01 -22"><span class='ocrx_word' id='word_1_60' title='bbox 798 955 883 1037; x_wconf 89' lang='lat' dir='ltr'><strong>gloria</strong></span> <span class='ocrx_word' id='word_1_61' title='bbox 887 1000 896 1029; x_wconf 92' lang='lat'><em>,</em></span> <span class='ocrx_word' id='word_1_62' title='bbox 907 953 1049 1035; x_wconf 88' lang='lat' dir='ltr'><strong>imperium</strong></span> <span class='ocrx_word' id='word_1_63' title='bbox 1059 999 1068 1027; x_wconf 89' lang='lat'>,</span> <span class='ocrx_word' id='word_1_64' title='bbox 1078 953 1174 1027; x_wconf 90' lang='lat' dir='ltr'><strong>honor,</strong></span> <span class='ocrx_word' id='word_1_65' title='bbox 1180 950 1311 1027; x_wconf 86' lang='lat' dir='ltr'><strong>adoratio,</strong></span> <span class='ocrx_word' id='word_1_66' title='bbox 1321 971 1392 1010; x_wconf 93' lang='lat' dir='ltr'><strong>nunc</strong></span> <span class='ocrx_word' id='word_1_67' title='bbox 1402 963 1429 1010; x_wconf 91' lang='lat' dir='ltr'><strong>ct</strong></span> <span class='ocrx_word' id='word_1_68' title='bbox 1438 970 1508 1009; x_wconf 87' lang='lat' dir='ltr'><strong>scm·</strong></span> 
     </span>
     <span class='ocr_line' id='line_1_13' title="bbox 799 1042 1341 1131; baseline -0.006 -24"><span class='ocrx_word' id='word_1_69' title='bbox 799 1070 857 1131; x_wconf 82' lang='lat' dir='ltr'><strong>per,</strong></span> <span class='ocrx_word' id='word_1_70' title='bbox 873 1061 899 1107; x_wconf 89' lang='lat' dir='ltr'><strong>ct</strong></span> <span class='ocrx_word' id='word_1_71' title='bbox 912 1042 940 1106; x_wconf 87' lang='lat' dir='ltr'><strong>in</strong></span> <span class='ocrx_word' id='word_1_72' title='bbox 954 1047 1050 1107; x_wconf 74' lang='lat' dir='ltr'><strong>secuta</strong></span> <span class='ocrx_word' id='word_1_73' title='bbox 1064 1045 1232 1107; x_wconf 75' lang='lat' dir='ltr'><strong>seculorum.</strong></span> <span class='ocrx_word' id='word_1_74' title='bbox 1247 1048 1341 1105; x_wconf 78' lang='lat' dir='ltr'><strong>Amen.</strong></span> 
     </span>
    </p>
   </div>
   <div class='ocr_carea' id='block_1_5' title="bbox 546 1382 952 1509">
    <p class='ocr_par' dir='ltr' id='par_1_6' title="bbox 546 1382 952 1509">
     <span class='ocr_line' id='line_1_14' title="bbox 546 1382 952 1509; baseline 0.002 -1"><span class='ocrx_word' id='word_1_75' title='bbox 546 1382 952 1509; x_wconf 87' lang='lat' dir='ltr'>MONITUM</span> 
     </span>
    </p>
   </div>
   <div class='ocr_carea' id='block_1_6' title="bbox 144 1628 1454 1721">
    <p class='ocr_par' dir='ltr' id='par_1_7' title="bbox 144 1628 1454 1721">
     <span class='ocr_line' id='line_1_15' title="bbox 144 1628 1454 1721; baseline -0.003 -12"><span class='ocrx_word' id='word_1_76' title='bbox 144 1628 392 1711; x_wconf 78' lang='lat' dir='ltr'><strong>flotttttnnt</strong></span> <span class='ocrx_word' id='word_1_77' title='bbox 415 1633 478 1707; x_wconf 84' lang='lat' dir='ltr'><strong>DE</strong></span> <span class='ocrx_word' id='word_1_78' title='bbox 503 1630 601 1707; x_wconf 91' lang='lat' dir='ltr'><strong>NON</strong></span> <span class='ocrx_word' id='word_1_79' title='bbox 625 1629 929 1709; x_wconf 82' lang='lat' dir='ltr'><strong>EVULGANDlS</strong></span> <span class='ocrx_word' id='word_1_80' title='bbox 952 1629 1185 1708; x_wconf 81' lang='lat' dir='ltr'>FRATRUM</span> <span class='ocrx_word' id='word_1_81' title='bbox 1210 1631 1454 1721; x_wconf 74' lang='lat' dir='ltr'><strong>PliccATlS,</strong></span> 
     </span>
    </p>
   </div>
   <div class='ocr_carea' id='block_1_7' title="bbox 338 1834 1153 1910">
    <p class='ocr_par' dir='ltr' id='par_1_8' title="bbox 338 1834 1153 1910">
     <span class='ocr_line' id='line_1_16' title="bbox 338 1834 1153 1910; baseline -0.001 -12"><span class='ocrx_word' id='word_1_82' title='bbox 338 1835 389 1898; x_wconf 87' lang='lat' dir='ltr'><strong>ET</strong></span> <span class='ocrx_word' id='word_1_83' title='bbox 409 1836 449 1897; x_wconf 80' lang='lat' dir='ltr'><strong>tu</strong></span> <span class='ocrx_word' id='word_1_84' title='bbox 468 1834 706 1910; x_wconf 76' lang='lat' dir='ltr'><strong>sEQuEtt&#39;rEu</strong></span> <span class='ocrx_word' id='word_1_85' title='bbox 725 1834 778 1896; x_wconf 87' lang='lat' dir='ltr'><strong>DE</strong></span> <span class='ocrx_word' id='word_1_86' title='bbox 799 1836 876 1896; x_wconf 85' lang='lat' dir='ltr'><strong>NON</strong></span> <span class='ocrx_word' id='word_1_87' title='bbox 895 1834 1153 1898; x_wconf 81' lang='lat' dir='ltr'><strong>DESPERANDO.</strong></span> 
     </span>
    </p>
   </div>
   <div class='ocr_carea' id='block_1_8' title="bbox 144 2035 1605 5270">
    <p class='ocr_par' dir='ltr' id='par_1_9' title="bbox 144 2035 1605 5270">
     <span class='ocr_line' id='line_1_17' title="bbox 144 2035 1514 2128; baseline 0.001 -23"><span class='ocrx_word' id='word_1_88' title='bbox 144 2042 273 2105; x_wconf 75' lang='lat' dir='ltr'><strong>alculum</strong></span> <span class='ocrx_word' id='word_1_89' title='bbox 283 2042 374 2125; x_wconf 80' lang='lat' dir='ltr'><strong>posuit</strong></span> <span class='ocrx_word' id='word_1_90' title='bbox 384 2038 575 2102; x_wconf 83' lang='lat' dir='ltr'><strong>Tillemontius</strong></span> <span class='ocrx_word' id='word_1_91' title='bbox 585 2035 742 2112; x_wconf 82' lang='lat' dir='ltr'><strong>cumdixit,</strong></span> <span class='ocrx_word' id='word_1_92' title='bbox 752 2036 913 2099; x_wconf 84' lang='lat' dir='ltr'><strong>Gonoionem</strong></span> <span class='ocrx_word' id='word_1_93' title='bbox 927 2038 962 2099; x_wconf 92' lang='lat' dir='ltr'><strong>de</strong></span> <span class='ocrx_word' id='word_1_94' title='bbox 973 2060 1026 2101; x_wconf 95' lang='lat' dir='ltr'><strong>non</strong></span> <span class='ocrx_word' id='word_1_95' title='bbox 1036 2038 1198 2122; x_wconf 74' lang='lat' dir='ltr'><strong>evulgandis</strong></span> <span class='ocrx_word' id='word_1_96' title='bbox 1208 2042 1322 2105; x_wconf 78' lang='lat' dir='ltr'><strong>fratrum</strong></span> <span class='ocrx_word' id='word_1_97' title='bbox 1331 2039 1449 2128; x_wconf 80' lang='lat' dir='ltr'><strong>peccatis</strong></span> <span class='ocrx_word' id='word_1_98' title='bbox 1462 2067 1514 2107; x_wconf 93' lang='lat' dir='ltr'><strong>uno</strong></span> 
     </span>
     <span class='ocr_line' id='line_1_18' title="bbox 144 2128 1513 2221; baseline 0.003 -25"><span class='ocrx_word' id='word_1_99' title='bbox 144 2136 279 2212; x_wconf 77' lang='lat' dir='ltr'><strong>seillam,</strong></span> <span class='ocrx_word' id='word_1_100' title='bbox 292 2157 352 2215; x_wconf 77' lang='lat' dir='ltr'><strong>quae</strong></span> <span class='ocrx_word' id='word_1_101' title='bbox 363 2134 393 2194; x_wconf 90' lang='lat' dir='ltr'><strong>in</strong></span> <span class='ocrx_word' id='word_1_102' title='bbox 406 2133 535 2194; x_wconf 86' lang='lat' dir='ltr'><strong>Editione</strong></span> <span class='ocrx_word' id='word_1_103' title='bbox 547 2129 657 2191; x_wconf 79' lang='lat' dir='ltr'><strong>Macelli</strong></span> <span class='ocrx_word' id='word_1_104' title='bbox 669 2128 722 2211; x_wconf 90' lang='lat' dir='ltr'><strong>ipsi</strong></span> <span class='ocrx_word' id='word_1_105' title='bbox 735 2130 919 2210; x_wconf 73' lang='lat' dir='ltr'><strong>praemittitur,</strong></span> <span class='ocrx_word' id='word_1_106' title='bbox 931 2132 1094 2215; x_wconf 79' lang='lat' dir='ltr'><strong>titulumque</strong></span> <span class='ocrx_word' id='word_1_107' title='bbox 1102 2135 1194 2214; x_wconf 87' lang='lat' dir='ltr'><strong>hahet,</strong></span> <span class='ocrx_word' id='word_1_108' title='bbox 1205 2138 1275 2196; x_wconf 82' lang='lat' dir='ltr'><strong>Non</strong></span> <span class='ocrx_word' id='word_1_109' title='bbox 1284 2158 1346 2199; x_wconf 91' lang='lat' dir='ltr'><strong>esse</strong></span> <span class='ocrx_word' id='word_1_110' title='bbox 1355 2140 1513 2221; x_wconf 83' lang='lat' dir='ltr'><strong>desperan-</strong></span> 
     </span>
     <span class='ocr_line' id='line_1_19' title="bbox 144 2221 1514 2309; baseline 0.001 -21"><span class='ocrx_word' id='word_1_111' title='bbox 144 2248 163 2289; x_wconf 72' lang='grc' dir='ltr'>ι</span> <span class='ocrx_word' id='word_1_112' title='bbox 175 2228 254 2288; x_wconf 90' lang='lat' dir='ltr'><strong>enim</strong></span> <span class='ocrx_word' id='word_1_113' title='bbox 266 2227 302 2288; x_wconf 83' lang='lat' dir='ltr'><strong>dt</strong></span> <span class='ocrx_word' id='word_1_114' title='bbox 311 2227 358 2287; x_wconf 84' lang='lat' dir='ltr'><strong>illa</strong></span> <span class='ocrx_word' id='word_1_115' title='bbox 368 2240 399 2286; x_wconf 93' lang='lat' dir='ltr'><strong>ut</strong></span> <span class='ocrx_word' id='word_1_116' title='bbox 410 2225 498 2308; x_wconf 82' lang='lat' dir='ltr'><strong>pridie</strong></span> <span class='ocrx_word' id='word_1_117' title='bbox 510 2224 603 2285; x_wconf 83' lang='lat' dir='ltr'><strong>hahita</strong></span> <span class='ocrx_word' id='word_1_118' title='bbox 616 2221 715 2282; x_wconf 78' lang='lat' dir='ltr'><strong>discus</strong></span> <span class='ocrx_word' id='word_1_119' title='bbox 724 2221 847 2301; x_wconf 87' lang='lat' dir='ltr'><strong>loquitur</strong></span> <span class='ocrx_word' id='word_1_120' title='bbox 859 2222 1068 2306; x_wconf 75' lang='lat' dir='ltr'><strong>chrysostomus</strong></span> <span class='ocrx_word' id='word_1_121' title='bbox 1080 2248 1106 2287; x_wconf 92' lang='lat' dir='ltr'><strong>u.</strong></span> <span class='ocrx_word' id='word_1_122' title='bbox 1118 2230 1136 2288; x_wconf 83' lang='grc'><strong>5</strong></span> <span class='ocrx_word' id='word_1_123' title='bbox 1150 2250 1157 2285; x_wconf 85' lang='lat'><em>=</em></span> <span class='ocrx_word' id='word_1_124' title='bbox 1169 2228 1228 2289; x_wconf 78' lang='lat' dir='ltr'><strong>sea</strong></span> <span class='ocrx_word' id='word_1_125' title='bbox 1239 2249 1329 2309; x_wconf 88' lang='lat' dir='ltr'><strong>quam</strong></span> <span class='ocrx_word' id='word_1_126' title='bbox 1345 2233 1465 2292; x_wconf 80' lang='lat' dir='ltr'><strong>tandem</strong></span> <span class='ocrx_word' id='word_1_127' title='bbox 1478 2236 1514 2291; x_wconf 84' lang='lat' dir='ltr'><strong>ch</strong></span> 
     </span>
     <span class='ocr_line' id='line_1_20' title="bbox 144 2316 1517 2405; baseline 0.002 -24"><span class='ocrx_word' id='word_1_128' title='bbox 144 2320 304 2383; x_wconf 78' lang='lat' dir='ltr'><strong>thliaanum</strong></span> <span class='ocrx_word' id='word_1_129' title='bbox 317 2335 380 2381; x_wconf 89' lang='lat' dir='ltr'><strong>tam</strong></span> <span class='ocrx_word' id='word_1_130' title='bbox 393 2322 452 2381; x_wconf 88' lang='lat' dir='ltr'><strong>cita</strong></span> <span class='ocrx_word' id='word_1_131' title='bbox 472 2318 627 2378; x_wconf 76' lang='lat' dir='ltr'><strong>exaudivit</strong></span> <span class='ocrx_word' id='word_1_132' title='bbox 635 2316 729 2392; x_wconf 79' lang='lat' dir='ltr'><strong>Deus,</strong></span> <span class='ocrx_word' id='word_1_133' title='bbox 739 2317 828 2374; x_wconf 80' lang='lat' dir='ltr'><em>Isaac</em></span> <span class='ocrx_word' id='word_1_134' title='bbox 838 2327 935 2376; x_wconf 89' lang='lat' dir='ltr'><strong>autem</strong></span> <span class='ocrx_word' id='word_1_135' title='bbox 951 2319 1061 2399; x_wconf 81' lang='lat' dir='ltr'><strong>viginti</strong></span> <span class='ocrx_word' id='word_1_136' title='bbox 1073 2338 1169 2380; x_wconf 86' lang='lat' dir='ltr'><strong>annas</strong></span> <span class='ocrx_word' id='word_1_137' title='bbox 1181 2340 1266 2381; x_wconf 89' lang='lat' dir='ltr'><strong>arare</strong></span> <span class='ocrx_word' id='word_1_138' title='bbox 1280 2326 1422 2403; x_wconf 86' lang='lat' dir='ltr'><strong>permisit,</strong></span> <span class='ocrx_word' id='word_1_139' title='bbox 1433 2327 1517 2405; x_wconf 88' lang='lat' dir='ltr'><strong>eique</strong></span> 
     </span>
     <span class='ocr_line' id='line_1_21' title="bbox 144 2409 1516 2494; baseline 0.001 -21"><span class='ocrx_word' id='word_1_140' title='bbox 144 2432 199 2473; x_wconf 78' lang='lat' dir='ltr'><strong>sua</strong></span> <span class='ocrx_word' id='word_1_141' title='bbox 208 2413 388 2494; x_wconf 83' lang='lat' dir='ltr'><strong>supplicare,</strong></span> <span class='ocrx_word' id='word_1_142' title='bbox 403 2432 440 2471; x_wconf 87' lang='lat' dir='ltr'><strong>ac</strong></span> <span class='ocrx_word' id='word_1_143' title='bbox 454 2422 518 2471; x_wconf 84' lang='lat' dir='ltr'><strong>turn</strong></span> <span class='ocrx_word' id='word_1_144' title='bbox 534 2411 652 2469; x_wconf 83' lang='lat' dir='ltr'><strong>demum</strong></span> <span class='ocrx_word' id='word_1_145' title='bbox 657 2409 732 2489; x_wconf 80' lang='lat' dir='ltr'><strong>justi</strong></span> <span class='ocrx_word' id='word_1_146' title='bbox 743 2411 877 2488; x_wconf 81' lang='lat' dir='ltr'><strong>precibus</strong></span> <span class='ocrx_word' id='word_1_147' title='bbox 890 2412 997 2469; x_wconf 85' lang='lat' dir='ltr'><strong>annuit</strong></span> <span class='ocrx_word' id='word_1_148' title='bbox 1006 2414 1020 2468; x_wconf 74' lang='grc' dir='ltr'><strong>Ρ</strong></span> <span class='ocrx_word' id='word_1_149' title='bbox 1030 2410 1107 2471; x_wconf 83' lang='lat' dir='ltr'><strong>Sunt</strong></span> <span class='ocrx_word' id='word_1_150' title='bbox 1121 2419 1198 2471; x_wconf 84' lang='lat' dir='ltr'><strong>enim</strong></span> <span class='ocrx_word' id='word_1_151' title='bbox 1208 2416 1294 2475; x_wconf 82' lang='lat' dir='ltr'><strong>cabis</strong></span> <span class='ocrx_word' id='word_1_152' title='bbox 1309 2416 1452 2475; x_wconf 72' lang='lat' dir='ltr'><strong>hesternae</strong></span> <span class='ocrx_word' id='word_1_153' title='bbox 1462 2418 1516 2475; x_wconf 87' lang='lat' dir='ltr'><strong>do-</strong></span> 
     </span>
     <span class='ocr_line' id='line_1_22' title="bbox 144 2496 1517 2589; baseline 0.002 -25"><span class='ocrx_word' id='word_1_154' title='bbox 144 2508 225 2589; x_wconf 70' lang='lat' dir='ltr'><strong>&#39;qttioe</strong></span> <span class='ocrx_word' id='word_1_155' title='bbox 232 2496 433 2586; x_wconf 64' lang='lat' dir='ltr'><strong>persolvenda</strong></span> <span class='ocrx_word' id='word_1_156' title='bbox 441 2527 451 2560; x_wconf 92' lang='grc'><strong>.·</strong></span> <span class='ocrx_word' id='word_1_157' title='bbox 459 2503 561 2584; x_wconf 71' lang='grc' dir='ltr'>ἀνάγκη</span> <span class='ocrx_word' id='word_1_158' title='bbox 572 2500 626 2582; x_wconf 64' lang='grc' dir='ltr'><strong>γὰρ</strong></span> <span class='ocrx_word' id='word_1_159' title='bbox 635 2506 683 2574; x_wconf 79' lang='grc' dir='ltr'><strong>τῆς</strong></span> <span class='ocrx_word' id='word_1_160' title='bbox 695 2498 757 2581; x_wconf 60' lang='lat' dir='ltr'><strong>ghi:</strong></span> <span class='ocrx_word' id='word_1_161' title='bbox 769 2501 938 2570; x_wconf 73' lang='grc' dir='ltr'>διδασκαλίας</span> <span class='ocrx_word' id='word_1_162' title='bbox 949 2504 1091 2564; x_wconf 71' lang='grc' dir='ltr'>ἀποδοῦναι</span> <span class='ocrx_word' id='word_1_163' title='bbox 1102 2506 1164 2583; x_wconf 76' lang='grc' dir='ltr'><strong>ὑμῖν</strong></span> <span class='ocrx_word' id='word_1_164' title='bbox 1176 2504 1210 2566; x_wconf 79' lang='lat' dir='ltr'><strong>rh</strong></span> <span class='ocrx_word' id='word_1_165' title='bbox 1220 2506 1342 2588; x_wconf 73' lang='grc' dir='ltr'>λείψανα.</span> <span class='ocrx_word' id='word_1_166' title='bbox 1353 2506 1517 2568; x_wconf 76' lang='lat' dir='ltr'><strong>Haemum</strong></span> 
     </span>
     <span class='ocr_line' id='line_1_23' title="bbox 144 2590 1517 2679; baseline 0 -20"><span class='ocrx_word' id='word_1_167' title='bbox 144 2598 227 2679; x_wconf 79' lang='lat' dir='ltr'><strong>{uitur</strong></span> <span class='ocrx_word' id='word_1_168' title='bbox 240 2598 287 2659; x_wconf 90' lang='lat' dir='ltr'><strong>ille</strong></span> <span class='ocrx_word' id='word_1_169' title='bbox 298 2598 327 2658; x_wconf 94' lang='lat' dir='ltr'><strong>in</strong></span> <span class='ocrx_word' id='word_1_170' title='bbox 341 2596 462 2658; x_wconf 88' lang='lat' dir='ltr'><strong>Homilia</strong></span> <span class='ocrx_word' id='word_1_171' title='bbox 472 2594 508 2656; x_wconf 91' lang='lat' dir='ltr'><strong>de</strong></span> <span class='ocrx_word' id='word_1_172' title='bbox 520 2616 574 2656; x_wconf 93' lang='lat' dir='ltr'><strong>non</strong></span> <span class='ocrx_word' id='word_1_173' title='bbox 588 2591 747 2674; x_wconf 77' lang='lat' dir='ltr'><strong>evulgandis</strong></span> <span class='ocrx_word' id='word_1_174' title='bbox 761 2593 874 2650; x_wconf 86' lang='lat' dir='ltr'><strong>fratrum</strong></span> <span class='ocrx_word' id='word_1_175' title='bbox 886 2590 1001 2672; x_wconf 86' lang='lat' dir='ltr'><strong>pcccatis</strong></span> <span class='ocrx_word' id='word_1_176' title='bbox 1015 2613 1090 2653; x_wconf 90' lang='lat' dir='ltr'><strong>num.</strong></span> <span class='ocrx_word' id='word_1_177' title='bbox 1103 2596 1122 2654; x_wconf 74' lang='lat' dir='ltr'><strong>a</strong></span> <span class='ocrx_word' id='word_1_178' title='bbox 1137 2608 1164 2655; x_wconf 91' lang='lat' dir='ltr'><strong>et</strong></span> <span class='ocrx_word' id='word_1_179' title='bbox 1176 2595 1208 2676; x_wconf 76' lang='lat' dir='ltr'><strong>l,</strong></span> <span class='ocrx_word' id='word_1_180' title='bbox 1226 2596 1320 2657; x_wconf 83' lang='lat' dir='ltr'><strong>ubido</strong></span> <span class='ocrx_word' id='word_1_181' title='bbox 1334 2598 1459 2658; x_wconf 83' lang='lat' dir='ltr'><strong>Rcheccae</strong></span> <span class='ocrx_word' id='word_1_182' title='bbox 1474 2598 1517 2659; x_wconf 84' lang='lat' dir='ltr'><strong>vi·</strong></span> 
     </span>
     <span class='ocr_line' id='line_1_24' title="bbox 144 2682 1517 2768; baseline 0 -17"><span class='ocrx_word' id='word_1_183' title='bbox 144 2712 198 2751; x_wconf 75' lang='lat' dir='ltr'><strong>mm</strong></span> <span class='ocrx_word' id='word_1_184' title='bbox 211 2690 387 2752; x_wconf 88' lang='lat' dir='ltr'><strong>sterilitatein</strong></span> <span class='ocrx_word' id='word_1_185' title='bbox 396 2688 588 2750; x_wconf 82' lang='lat' dir='ltr'><strong>fecunditatem</strong></span> <span class='ocrx_word' id='word_1_186' title='bbox 598 2700 701 2747; x_wconf 88' lang='lat' dir='ltr'><strong>mutata</strong></span> <span class='ocrx_word' id='word_1_187' title='bbox 708 2684 794 2745; x_wconf 81' lang='lat' dir='ltr'><strong>multu</strong></span> <span class='ocrx_word' id='word_1_188' title='bbox 805 2682 923 2745; x_wconf 78' lang='lat' dir='ltr'><strong>dissuit.</strong></span> <span class='ocrx_word' id='word_1_189' title='bbox 931 2684 1064 2746; x_wconf 76' lang='lat' dir='ltr'><strong>ceterum</strong></span> <span class='ocrx_word' id='word_1_190' title='bbox 1073 2686 1131 2748; x_wconf 77' lang='lat' dir='ltr'><strong>hac</strong></span> <span class='ocrx_word' id='word_1_191' title='bbox 1141 2709 1200 2768; x_wconf 85' lang='lat' dir='ltr'><strong>quae</strong></span> <span class='ocrx_word' id='word_1_192' title='bbox 1209 2686 1244 2749; x_wconf 90' lang='lat' dir='ltr'><strong>de</strong></span> <span class='ocrx_word' id='word_1_193' title='bbox 1252 2688 1371 2750; x_wconf 78' lang='lat' dir='ltr'>Rebecca</span> <span class='ocrx_word' id='word_1_194' title='bbox 1380 2689 1517 2766; x_wconf 90' lang='lat' dir='ltr'><strong>dicuntur,</strong></span> 
     </span>
     <span class='ocr_line' id='line_1_25' title="bbox 147 2776 1518 2866; baseline -0.001 -21"><span class='ocrx_word' id='word_1_195' title='bbox 147 2782 236 2845; x_wconf 68' lang='lat' dir='ltr'><strong>ubis</strong></span> <span class='ocrx_word' id='word_1_196' title='bbox 251 2785 341 2866; x_wconf 86' lang='lat' dir='ltr'><strong>jacent</strong></span> <span class='ocrx_word' id='word_1_197' title='bbox 354 2782 383 2842; x_wconf 91' lang='lat' dir='ltr'><strong>in</strong></span> <span class='ocrx_word' id='word_1_198' title='bbox 397 2781 518 2842; x_wconf 91' lang='lat' dir='ltr'><strong>llomilia</strong></span> <span class='ocrx_word' id='word_1_199' title='bbox 537 2781 578 2840; x_wconf 79' lang='lat' dir='ltr'><strong>tu</strong></span> <span class='ocrx_word' id='word_1_200' title='bbox 597 2779 626 2839; x_wconf 92' lang='lat' dir='ltr'><strong>in</strong></span> <span class='ocrx_word' id='word_1_201' title='bbox 641 2776 780 2853; x_wconf 80' lang='lat' dir='ltr'><strong>Genesim,</strong></span> <span class='ocrx_word' id='word_1_202' title='bbox 795 2789 930 2856; x_wconf 90' lang='lat' dir='ltr'><strong>totamque</strong></span> <span class='ocrx_word' id='word_1_203' title='bbox 945 2798 1013 2859; x_wconf 84' lang='lat' dir='ltr'><strong>pene</strong></span> <span class='ocrx_word' id='word_1_204' title='bbox 1026 2778 1168 2840; x_wconf 87' lang='lat' dir='ltr'><strong>homiliam</strong></span> <span class='ocrx_word' id='word_1_205' title='bbox 1188 2780 1264 2841; x_wconf 83' lang='lat' dir='ltr'><strong>illam</strong></span> <span class='ocrx_word' id='word_1_206' title='bbox 1284 2780 1518 2863; x_wconf 85' lang='lat' dir='ltr'><strong>quadragesimam</strong></span> 
     </span>
     <span class='ocr_line' id='line_1_26' title="bbox 144 2869 1517 2958; baseline -0.001 -21"><span class='ocrx_word' id='word_1_207' title='bbox 144 2874 205 2937; x_wconf 72' lang='lat' dir='ltr'><strong>ude</strong></span> <span class='ocrx_word' id='word_1_208' title='bbox 216 2874 347 2958; x_wconf 81' lang='lat' dir='ltr'><strong>exceptis,</strong></span> <span class='ocrx_word' id='word_1_209' title='bbox 360 2874 537 2934; x_wconf 85' lang='lat' dir='ltr'><strong>constituunt.</strong></span> <span class='ocrx_word' id='word_1_210' title='bbox 550 2873 623 2932; x_wconf 87' lang='lat' dir='ltr'><strong>cave</strong></span> <span class='ocrx_word' id='word_1_211' title='bbox 636 2884 725 2930; x_wconf 87' lang='lat' dir='ltr'><strong>tamen</strong></span> <span class='ocrx_word' id='word_1_212' title='bbox 739 2884 826 2951; x_wconf 90' lang='lat' dir='ltr'><strong>putes,</strong></span> <span class='ocrx_word' id='word_1_213' title='bbox 840 2869 868 2928; x_wconf 94' lang='lat' dir='ltr'><strong>in</strong></span> <span class='ocrx_word' id='word_1_214' title='bbox 883 2869 1002 2931; x_wconf 86' lang='lat' dir='ltr'><strong>secunda</strong></span> <span class='ocrx_word' id='word_1_215' title='bbox 1014 2870 1050 2931; x_wconf 85' lang='lat' dir='ltr'><strong>de</strong></span> <span class='ocrx_word' id='word_1_216' title='bbox 1061 2891 1115 2932; x_wconf 93' lang='lat' dir='ltr'><strong>non</strong></span> <span class='ocrx_word' id='word_1_217' title='bbox 1128 2871 1294 2955; x_wconf 88' lang='lat' dir='ltr'><strong>desperando</strong></span> <span class='ocrx_word' id='word_1_218' title='bbox 1305 2875 1427 2950; x_wconf 88' lang='lat' dir='ltr'><strong>homilia,</strong></span> <span class='ocrx_word' id='word_1_219' title='bbox 1440 2876 1517 2937; x_wconf 89' lang='lat' dir='ltr'><strong>illam</strong></span> 
     </span>
     <span class='ocr_line' id='line_1_27' title="bbox 144 2959 1517 3049; baseline 0.002 -22"><span class='ocrx_word' id='word_1_220' title='bbox 144 2988 165 3027; x_wconf 90' lang='grc' dir='ltr'>ι</span> <span class='ocrx_word' id='word_1_221' title='bbox 174 2968 325 3029; x_wconf 76' lang='lat' dir='ltr'><strong>mnrinnem</strong></span> <span class='ocrx_word' id='word_1_222' title='bbox 344 2967 565 3029; x_wconf 75' lang='lat' dir='ltr'><strong>memorarizuon</strong></span> <span class='ocrx_word' id='word_1_223' title='bbox 579 2964 693 3025; x_wconf 90' lang='lat' dir='ltr'><strong>enimin</strong></span> <span class='ocrx_word' id='word_1_224' title='bbox 707 2963 783 3023; x_wconf 80' lang='lat' dir='ltr'><strong>illam</strong></span> <span class='ocrx_word' id='word_1_225' title='bbox 800 2959 934 3040; x_wconf 76' lang='lat' dir='ltr'><strong>quadrare</strong></span> <span class='ocrx_word' id='word_1_226' title='bbox 947 2977 1059 3045; x_wconf 90' lang='lat' dir='ltr'><strong>possunt</strong></span> <span class='ocrx_word' id='word_1_227' title='bbox 1073 2984 1103 3025; x_wconf 86' lang='lat' dir='ltr'><strong>ca</strong></span> <span class='ocrx_word' id='word_1_228' title='bbox 1117 2986 1177 3044; x_wconf 78' lang='lat' dir='ltr'><strong>quae</strong></span> <span class='ocrx_word' id='word_1_229' title='bbox 1196 2963 1275 3028; x_wconf 91' lang='lat' dir='ltr'><strong>initio</strong></span> <span class='ocrx_word' id='word_1_230' title='bbox 1295 2964 1378 3049; x_wconf 86' lang='lat' dir='ltr'><strong>hujus</strong></span> <span class='ocrx_word' id='word_1_231' title='bbox 1393 2968 1517 3030; x_wconf 67' lang='lat' dir='ltr'><strong>oecundae</strong></span> 
     </span>
     <span class='ocr_line' id='line_1_28' title="bbox 144 3055 1513 3142; baseline 0.001 -21"><span class='ocrx_word' id='word_1_232' title='bbox 144 3058 361 3142; x_wconf 65' lang='lat' dir='ltr'><strong>imnurnncmpe</strong></span> <span class='ocrx_word' id='word_1_233' title='bbox 371 3084 379 3117; x_wconf 74' lang='grc' dir='ltr'><strong><em>ε</em></strong></span> <span class='ocrx_word' id='word_1_234' title='bbox 389 3061 476 3139; x_wconf 84' lang='lat' dir='ltr'><strong>Quod</strong></span> <span class='ocrx_word' id='word_1_235' title='bbox 487 3073 514 3119; x_wconf 89' lang='lat' dir='ltr'><strong>et</strong></span> <span class='ocrx_word' id='word_1_236' title='bbox 529 3081 550 3118; x_wconf 90' lang='lat' dir='ltr'><strong>a</strong></span> <span class='ocrx_word' id='word_1_237' title='bbox 564 3060 652 3118; x_wconf 83' lang='lat' dir='ltr'><strong>cobis</strong></span> <span class='ocrx_word' id='word_1_238' title='bbox 672 3055 868 3141; x_wconf 26' lang='lat' dir='ltr'><strong>hesternandie</strong></span> <span class='ocrx_word' id='word_1_239' title='bbox 878 3067 1030 3135; x_wconf 84' lang='lat' dir='ltr'><strong>peractum</strong></span> <span class='ocrx_word' id='word_1_240' title='bbox 1042 3070 1093 3119; x_wconf 90' lang='lat' dir='ltr'><strong>est.</strong></span> <span class='ocrx_word' id='word_1_241' title='bbox 1103 3058 1340 3140; x_wconf 82' lang='lat' dir='ltr'><strong>compunctionis</strong></span> <span class='ocrx_word' id='word_1_242' title='bbox 1352 3080 1513 3122; x_wconf 68' lang='lat' dir='ltr'><strong>samonem</strong></span> 
     </span>
     <span class='ocr_line' id='line_1_29' title="bbox 144 3148 1511 3238; baseline 0.001 -25"><span class='ocrx_word' id='word_1_243' title='bbox 144 3166 204 3229; x_wconf 54' lang='lat' dir='ltr'><strong>net</strong></span> <span class='ocrx_word' id='word_1_244' title='bbox 212 3156 403 3238; x_wconf 85' lang='lat' dir='ltr'><strong>consessionis</strong></span> <span class='ocrx_word' id='word_1_245' title='bbox 417 3156 541 3234; x_wconf 82' lang='lat' dir='ltr'><strong>gemitus</strong></span> <span class='ocrx_word' id='word_1_246' title='bbox 554 3152 740 3232; x_wconf 85' lang='lat' dir='ltr'><strong>germinavit,</strong></span> <span class='ocrx_word' id='word_1_247' title='bbox 751 3149 875 3229; x_wconf 86' lang='lat' dir='ltr'><strong>gemitus</strong></span> <span class='ocrx_word' id='word_1_248' title='bbox 889 3148 998 3209; x_wconf 88' lang='lat' dir='ltr'><strong>multas</strong></span> <span class='ocrx_word' id='word_1_249' title='bbox 1010 3152 1150 3209; x_wconf 84' lang='lat' dir='ltr'><strong>bonorum</strong></span> <span class='ocrx_word' id='word_1_250' title='bbox 1165 3152 1285 3212; x_wconf 80' lang='lat' dir='ltr'><strong>divitias</strong></span> <span class='ocrx_word' id='word_1_251' title='bbox 1296 3155 1511 3237; x_wconf 87' lang='lat' dir='ltr'><strong>secumscrens.</strong></span> 
     </span>
     <span class='ocr_line' id='line_1_30' title="bbox 214 3238 1519 3329; baseline -0.001 -21"><span class='ocrx_word' id='word_1_252' title='bbox 214 3245 341 3308; x_wconf 78' lang='lat' dir='ltr'><strong>Genesim</strong></span> <span class='ocrx_word' id='word_1_253' title='bbox 359 3245 474 3305; x_wconf 89' lang='lat' dir='ltr'><strong>homilia</strong></span> <span class='ocrx_word' id='word_1_254' title='bbox 485 3265 519 3304; x_wconf 92' lang='lat' dir='ltr'><strong>ue</strong></span> <span class='ocrx_word' id='word_1_255' title='bbox 533 3248 582 3325; x_wconf 71' lang='grc' dir='ltr'><strong>γρῦ</strong></span> <span class='ocrx_word' id='word_1_256' title='bbox 594 3240 704 3322; x_wconf 91' lang='lat' dir='ltr'><strong>quidem</strong></span> <span class='ocrx_word' id='word_1_257' title='bbox 714 3254 802 3300; x_wconf 74' lang='lat' dir='ltr'><strong>curat</strong></span> <span class='ocrx_word' id='word_1_258' title='bbox 814 3238 888 3320; x_wconf 89' lang='lat' dir='ltr'><strong>quod</strong></span> <span class='ocrx_word' id='word_1_259' title='bbox 899 3241 1130 3323; x_wconf 89' lang='lat' dir='ltr'><strong>compunctionem</strong></span> <span class='ocrx_word' id='word_1_260' title='bbox 1146 3262 1254 3304; x_wconf 84' lang='lat' dir='ltr'><strong>movere</strong></span> <span class='ocrx_word' id='word_1_261' title='bbox 1274 3245 1409 3326; x_wconf 85' lang='lat' dir='ltr'><strong>possitln</strong></span> <span class='ocrx_word' id='word_1_262' title='bbox 1430 3247 1519 3329; x_wconf 89' lang='lat' dir='ltr'><strong>priore</strong></span> 
     </span>
     <span class='ocr_line' id='line_1_31' title="bbox 144 3240 1519 3507; baseline 0 -108"><span class='ocrx_word' id='word_1_263' title='bbox 144 3240 333 3507; x_wconf 47' lang='lat' dir='ltr'><strong>fulgescis</strong></span> <span class='ocrx_word' id='word_1_264' title='bbox 341 3339 457 3398; x_wconf 78' lang='lat' dir='ltr'><strong>fratrum</strong></span> <span class='ocrx_word' id='word_1_265' title='bbox 470 3336 586 3419; x_wconf 87' lang='lat' dir='ltr'><strong>peccatis</strong></span> <span class='ocrx_word' id='word_1_266' title='bbox 599 3334 747 3395; x_wconf 78' lang='lat' dir='ltr'><strong>admodum</strong></span> <span class='ocrx_word' id='word_1_267' title='bbox 757 3334 912 3405; x_wconf 74' lang='grc' dir='ltr'>παθητικῶς</span> <span class='ocrx_word' id='word_1_268' title='bbox 920 3332 1043 3413; x_wconf 88' lang='lat' dir='ltr'><strong>loquitur</strong></span> <span class='ocrx_word' id='word_1_269' title='bbox 1051 3318 1182 3395; x_wconf 68' lang='lat' dir='ltr'><strong>ilvam</strong></span> <span class='ocrx_word' id='word_1_270' title='bbox 1190 3356 1234 3395; x_wconf 89' lang='lat' dir='ltr'><strong>eos</strong></span> <span class='ocrx_word' id='word_1_271' title='bbox 1242 3334 1387 3415; x_wconf 88' lang='lat' dir='ltr'><strong>quicontra</strong></span> <span class='ocrx_word' id='word_1_272' title='bbox 1397 3338 1519 3399; x_wconf 87' lang='lat' dir='ltr'><strong>inimicos</strong></span> 
     </span>
     <span class='ocr_line' id='line_1_32' title="bbox 191 3424 1518 3511; baseline 0 -23"><span class='ocrx_word' id='word_1_273' title='bbox 191 3451 297 3511; x_wconf 81' lang='lat' dir='ltr'><strong>.prccos;</strong></span> <span class='ocrx_word' id='word_1_274' title='bbox 310 3449 422 3491; x_wconf 88' lang='lat' dir='ltr'><strong>numero</strong></span> <span class='ocrx_word' id='word_1_275' title='bbox 434 3429 537 3489; x_wconf 86' lang='lat' dir='ltr'><strong>scilicet</strong></span> <span class='ocrx_word' id='word_1_276' title='bbox 558 3429 576 3488; x_wconf 88' lang='lat'>5</span> <span class='ocrx_word' id='word_1_277' title='bbox 596 3441 624 3487; x_wconf 88' lang='lat' dir='ltr'><strong>ot</strong></span> <span class='ocrx_word' id='word_1_278' title='bbox 641 3430 672 3505; x_wconf 87' lang='lat'><strong>6,</strong></span> <span class='ocrx_word' id='word_1_279' title='bbox 686 3424 834 3508; x_wconf 71' lang='lat' dir='ltr'><strong>presertim</strong></span> <span class='ocrx_word' id='word_1_280' title='bbox 853 3438 916 3484; x_wconf 86' lang='lat' dir='ltr'><strong>ante</strong></span> <span class='ocrx_word' id='word_1_281' title='bbox 939 3425 1031 3497; x_wconf 88' lang='lat' dir='ltr'><strong>linem,</strong></span> <span class='ocrx_word' id='word_1_282' title='bbox 1048 3424 1159 3502; x_wconf 74' lang='lat' dir='ltr'><strong>ubisit,</strong></span> <span class='ocrx_word' id='word_1_283' title='bbox 1174 3424 1313 3511; x_wconf 72' lang='grc' dir='ltr'>σύντριψον</span> <span class='ocrx_word' id='word_1_284' title='bbox 1329 3428 1378 3503; x_wconf 69' lang='grc' dir='ltr'><strong>τὴν</strong></span> <span class='ocrx_word' id='word_1_285' title='bbox 1392 3429 1518 3507; x_wconf 76' lang='grc' dir='ltr'>διάνοιαν,</span> 
     </span>
     <span class='ocr_line' id='line_1_33' title="bbox 144 3516 1520 3606; baseline 0.001 -25"><span class='ocrx_word' id='word_1_286' title='bbox 144 3518 214 3595; x_wconf 68' lang='lat' dir='ltr'><strong>urle</strong></span> <span class='ocrx_word' id='word_1_287' title='bbox 223 3522 310 3606; x_wconf 65' lang='grc' dir='ltr'>ψιχὴν</span> <span class='ocrx_word' id='word_1_288' title='bbox 325 3528 358 3603; x_wconf 79' lang='grc' dir='ltr'><strong>τῇ</strong></span> <span class='ocrx_word' id='word_1_289' title='bbox 372 3522 465 3602; x_wconf 81' lang='grc' dir='ltr'><strong>μνήμῃ</strong></span> <span class='ocrx_word' id='word_1_290' title='bbox 481 3524 534 3581; x_wconf 83' lang='grc' dir='ltr'><strong>τῶν</strong></span> <span class='ocrx_word' id='word_1_291' title='bbox 547 3545 589 3583; x_wconf 82' lang='grc' dir='ltr'><strong>σοι</strong></span> <span class='ocrx_word' id='word_1_292' title='bbox 602 3516 881 3598; x_wconf 68' lang='grc' dir='ltr'>πεπλημμλημένων,</span> <span class='ocrx_word' id='word_1_293' title='bbox 893 3519 1017 3578; x_wconf 85' lang='lat' dir='ltr'><strong>Contere</strong></span> <span class='ocrx_word' id='word_1_294' title='bbox 1032 3522 1165 3578; x_wconf 88' lang='lat' dir='ltr'><strong>animum</strong></span> <span class='ocrx_word' id='word_1_295' title='bbox 1179 3532 1270 3592; x_wconf 90' lang='lat' dir='ltr'><strong>tuum,</strong></span> <span class='ocrx_word' id='word_1_296' title='bbox 1285 3534 1410 3581; x_wconf 89' lang='lat' dir='ltr'><strong>mentem</strong></span> <span class='ocrx_word' id='word_1_297' title='bbox 1424 3525 1520 3584; x_wconf 81' lang='lat' dir='ltr'><strong>lumi-</strong></span> 
     </span>
     <span class='ocr_line' id='line_1_34' title="bbox 144 3609 1518 3698; baseline 0.003 -25"><span class='ocrx_word' id='word_1_298' title='bbox 144 3626 173 3673; x_wconf 86' lang='grc' dir='ltr'><strong>ΙΙ</strong></span> <span class='ocrx_word' id='word_1_299' title='bbox 181 3615 372 3675; x_wconf 73' lang='lat' dir='ltr'><strong>mandatione</strong></span> <span class='ocrx_word' id='word_1_300' title='bbox 390 3615 574 3673; x_wconf 80' lang='lat' dir='ltr'><strong>delictorum.</strong></span> <span class='ocrx_word' id='word_1_301' title='bbox 591 3611 671 3672; x_wconf 83' lang='lat' dir='ltr'><strong>Unde</strong></span> <span class='ocrx_word' id='word_1_302' title='bbox 683 3610 764 3671; x_wconf 87' lang='lat' dir='ltr'><strong>etiam</strong></span> <span class='ocrx_word' id='word_1_303' title='bbox 776 3609 902 3670; x_wconf 85' lang='lat' dir='ltr'><strong>evellitur</strong></span> <span class='ocrx_word' id='word_1_304' title='bbox 913 3610 959 3670; x_wconf 92' lang='lat' dir='ltr'><strong>hic</strong></span> <span class='ocrx_word' id='word_1_305' title='bbox 971 3610 1138 3671; x_wconf 87' lang='lat' dir='ltr'><strong>Tillemontii</strong></span> <span class='ocrx_word' id='word_1_306' title='bbox 1151 3612 1307 3693; x_wconf 89' lang='lat' dir='ltr'><strong>scrupulus.</strong></span> <span class='ocrx_word' id='word_1_307' title='bbox 1323 3613 1393 3692; x_wconf 85' lang='lat' dir='ltr'><strong>Cur,</strong></span> <span class='ocrx_word' id='word_1_308' title='bbox 1412 3614 1518 3698; x_wconf 92' lang='lat' dir='ltr'><strong>inquit,</strong></span> 
     </span>
     <span class='ocr_line' id='line_1_35' title="bbox 144 3698 1605 3791; baseline 0.004 -26"><span class='ocrx_word' id='word_1_309' title='bbox 144 3698 222 3765; x_wconf 68' lang='lat' dir='ltr'><strong>&#39;han</strong></span> <span class='ocrx_word' id='word_1_310' title='bbox 230 3706 258 3769; x_wconf 93' lang='lat' dir='ltr'><strong>iu</strong></span> <span class='ocrx_word' id='word_1_311' title='bbox 268 3707 358 3788; x_wconf 90' lang='lat' dir='ltr'><strong>priore</strong></span> <span class='ocrx_word' id='word_1_312' title='bbox 371 3705 485 3765; x_wconf 90' lang='lat' dir='ltr'><strong>homilia</strong></span> <span class='ocrx_word' id='word_1_313' title='bbox 496 3725 549 3765; x_wconf 91' lang='lat' dir='ltr'><strong>non</strong></span> <span class='ocrx_word' id='word_1_314' title='bbox 560 3724 685 3786; x_wconf 85' lang='lat' dir='ltr'><strong>expresse</strong></span> <span class='ocrx_word' id='word_1_315' title='bbox 694 3715 894 3776; x_wconf 87' lang='lat' dir='ltr'><strong>commemorat,</strong></span> <span class='ocrx_word' id='word_1_316' title='bbox 904 3724 967 3763; x_wconf 91' lang='lat' dir='ltr'><strong>cum</strong></span> <span class='ocrx_word' id='word_1_317' title='bbox 978 3716 1066 3763; x_wconf 88' lang='lat' dir='ltr'><strong>tamen</strong></span> <span class='ocrx_word' id='word_1_318' title='bbox 1075 3704 1103 3763; x_wconf 96' lang='lat' dir='ltr'><strong>in</strong></span> <span class='ocrx_word' id='word_1_319' title='bbox 1111 3703 1257 3786; x_wconf 86' lang='lat' dir='ltr'><strong>posteriore</strong></span> <span class='ocrx_word' id='word_1_320' title='bbox 1265 3702 1384 3782; x_wconf 86' lang='lat' dir='ltr'><strong>dicat,se</strong></span> <span class='ocrx_word' id='word_1_321' title='bbox 1392 3706 1419 3768; x_wconf 92' lang='lat' dir='ltr'><strong>in</strong></span> <span class='ocrx_word' id='word_1_322' title='bbox 1429 3709 1519 3791; x_wconf 91' lang='lat' dir='ltr'><strong>priore</strong></span> <span class='ocrx_word' id='word_1_323' title='bbox 1598 3725 1605 3741; x_wconf 88' lang='lat'><strong>·</strong></span> 
     </span>
     <span class='ocr_line' id='line_1_36' title="bbox 144 3794 1518 3879; baseline 0.003 -20"><span class='ocrx_word' id='word_1_324' title='bbox 144 3796 243 3867; x_wconf 51' lang='lat' dir='ltr'><strong>mione</strong></span> <span class='ocrx_word' id='word_1_325' title='bbox 253 3799 335 3860; x_wconf 83' lang='lat' dir='ltr'><strong>rerba</strong></span> <span class='ocrx_word' id='word_1_326' title='bbox 349 3798 463 3859; x_wconf 76' lang='lat' dir='ltr'><strong>iecisse?</strong></span> <span class='ocrx_word' id='word_1_327' title='bbox 477 3797 515 3857; x_wconf 80' lang='lat' dir='ltr'><strong>At</strong></span> <span class='ocrx_word' id='word_1_328' title='bbox 532 3817 585 3857; x_wconf 88' lang='lat' dir='ltr'><strong>nou</strong></span> <span class='ocrx_word' id='word_1_329' title='bbox 604 3795 673 3856; x_wconf 88' lang='lat' dir='ltr'><strong>dicit</strong></span> <span class='ocrx_word' id='word_1_330' title='bbox 691 3795 738 3855; x_wconf 90' lang='lat' dir='ltr'><strong>ille</strong></span> <span class='ocrx_word' id='word_1_331' title='bbox 752 3816 781 3854; x_wconf 89' lang='lat' dir='ltr'><strong>se</strong></span> <span class='ocrx_word' id='word_1_332' title='bbox 794 3795 822 3855; x_wconf 93' lang='lat' dir='ltr'><strong>in</strong></span> <span class='ocrx_word' id='word_1_333' title='bbox 836 3795 925 3876; x_wconf 90' lang='lat' dir='ltr'><strong>priore</strong></span> <span class='ocrx_word' id='word_1_334' title='bbox 935 3794 1167 3879; x_wconf 78' lang='lat' dir='ltr'><strong>compunctionem</strong></span> <span class='ocrx_word' id='word_1_335' title='bbox 1180 3796 1340 3858; x_wconf 89' lang='lat' dir='ltr'><strong>nominatim</strong></span> <span class='ocrx_word' id='word_1_336' title='bbox 1356 3820 1518 3863; x_wconf 89' lang='lat' dir='ltr'><strong>commemo·</strong></span> 
     </span>
     <span class='ocr_line' id='line_1_37' title="bbox 144 3876 1519 3975; baseline 0.005 -24"><span class='ocrx_word' id='word_1_337' title='bbox 144 3876 224 3951; x_wconf 76' lang='lat' dir='ltr'><strong>litia</strong></span> <span class='ocrx_word' id='word_1_338' title='bbox 233 3891 305 3951; x_wconf 84' lang='lat' dir='ltr'><strong>latur</strong></span> <span class='ocrx_word' id='word_1_339' title='bbox 317 3915 324 3949; x_wconf 78' lang='grc' dir='ltr'><strong><em>ε</em></strong></span> <span class='ocrx_word' id='word_1_340' title='bbox 335 3892 574 3971; x_wconf 73' lang='lat' dir='ltr'><strong>compunctionis</strong></span> <span class='ocrx_word' id='word_1_341' title='bbox 592 3909 753 3949; x_wconf 67' lang='lat' dir='ltr'><strong>samonem</strong></span> <span class='ocrx_word' id='word_1_342' title='bbox 767 3908 944 3969; x_wconf 69' lang='lat' dir='ltr'><strong>sparsam,</strong></span> <span class='ocrx_word' id='word_1_343' title='bbox 958 3901 987 3947; x_wconf 88' lang='lat' dir='ltr'><strong>et</strong></span> <span class='ocrx_word' id='word_1_344' title='bbox 1000 3890 1193 3972; x_wconf 85' lang='lat' dir='ltr'><strong>consessionis</strong></span> <span class='ocrx_word' id='word_1_345' title='bbox 1202 3894 1326 3973; x_wconf 85' lang='lat' dir='ltr'><strong>gemitus</strong></span> <span class='ocrx_word' id='word_1_346' title='bbox 1335 3898 1519 3975; x_wconf 84' lang='lat' dir='ltr'><strong>germinavit.</strong></span> 
     </span>
     <span class='ocr_line' id='line_1_38' title="bbox 144 3980 1520 4056; baseline 0.008 -17"><span class='ocrx_word' id='word_1_347' title='bbox 144 3980 248 4043; x_wconf 69' lang='lat' dir='ltr'><strong>uelud</strong></span> <span class='ocrx_word' id='word_1_348' title='bbox 258 3997 322 4045; x_wconf 90' lang='lat' dir='ltr'><strong>sunt</strong></span> <span class='ocrx_word' id='word_1_349' title='bbox 334 3983 403 4056; x_wconf 72' lang='lat' dir='ltr'><strong>hac,</strong></span> <span class='ocrx_word' id='word_1_350' title='bbox 413 3985 537 4043; x_wconf 84' lang='lat' dir='ltr'><strong>Contere</strong></span> <span class='ocrx_word' id='word_1_351' title='bbox 547 3986 679 4041; x_wconf 85' lang='lat' dir='ltr'><strong>animum</strong></span> <span class='ocrx_word' id='word_1_352' title='bbox 688 3993 781 4054; x_wconf 89' lang='lat' dir='ltr'><strong>tuum,</strong></span> <span class='ocrx_word' id='word_1_353' title='bbox 793 3994 918 4040; x_wconf 85' lang='lat' dir='ltr'><strong>mentem</strong></span> <span class='ocrx_word' id='word_1_354' title='bbox 928 3982 1053 4040; x_wconf 85' lang='lat' dir='ltr'><strong>humilia</strong></span> <span class='ocrx_word' id='word_1_355' title='bbox 1064 3994 1179 4042; x_wconf 85' lang='lat' dir='ltr'><strong>tuorum</strong></span> <span class='ocrx_word' id='word_1_356' title='bbox 1188 3984 1392 4046; x_wconf 78' lang='lat' dir='ltr'><strong>recordatione</strong></span> <span class='ocrx_word' id='word_1_357' title='bbox 1400 3989 1520 4050; x_wconf 84' lang='lat' dir='ltr'><strong>delicta-</strong></span> 
     </span>
     <span class='ocr_line' id='line_1_39' title="bbox 144 4073 1521 4164; baseline 0.004 -26"><span class='ocrx_word' id='word_1_358' title='bbox 144 4074 226 4147; x_wconf 64' lang='grc' dir='ltr'><strong>Νὴ</strong></span> <span class='ocrx_word' id='word_1_359' title='bbox 238 4076 326 4138; x_wconf 80' lang='lat' dir='ltr'><strong>muln</strong></span> <span class='ocrx_word' id='word_1_360' title='bbox 337 4076 402 4137; x_wconf 90' lang='lat' dir='ltr'><strong>hinc</strong></span> <span class='ocrx_word' id='word_1_361' title='bbox 412 4089 440 4136; x_wconf 91' lang='lat' dir='ltr'><strong>et</strong></span> <span class='ocrx_word' id='word_1_362' title='bbox 452 4074 516 4135; x_wconf 85' lang='lat' dir='ltr'><strong>inde</strong></span> <span class='ocrx_word' id='word_1_363' title='bbox 526 4096 629 4156; x_wconf 83' lang='lat' dir='ltr'><strong>sparsa,</strong></span> <span class='ocrx_word' id='word_1_364' title='bbox 639 4096 721 4154; x_wconf 85' lang='lat' dir='ltr'><strong>quam</strong></span> <span class='ocrx_word' id='word_1_365' title='bbox 730 4073 942 4156; x_wconf 88' lang='lat' dir='ltr'><strong>compunctionis</strong></span> <span class='ocrx_word' id='word_1_366' title='bbox 956 4095 1042 4135; x_wconf 90' lang='lat' dir='ltr'><strong>sermo</strong></span> <span class='ocrx_word' id='word_1_367' title='bbox 1050 4075 1064 4134; x_wconf 74' lang='lat' dir='ltr'><strong>l</strong></span> <span class='ocrx_word' id='word_1_368' title='bbox 1072 4074 1159 4156; x_wconf 67' lang='lat' dir='ltr'><strong>Eque</strong></span> <span class='ocrx_word' id='word_1_369' title='bbox 1168 4076 1247 4138; x_wconf 85' lang='lat' dir='ltr'><strong>lacile</strong></span> <span class='ocrx_word' id='word_1_370' title='bbox 1257 4092 1297 4139; x_wconf 87' lang='lat' dir='ltr'><strong>cst</strong></span> <span class='ocrx_word' id='word_1_371' title='bbox 1307 4079 1392 4140; x_wconf 91' lang='lat' dir='ltr'><strong>alium</strong></span> <span class='ocrx_word' id='word_1_372' title='bbox 1400 4082 1521 4164; x_wconf 86' lang='lat' dir='ltr'><strong>ejusdem</strong></span> 
     </span>
     <span class='ocr_line' id='line_1_40' title="bbox 144 4166 1518 4256; baseline 0.004 -25"><span class='ocrx_word' id='word_1_373' title='bbox 144 4170 288 4251; x_wconf 70' lang='lat' dir='ltr'><strong>taphum,</strong></span> <span class='ocrx_word' id='word_1_374' title='bbox 301 4170 351 4250; x_wconf 89' lang='lat' dir='ltr'><strong>qui</strong></span> <span class='ocrx_word' id='word_1_375' title='bbox 364 4167 522 4251; x_wconf 86' lang='lat' dir='ltr'><strong>hujusmodi</strong></span> <span class='ocrx_word' id='word_1_376' title='bbox 531 4183 585 4229; x_wconf 85' lang='lat' dir='ltr'><strong>est:</strong></span> <span class='ocrx_word' id='word_1_377' title='bbox 595 4169 627 4227; x_wconf 94' lang='lat' dir='ltr'><strong>ln</strong></span> <span class='ocrx_word' id='word_1_378' title='bbox 639 4166 788 4249; x_wconf 83' lang='lat' dir='ltr'><strong>posteriorc</strong></span> <span class='ocrx_word' id='word_1_379' title='bbox 803 4166 932 4241; x_wconf 87' lang='lat' dir='ltr'><strong>homilia,</strong></span> <span class='ocrx_word' id='word_1_380' title='bbox 945 4187 1020 4227; x_wconf 90' lang='lat' dir='ltr'><strong>num.</strong></span> <span class='ocrx_word' id='word_1_381' title='bbox 1033 4169 1061 4243; x_wconf 76' lang='lat'><strong>5,</strong></span> <span class='ocrx_word' id='word_1_382' title='bbox 1074 4167 1113 4227; x_wconf 86' lang='lat' dir='ltr'><strong>ait</strong></span> <span class='ocrx_word' id='word_1_383' title='bbox 1126 4168 1335 4251; x_wconf 81' lang='lat' dir='ltr'><strong>Chrysostomus</strong></span> <span class='ocrx_word' id='word_1_384' title='bbox 1343 4197 1350 4230; x_wconf 76' lang='grc' dir='ltr'><strong><em>ε</em></strong></span> <span class='ocrx_word' id='word_1_385' title='bbox 1359 4174 1417 4234; x_wconf 84' lang='lat' dir='ltr'><strong>Sed</strong></span> <span class='ocrx_word' id='word_1_386' title='bbox 1429 4197 1518 4256; x_wconf 89' lang='lat' dir='ltr'><strong>quam</strong></span> 
     </span>
     <span class='ocr_line' id='line_1_41' title="bbox 144 4256 1520 4351; baseline 0.004 -28"><span class='ocrx_word' id='word_1_387' title='bbox 144 4256 289 4323; x_wconf 71' lang='lat' dir='ltr'><strong>&#39;timeam</strong></span> <span class='ocrx_word' id='word_1_388' title='bbox 300 4263 492 4345; x_wconf 83' lang='lat' dir='ltr'><strong>publicanum</strong></span> <span class='ocrx_word' id='word_1_389' title='bbox 508 4274 570 4321; x_wconf 89' lang='lat' dir='ltr'><strong>tam</strong></span> <span class='ocrx_word' id='word_1_390' title='bbox 581 4262 640 4319; x_wconf 88' lang='lat' dir='ltr'><strong>cita</strong></span> <span class='ocrx_word' id='word_1_391' title='bbox 652 4261 805 4320; x_wconf 68' lang='lat' dir='ltr'><strong>exaudivit</strong></span> <span class='ocrx_word' id='word_1_392' title='bbox 818 4262 910 4337; x_wconf 86' lang='lat' dir='ltr'><strong>Deus,</strong></span> <span class='ocrx_word' id='word_1_393' title='bbox 919 4262 1007 4320; x_wconf 84' lang='lat' dir='ltr'><strong>Isaac</strong></span> <span class='ocrx_word' id='word_1_394' title='bbox 1017 4273 1114 4319; x_wconf 87' lang='lat' dir='ltr'><strong>autern</strong></span> <span class='ocrx_word' id='word_1_395' title='bbox 1123 4266 1234 4342; x_wconf 83' lang='lat' dir='ltr'><strong>viginti</strong></span> <span class='ocrx_word' id='word_1_396' title='bbox 1244 4285 1338 4324; x_wconf 89' lang='lat' dir='ltr'><strong>annas</strong></span> <span class='ocrx_word' id='word_1_397' title='bbox 1354 4287 1440 4328; x_wconf 89' lang='lat' dir='ltr'><strong>orare</strong></span> <span class='ocrx_word' id='word_1_398' title='bbox 1453 4292 1520 4351; x_wconf 87' lang='lat' dir='ltr'><strong>per-</strong></span> 
     </span>
     <span class='ocr_line' id='line_1_42' title="bbox 144 4354 1521 4443; baseline 0.004 -28"><span class='ocrx_word' id='word_1_399' title='bbox 144 4362 212 4415; x_wconf 71' lang='lat' dir='ltr'><strong>tlhn</strong></span> <span class='ocrx_word' id='word_1_400' title='bbox 229 4357 345 4415; x_wconf 81' lang='lat' dir='ltr'><strong>dentum</strong></span> <span class='ocrx_word' id='word_1_401' title='bbox 356 4358 432 4437; x_wconf 79' lang='lat' dir='ltr'><strong>justi</strong></span> <span class='ocrx_word' id='word_1_402' title='bbox 440 4357 574 4435; x_wconf 82' lang='lat' dir='ltr'><strong>precihus</strong></span> <span class='ocrx_word' id='word_1_403' title='bbox 584 4354 793 4415; x_wconf 73' lang='lat' dir='ltr'><strong>annuitlSunt</strong></span> <span class='ocrx_word' id='word_1_404' title='bbox 806 4355 883 4411; x_wconf 87' lang='lat' dir='ltr'><strong>euim</strong></span> <span class='ocrx_word' id='word_1_405' title='bbox 897 4355 985 4413; x_wconf 82' lang='lat' dir='ltr'><strong>vobis</strong></span> <span class='ocrx_word' id='word_1_406' title='bbox 998 4355 1140 4412; x_wconf 73' lang='lat' dir='ltr'><strong>hesternae</strong></span> <span class='ocrx_word' id='word_1_407' title='bbox 1152 4355 1293 4414; x_wconf 74' lang='lat' dir='ltr'><strong>doctrine</strong></span> <span class='ocrx_word' id='word_1_408' title='bbox 1314 4358 1446 4439; x_wconf 80' lang='lat' dir='ltr'><strong>reliquiae</strong></span> <span class='ocrx_word' id='word_1_409' title='bbox 1456 4383 1521 4443; x_wconf 87' lang='lat' dir='ltr'><strong>per·</strong></span> 
     </span>
     <span class='ocr_line' id='line_1_43' title="bbox 144 4442 1519 4531; baseline 0.007 -28"><span class='ocrx_word' id='word_1_410' title='bbox 144 4442 331 4509; x_wconf 76' lang='lat' dir='ltr'><strong>uflicinnuere</strong></span> <span class='ocrx_word' id='word_1_411' title='bbox 342 4446 450 4509; x_wconf 84' lang='lat' dir='ltr'><strong>videtur</strong></span> <span class='ocrx_word' id='word_1_412' title='bbox 459 4448 684 4528; x_wconf 80' lang='lat' dir='ltr'><strong>chrysostomus,</strong></span> <span class='ocrx_word' id='word_1_413' title='bbox 697 4446 785 4526; x_wconf 92' lang='lat' dir='ltr'><strong>inquit</strong></span> <span class='ocrx_word' id='word_1_414' title='bbox 796 4444 997 4518; x_wconf 68' lang='lat' dir='ltr'><strong>&#39;lillemontius</strong></span> <span class='ocrx_word' id='word_1_415' title='bbox 1009 4466 1037 4503; x_wconf 90' lang='lat' dir='ltr'><strong>se</strong></span> <span class='ocrx_word' id='word_1_416' title='bbox 1049 4444 1078 4503; x_wconf 94' lang='lat' dir='ltr'><strong>in</strong></span> <span class='ocrx_word' id='word_1_417' title='bbox 1092 4443 1177 4527; x_wconf 89' lang='lat' dir='ltr'><strong>priori</strong></span> <span class='ocrx_word' id='word_1_418' title='bbox 1191 4445 1317 4507; x_wconf 90' lang='lat' dir='ltr'><strong>concione</strong></span> <span class='ocrx_word' id='word_1_419' title='bbox 1329 4447 1363 4508; x_wconf 89' lang='lat' dir='ltr'><strong>de</strong></span> <span class='ocrx_word' id='word_1_420' title='bbox 1372 4451 1519 4531; x_wconf 89' lang='lat' dir='ltr'><strong>publicano</strong></span> 
     </span>
     <span class='ocr_line' id='line_1_44' title="bbox 144 4534 1521 4623; baseline 0.005 -24"><span class='ocrx_word' id='word_1_421' title='bbox 144 4534 170 4599; x_wconf 78' lang='lat' dir='ltr'><strong>ds</strong></span> <span class='ocrx_word' id='word_1_422' title='bbox 182 4538 273 4601; x_wconf 63' lang='lat' dir='ltr'><strong>hoo</strong></span> <span class='ocrx_word' id='word_1_423' title='bbox 285 4560 435 4601; x_wconf 71' lang='lat' dir='ltr'><strong>ammonem</strong></span> <span class='ocrx_word' id='word_1_424' title='bbox 451 4538 590 4614; x_wconf 84' lang='lat' dir='ltr'><strong>hahuisse,</strong></span> <span class='ocrx_word' id='word_1_425' title='bbox 604 4559 666 4598; x_wconf 91' lang='lat' dir='ltr'><strong>cum</strong></span> <span class='ocrx_word' id='word_1_426' title='bbox 677 4552 764 4598; x_wconf 89' lang='lat' dir='ltr'><strong>tamen</strong></span> <span class='ocrx_word' id='word_1_427' title='bbox 778 4536 884 4597; x_wconf 92' lang='lat' dir='ltr'><strong>nonnisi</strong></span> <span class='ocrx_word' id='word_1_428' title='bbox 893 4535 928 4596; x_wconf 90' lang='lat' dir='ltr'><strong>de</strong></span> <span class='ocrx_word' id='word_1_429' title='bbox 938 4538 1028 4596; x_wconf 87' lang='lat' dir='ltr'><strong>lsaaco</strong></span> <span class='ocrx_word' id='word_1_430' title='bbox 1038 4536 1120 4595; x_wconf 82' lang='lat' dir='ltr'><strong>verba</strong></span> <span class='ocrx_word' id='word_1_431' title='bbox 1133 4536 1214 4596; x_wconf 85' lang='lat' dir='ltr'><strong>faciat</strong></span> <span class='ocrx_word' id='word_1_432' title='bbox 1226 4583 1234 4611; x_wconf 88' lang='lat'>‚</span> <span class='ocrx_word' id='word_1_433' title='bbox 1247 4537 1335 4620; x_wconf 90' lang='lat' dir='ltr'><strong>deque</strong></span> <span class='ocrx_word' id='word_1_434' title='bbox 1348 4543 1473 4623; x_wconf 89' lang='lat' dir='ltr'><strong>precibus</strong></span> <span class='ocrx_word' id='word_1_435' title='bbox 1485 4547 1521 4606; x_wconf 93' lang='lat' dir='ltr'><strong>ah</strong></span> 
     </span>
     <span class='ocr_line' id='line_1_45' title="bbox 144 4629 1520 4718; baseline 0.006 -25"><span class='ocrx_word' id='word_1_436' title='bbox 144 4650 200 4693; x_wconf 82' lang='lat' dir='ltr'><strong>tuos</strong></span> <span class='ocrx_word' id='word_1_437' title='bbox 210 4632 308 4714; x_wconf 78' lang='lat' dir='ltr'><strong>viginti</strong></span> <span class='ocrx_word' id='word_1_438' title='bbox 320 4632 355 4693; x_wconf 87' lang='lat' dir='ltr'><strong>ad</strong></span> <span class='ocrx_word' id='word_1_439' title='bbox 374 4631 572 4718; x_wconf 81' lang='lat' dir='ltr'><strong>impetrandam</strong></span> <span class='ocrx_word' id='word_1_440' title='bbox 582 4654 598 4691; x_wconf 89' lang='lat' dir='ltr'><strong>a</strong></span> <span class='ocrx_word' id='word_1_441' title='bbox 610 4635 667 4692; x_wconf 87' lang='lat' dir='ltr'><strong>Dco</strong></span> <span class='ocrx_word' id='word_1_442' title='bbox 679 4633 782 4714; x_wconf 83' lang='lat' dir='ltr'><strong>prolem</strong></span> <span class='ocrx_word' id='word_1_443' title='bbox 802 4629 915 4690; x_wconf 83' lang='lat' dir='ltr'><strong>omissis.</strong></span> <span class='ocrx_word' id='word_1_444' title='bbox 923 4633 959 4689; x_wconf 83' lang='lat' dir='ltr'><strong>At</strong></span> <span class='ocrx_word' id='word_1_445' title='bbox 967 4629 1034 4688; x_wconf 90' lang='lat' dir='ltr'><strong>nihil</strong></span> <span class='ocrx_word' id='word_1_446' title='bbox 1045 4642 1085 4688; x_wconf 88' lang='lat' dir='ltr'><strong>est</strong></span> <span class='ocrx_word' id='word_1_447' title='bbox 1094 4629 1121 4688; x_wconf 94' lang='lat' dir='ltr'><strong>in</strong></span> <span class='ocrx_word' id='word_1_448' title='bbox 1131 4644 1265 4710; x_wconf 88' lang='lat' dir='ltr'><strong>postremo</strong></span> <span class='ocrx_word' id='word_1_449' title='bbox 1274 4632 1364 4693; x_wconf 89' lang='lat' dir='ltr'><strong>allatis</strong></span> <span class='ocrx_word' id='word_1_450' title='bbox 1375 4637 1478 4714; x_wconf 83' lang='lat' dir='ltr'><strong>verhis,</strong></span> <span class='ocrx_word' id='word_1_451' title='bbox 1491 4640 1520 4700; x_wconf 93' lang='lat' dir='ltr'><strong>ni</strong></span> 
     </span>
     <span class='ocr_line' id='line_1_46' title="bbox 144 4720 1520 4811; baseline 0.006 -26"><span class='ocrx_word' id='word_1_452' title='bbox 144 4722 213 4785; x_wconf 73' lang='lat' dir='ltr'><strong>udde</strong></span> <span class='ocrx_word' id='word_1_453' title='bbox 225 4726 372 4807; x_wconf 84' lang='lat' dir='ltr'><strong>publicano</strong></span> <span class='ocrx_word' id='word_1_454' title='bbox 384 4726 506 4786; x_wconf 87' lang='lat' dir='ltr'><strong>habitam</strong></span> <span class='ocrx_word' id='word_1_455' title='bbox 529 4725 557 4784; x_wconf 95' lang='lat' dir='ltr'><strong>in</strong></span> <span class='ocrx_word' id='word_1_456' title='bbox 576 4723 661 4806; x_wconf 90' lang='lat' dir='ltr'><strong>priori</strong></span> <span class='ocrx_word' id='word_1_457' title='bbox 675 4726 801 4785; x_wconf 91' lang='lat' dir='ltr'><strong>concione</strong></span> <span class='ocrx_word' id='word_1_458' title='bbox 813 4723 975 4784; x_wconf 86' lang='lat' dir='ltr'><strong>mentionem</strong></span> <span class='ocrx_word' id='word_1_459' title='bbox 996 4722 1078 4781; x_wconf 88' lang='lat' dir='ltr'><strong>luisse</strong></span> <span class='ocrx_word' id='word_1_460' title='bbox 1092 4720 1211 4782; x_wconf 85' lang='lat' dir='ltr'><strong>suadeat.</strong></span> <span class='ocrx_word' id='word_1_461' title='bbox 1225 4720 1291 4785; x_wconf 77' lang='lat' dir='ltr'><strong>llaec</strong></span> <span class='ocrx_word' id='word_1_462' title='bbox 1310 4726 1410 4811; x_wconf 87' lang='lat' dir='ltr'><strong>quippe</strong></span> <span class='ocrx_word' id='word_1_463' title='bbox 1425 4732 1520 4808; x_wconf 88' lang='lat' dir='ltr'><strong>verba,</strong></span> 
     </span>
     <span class='ocr_line' id='line_1_47' title="bbox 144 4814 1521 4906; baseline 0.006 -29"><span class='ocrx_word' id='word_1_464' title='bbox 144 4820 250 4877; x_wconf 77' lang='lat' dir='ltr'><strong>taulis</strong></span> <span class='ocrx_word' id='word_1_465' title='bbox 260 4819 404 4879; x_wconf 76' lang='lat' dir='ltr'><strong>hesternae</strong></span> <span class='ocrx_word' id='word_1_466' title='bbox 416 4820 558 4877; x_wconf 73' lang='lat' dir='ltr'><strong>doctrinar</strong></span> <span class='ocrx_word' id='word_1_467' title='bbox 569 4818 701 4899; x_wconf 75' lang='lat' dir='ltr'><strong>reliquiar</strong></span> <span class='ocrx_word' id='word_1_468' title='bbox 712 4818 921 4898; x_wconf 76' lang='lat' dir='ltr'><strong>persolvenda,</strong></span> <span class='ocrx_word' id='word_1_469' title='bbox 932 4814 967 4875; x_wconf 92' lang='lat' dir='ltr'><strong>ad</strong></span> <span class='ocrx_word' id='word_1_470' title='bbox 977 4836 1006 4875; x_wconf 85' lang='lat' dir='ltr'><strong>ca</strong></span> <span class='ocrx_word' id='word_1_471' title='bbox 1018 4836 1076 4894; x_wconf 70' lang='lat' dir='ltr'><strong>quae</strong></span> <span class='ocrx_word' id='word_1_472' title='bbox 1090 4814 1125 4874; x_wconf 93' lang='lat' dir='ltr'><strong>ad</strong></span> <span class='ocrx_word' id='word_1_473' title='bbox 1137 4816 1258 4877; x_wconf 84' lang='lat' dir='ltr'><strong>isaacum</strong></span> <span class='ocrx_word' id='word_1_474' title='bbox 1269 4834 1398 4901; x_wconf 81' lang='lat' dir='ltr'><strong>spectant,</strong></span> <span class='ocrx_word' id='word_1_475' title='bbox 1408 4844 1521 4906; x_wconf 76' lang='lat' dir='ltr'><strong>quaque</strong></span> 
     </span>
     <span class='ocr_line' id='line_1_48' title="bbox 144 4895 1518 4999; baseline 0.004 -28"><span class='ocrx_word' id='word_1_476' title='bbox 144 4895 192 4971; x_wconf 68' lang='lat' dir='ltr'><strong>dns</strong></span> <span class='ocrx_word' id='word_1_477' title='bbox 203 4910 370 4991; x_wconf 70' lang='lat' dir='ltr'><strong>precedunt,</strong></span> <span class='ocrx_word' id='word_1_478' title='bbox 382 4930 436 4969; x_wconf 91' lang='lat' dir='ltr'><strong>non</strong></span> <span class='ocrx_word' id='word_1_479' title='bbox 447 4931 511 4971; x_wconf 83' lang='lat' dir='ltr'><strong>vero</strong></span> <span class='ocrx_word' id='word_1_480' title='bbox 525 4908 562 4969; x_wconf 88' lang='lat' dir='ltr'><strong>ad</strong></span> <span class='ocrx_word' id='word_1_481' title='bbox 575 4909 623 4968; x_wconf 91' lang='lat' dir='ltr'><strong>illa</strong></span> <span class='ocrx_word' id='word_1_482' title='bbox 636 4909 714 4991; x_wconf 90' lang='lat' dir='ltr'><strong>prius</strong></span> <span class='ocrx_word' id='word_1_483' title='bbox 723 4911 809 4990; x_wconf 87' lang='lat' dir='ltr'><strong>posita</strong></span> <span class='ocrx_word' id='word_1_484' title='bbox 819 4909 854 4968; x_wconf 88' lang='lat' dir='ltr'><strong>de</strong></span> <span class='ocrx_word' id='word_1_485' title='bbox 866 4907 1022 4990; x_wconf 83' lang='lat' dir='ltr'><strong>publicano,</strong></span> <span class='ocrx_word' id='word_1_486' title='bbox 1036 4921 1098 4967; x_wconf 91' lang='lat' dir='ltr'><strong>sunt</strong></span> <span class='ocrx_word' id='word_1_487' title='bbox 1111 4908 1259 4969; x_wconf 81' lang='lat' dir='ltr'><strong>referenda.</strong></span> <span class='ocrx_word' id='word_1_488' title='bbox 1273 4910 1309 4970; x_wconf 90' lang='lat' dir='ltr'><strong>Hi</strong></span> <span class='ocrx_word' id='word_1_489' title='bbox 1321 4933 1384 4994; x_wconf 90' lang='lat' dir='ltr'><strong>ergo</strong></span> <span class='ocrx_word' id='word_1_490' title='bbox 1396 4918 1518 4999; x_wconf 88' lang='lat' dir='ltr'><strong>scrupuli</strong></span> 
     </span>
     <span class='ocr_line' id='line_1_49' title="bbox 144 4999 1522 5090; baseline 0.005 -26"><span class='ocrx_word' id='word_1_491' title='bbox 144 5003 338 5083; x_wconf 62' lang='lat' dir='ltr'><strong>‚metium</strong></span> <span class='ocrx_word' id='word_1_492' title='bbox 350 5002 417 5063; x_wconf 88' lang='lat' dir='ltr'><strong>tanti</strong></span> <span class='ocrx_word' id='word_1_493' title='bbox 430 5023 512 5063; x_wconf 83' lang='lat' dir='ltr'><strong>essea</strong></span> <span class='ocrx_word' id='word_1_494' title='bbox 525 5001 700 5061; x_wconf 88' lang='lat' dir='ltr'><strong>Tillemontio</strong></span> <span class='ocrx_word' id='word_1_495' title='bbox 710 5002 908 5076; x_wconf 87' lang='lat' dir='ltr'><strong>existimantur,</strong></span> <span class='ocrx_word' id='word_1_496' title='bbox 921 5015 952 5060; x_wconf 92' lang='lat' dir='ltr'><strong>ut</strong></span> <span class='ocrx_word' id='word_1_497' title='bbox 962 4999 1041 5059; x_wconf 86' lang='lat' dir='ltr'><strong>illurn</strong></span> <span class='ocrx_word' id='word_1_498' title='bbox 1055 5021 1072 5059; x_wconf 86' lang='lat' dir='ltr'><strong>a</strong></span> <span class='ocrx_word' id='word_1_499' title='bbox 1086 5000 1215 5061; x_wconf 84' lang='lat' dir='ltr'><strong>sententia</strong></span> <span class='ocrx_word' id='word_1_500' title='bbox 1225 5000 1389 5068; x_wconf 85' lang='lat' dir='ltr'><strong>dimoveant.</strong></span> <span class='ocrx_word' id='word_1_501' title='bbox 1402 5008 1522 5090; x_wconf 88' lang='lat' dir='ltr'><strong>Utraque</strong></span> 
     </span>
     <span class='ocr_line' id='line_1_50' title="bbox 144 5091 1524 5177; baseline 0.007 -20"><span class='ocrx_word' id='word_1_502' title='bbox 144 5092 207 5157; x_wconf 79' lang='lat' dir='ltr'><strong>tilia</strong></span> <span class='ocrx_word' id='word_1_503' title='bbox 224 5094 261 5157; x_wconf 91' lang='lat' dir='ltr'><strong>de</strong></span> <span class='ocrx_word' id='word_1_504' title='bbox 271 5094 469 5177; x_wconf 78' lang='lat' dir='ltr'><strong>pemevcrantia</strong></span> <span class='ocrx_word' id='word_1_505' title='bbox 484 5094 514 5155; x_wconf 90' lang='lat' dir='ltr'><strong>in</strong></span> <span class='ocrx_word' id='word_1_506' title='bbox 529 5093 686 5155; x_wconf 88' lang='lat' dir='ltr'><strong>emittendis</strong></span> <span class='ocrx_word' id='word_1_507' title='bbox 704 5094 831 5174; x_wconf 85' lang='lat' dir='ltr'><strong>precihus</strong></span> <span class='ocrx_word' id='word_1_508' title='bbox 844 5092 918 5172; x_wconf 87' lang='lat' dir='ltr'><strong>agit,</strong></span> <span class='ocrx_word' id='word_1_509' title='bbox 933 5104 959 5152; x_wconf 86' lang='lat' dir='ltr'><strong>ct</strong></span> <span class='ocrx_word' id='word_1_510' title='bbox 974 5091 1002 5151; x_wconf 95' lang='lat' dir='ltr'><strong>in</strong></span> <span class='ocrx_word' id='word_1_511' title='bbox 1016 5104 1128 5172; x_wconf 86' lang='lat' dir='ltr'><strong>utraque</strong></span> <span class='ocrx_word' id='word_1_512' title='bbox 1140 5092 1265 5175; x_wconf 89' lang='lat' dir='ltr'><strong>pluribus</strong></span> <span class='ocrx_word' id='word_1_513' title='bbox 1277 5093 1388 5160; x_wconf 88' lang='lat' dir='ltr'><strong>docetur</strong></span> <span class='ocrx_word' id='word_1_514' title='bbox 1401 5121 1454 5162; x_wconf 93' lang='lat' dir='ltr'><strong>non</strong></span> <span class='ocrx_word' id='word_1_515' title='bbox 1467 5125 1524 5165; x_wconf 89' lang='lat' dir='ltr'><strong>esse</strong></span> 
     </span>
     <span class='ocr_line' id='line_1_51' title="bbox 144 5185 1335 5270; baseline 0.003 -23"><span class='ocrx_word' id='word_1_516' title='bbox 144 5208 159 5247; x_wconf 84' lang='lat' dir='ltr'><strong>n</strong></span> <span class='ocrx_word' id='word_1_517' title='bbox 173 5200 268 5249; x_wconf 81' lang='lat' dir='ltr'><strong>eontra</strong></span> <span class='ocrx_word' id='word_1_518' title='bbox 281 5187 415 5248; x_wconf 88' lang='lat' dir='ltr'><strong>inimicos.</strong></span> <span class='ocrx_word' id='word_1_519' title='bbox 432 5190 463 5248; x_wconf 93' lang='lat' dir='ltr'><strong>ln</strong></span> <span class='ocrx_word' id='word_1_520' title='bbox 479 5201 572 5247; x_wconf 89' lang='lat' dir='ltr'><strong>neutra</strong></span> <span class='ocrx_word' id='word_1_521' title='bbox 587 5208 650 5247; x_wconf 86' lang='lat' dir='ltr'><strong>vero</strong></span> <span class='ocrx_word' id='word_1_522' title='bbox 662 5186 780 5266; x_wconf 88' lang='lat' dir='ltr'><strong>aliquam</strong></span> <span class='ocrx_word' id='word_1_523' title='bbox 794 5185 920 5270; x_wconf 87' lang='lat' dir='ltr'><strong>temporis</strong></span> <span class='ocrx_word' id='word_1_524' title='bbox 933 5199 1023 5246; x_wconf 86' lang='lat' dir='ltr'><strong>notam</strong></span> <span class='ocrx_word' id='word_1_525' title='bbox 1037 5185 1168 5267; x_wconf 86' lang='lat' dir='ltr'><strong>expiscari</strong></span> <span class='ocrx_word' id='word_1_526' title='bbox 1184 5208 1335 5268; x_wconf 88' lang='lat' dir='ltr'><strong>possumus.</strong></span> 
     </span>
    </p>
   </div>
   <div class='ocr_carea' id='block_1_9' title="bbox 144 5280 1372 5425">
    <p class='ocr_par' dir='ltr' id='par_1_10' title="bbox 144 5280 1372 5425">
     <span class='ocr_line' id='line_1_52' title="bbox 144 5280 802 5362; baseline -0.008 -19"><span class='ocrx_word' id='word_1_527' title='bbox 144 5280 220 5343; x_wconf 76' lang='lat' dir='ltr'><strong>mio</strong></span> <span class='ocrx_word' id='word_1_528' title='bbox 230 5281 372 5362; x_wconf 83' lang='lat' dir='ltr'><strong>utriusque</strong></span> <span class='ocrx_word' id='word_1_529' title='bbox 384 5282 479 5344; x_wconf 70' lang='lat' dir='ltr'><strong>latina</strong></span> <span class='ocrx_word' id='word_1_530' title='bbox 494 5295 535 5343; x_wconf 88' lang='lat' dir='ltr'><strong>est</strong></span> <span class='ocrx_word' id='word_1_531' title='bbox 546 5281 688 5343; x_wconf 87' lang='lat' dir='ltr'><strong>Frontonis</strong></span> <span class='ocrx_word' id='word_1_532' title='bbox 702 5281 802 5341; x_wconf 62' lang='lat' dir='ltr'><strong>nunni.</strong></span> 
     </span>
     <span class='ocr_line' id='line_1_53' title="bbox 174 5366 1372 5425; baseline 0.002 -2"><span class='ocrx_word' id='word_1_533' title='bbox 174 5382 248 5423; x_wconf 73' lang='lat' dir='ltr'><strong>rou.</strong></span> <span class='ocrx_word' id='word_1_534' title='bbox 270 5384 316 5421; x_wconf 85' lang='lat' dir='ltr'><strong>tn.</strong></span> <span class='ocrx_word' id='word_1_535' title='bbox 1332 5366 1372 5425; x_wconf 63' lang='grc' dir='ltr'>Ἢ</span> 
     </span>
    </p>
   </div>
   <div class='ocr_carea' id='block_1_10' title="bbox 0 0 1889 5992">
    <p class='ocr_par' dir='ltr' id='par_1_11' title="bbox 0 0 1889 5992">
     <span class='ocr_line' id='line_1_54' title="bbox 0 0 1889 5992; baseline 0 0"><span class='ocrx_word' id='word_1_536' title='bbox 0 0 1889 5992; x_wconf 95' lang='lat' dir='ltr'><strong> </strong></span> 
     </span>
    </p>
   </div>
  </div>
 </body>
</html>
