3810 6000
256 345 327 451 756
563 369 593 417 s.
621 366 761 418 romurs
787 363 969 415 cunrsosr.
998 363 1156 415 incurri.
1184 364 1455 415 eonsrsnrruor.

436 598 551 656 arni.
572 591 787 673 ενιιηνιιιιιιι.
1268 585 1316 665 ιη’.
1337 585 1546 666 προμηθίη.

134 802 168 848 ab
188 815 247 845 ιιιο
296 784 397 842 catera
410 777 520 858 quidem
536 776 626 837 omnia
640 764 756 854 tempori
768 769 876 847 cedunt,
885 789 917 827 ac
926 787 971 827 re·
1063 769 1108 830 Τά
1131 769 1179 849 μίν
1201 769 1270 831 ἀλλα
1291 770 1459 830 edereedere
1473 769 1566 851 χρόνῳ
1586 769 1634 829 καὶ
1647 782 1777 851 παραγυρύ

77 855 157 988 ’2οδ
186 864 214 908 '¹¹
260 888 385 936 tustatem
402 885 428 931 et
443 871 548 931 senium
566 866 740 942 contrahunt,
753 864 805 923 boc
818 862 972 923 estiloren·
1024 863 1210 941 παλαιούμενα
1232 861 1278 922 καί
1290 862 1475 944 γηράσκοντα,
1493 864 1541 923 καλ
1565 862 1699 942 σωμάτων
1716 864 1778 936 ἄνθη,

116 938 157 985 ⁰⁷⁵
254 967 291 1026 tia
304 986 428 1046 corpora,
444 963 499 1023 alta
510 959 637 1036 mittete,
650 969 739 1038 prata,
753 953 868 1025 ethorti,
885 952 971 1012 aede·
1024 953 1297 1035 καίοίκοδομημάτιον
1312 956 1486 1037 μεγίθη,κιιδ
1499 956 1779 1038 λειμῶνες,καδτερά·

252 1054 433 1136 niqueomnia
448 1074 508 1134 quae
529 1071 565 1111 ex
584 1064 656 1132 terra
665 1045 873 1108 oriunturcsola
882 1057 973 1104 autem
1023 1048 1118 1121 δεισοι,
1132 1047 1223 1108 καίτά
1238 1049 1291 1109 ἀπὸ
1302 1049 1544 1128 τῆςγῆςάπαντα·
1559 1048 1779 1130 μόνηδδὴἀγάτη

252 1146 349 1206 caritas
362 1146 398 1204 ab
416 1141 550 1225 ejusmodi
565 1139 726 1200 detrimento
737 1135 866 1196 immunis
875 1147 930 1213 est;
940 1156 973 1195 ac
1023 1137 1071 1213 τὴν
1085 1141 1202 1200 ἐντεῦθεν
1213 1140 1318 1221 διέφυγε
1333 1142 1446 1220 βλάύην,
1464 1142 1515 1201 καὶ
1529 1145 1559 1202 ὠ
1573 1142 1655 1220 μόνον
1665 1143 1694 1199 ού
1705 1142 1780 1222 μεριί

252 1259 306 1298 uon
322 1236 403 1297 modo
418 1234 547 1317 temporis
557 1231 737 1293 diuturnitate
753 1250 806 1289 non
819 1227 970 1307 marcescit,
1022 1253 1096 1290 νεται
1108 1231 1204 1312 χρόνου
1230 1231 1341 1306 πλήθει,
1367 1235 1427 1293 ἀλλ’
1452 1232 1515 1292 οιίδδ
1537 1236 1613 1312 αὐτῷ
1635 1233 1780 1293 tantm

253 1329 300 1390 sed
313 1352 346 1391 ne
356 1342 442 1389 morte
450 1327 562 1408 quidem
575 1327 634 1408 ipsa
647 1321 861 1403 interrumpitur.
878 1319 973 1400 quue
987 1334 1007 1382 Β
1021 1324 1061 1402 τῷ
1075 1322 1188 1404 θανάτῳ.
1206 1322 1258 1383 Διά
1274 1323 1306 1395 δὴ
1329 1328 1408 1383 τοῦτο
1423 1325 1471 1384 καί
1485 1330 1583 1403 ἡμεῖς,
1599 1329 1625 1384 εί
1640 1325 1686 1385 καί
1702 1326 1781 1402 nupti

190 1471 193 1480 .
253 1421 360 1482 nomine
374 1443 423 1481 nos
436 1441 552 1500 quoque,
566 1417 673 1478 tametsi
682 1416 813 1476 diuturno
827 1428 971 1496 temperea
1022 1414 1219 1496 ἀπελείφθημεν
1241 1415 1337 1497 χρόνον
1352 1418 1400 1488 τῆς
1422 1416 1570 1496 ἐμμελείας
1597 1421 1648 1490 τῆς
1661 1422 1720 1489 σῆς,
1737 1420 1782 1476 ἀλλ’

252 1513 385 1574 suavitate
410 1526 454 1571 tua
472 1509 650 1585 abfuerimus,
670 1506 807 1587 rigentem
826 1519 916 1566 tamen
930 1505 972 1564 tui
1021 1507 1191 1586 ἀκμάζουσαν
1204 1507 1286 1581 αύιὴν
1300 1509 1488 1590 διατηροῦμεν,
1503 1509 1550 1569 καί
1564 1508 1674 1590 γλιύττη
1688 1509 1730 1587 μίν
1739 1516 1782 1581 νῖν,

253 1625 377 1664 amorem
402 1603 568 1663 retinemus:
591 1621 622 1660 ac
645 1619 717 1659 nuuc
740 1596 850 1677 quidem
865 1596 970 1677 lingua,
1021 1596 1115 1676 γνώμῃ
1132 1596 1160 1658 δί
1178 1597 1229 1658 ἀεί.
1241 1599 1289 1658 Διδ
1304 1599 1350 1658 καὶ
1360 1602 1479 1680 συνεχῶς
1494 1600 1700 1679 ἐπεστάλκαμίν
1712 1603 1784 1679 eme}

254 1716 359 1776 semper
368 1708 458 1754 autem
472 1693 572 1755 animo.
583 1688 721 1770 anuede
730 1709 809 1748 eausa
822 1709 904 1768 quam
917 1709 970 1749 stc·
1022 1686 1159 1768 εὗλαύείηι.
1171 1687 1284 1765 Ἐπειδὴ
1302 1690 1330 1749 δὲ
1339 1695 1405 1770 ἡμῖν
1418 1691 1653 1774 περισπούδαστον
1668 1692 1784 1772 μανθάνω

254 1785 409 1868 pissimead
420 1786 547 1867 pietatem
561 1797 635 1844 tuam
648 1781 740 1840 literas
750 1778 883 1840 dedimus.
892 1778 971 1851 Quo-
1022 1770 1093 1840 οἴτά
1106 1785 1155 1851 τῆς
1179 1780 1280 1862 ὑγιείας
1300 1780 1393 1862 1’ὁρμᾷ
1413 1787 1462 1855 τῆς
1480 1775 1642 1857 σῆςίοῖσθα
1661 1784 1709 1864 γάρ
1729 1783 1785 1850 due

254 1878 328 1937 niam
341 1891 443 1956 autem,
459 1899 512 1957 quo
526 1889 597 1936 statu
611 1870 738 1934 valetudo
749 1885 794 1930 tua
808 1871 854 1946 sit,
868 1870 973 1930 intelli·
1026 1874 1106 1944 αὐτῆς
1120 1871 1309 1953 ἀντεχόμεθα),
1329 1877 1353 1932 εἰ
1366 1875 1477 1935 δυνατδν
1499 1875 1624 1954 γίνοιτο,
1645 1875 1690 1934 καί
1709 1875 1785 1956 ῥαδίιις

255 1990 317 2049 gere
336 1968 416 2030 valde
430 1969 581 2050 expetimus
599 1965 662 2046 (scis
683 1963 754 2024 enim
769 1964 826 2044 ipse
846 1984 928 2043 quam
950 1976 976 2023 te
1026 1963 1161 2045 ἐπιτύχοις
1174 1966 1243 2033 τινὸς
1262 1972 1309 2026 τοῦ
1326 1966 1525 2044 διακομίζοντος
1539 1973 1612 2046 ἡμῖν
1632 1968 1786 2049 τδιγράμμα-

254 2061 344 2121 valere
367 2061 528 2142 cupiamus),
548 2058 572 2119 si
585 2057 646 2117 fieri
663 2056 759 2138 possit,
780 2055 911 2135 taciteque
924 2055 977 2115 ali-
1026 2081 1076 2132 τα,
1086 2057 1120 2117 τὰ
1140 2063 1229 2141 σαυτῷ
1241 2059 1377 2139 πρέποντα
1395 2064 1492 2135 πουῗιν,
1507 2062 1592 2130 δῆλον
1606 2066 1683 2135 τοῦτο
1695 2065 1785 2132 ποιῆσαι

218 2185 223 2193 ·
256 2173 336 2231 quem
352 2153 472 2224 nancisci
490 2173 583 2232 queas,
606 2150 654 2229 qui
676 2149 767 2209 literas
781 2147 819 2208 ad
834 2148 975 2221 suaserat,
1027 2154 1093 2228 ἡμῖν
1117 2151 1317 2234 παρακλήθητι.
1341 2151 1385 2212 Τά
1404 2152 1456 2234 γδρ
1481 2156 1542 2212 καθ’
1559 2158 1653 2231 ἡμᾶς,
1674 2153 1708 2211 τά
1727 2155 1784 2211 τεέν

257 2243 340 2303 velim
354 2234 393 2320 rt't,
407 2240 637 2324 quemadmodum
650 2239 788 2300 officiitui
801 2239 870 2299 ratio
883 2252 978 2320 postu·
992 2255 1012 2303 c
1028 2241 1168 2323 Ἀρμενία,
1191 2242 1225 2302 τά
1248 2267 1278 2302 τε
1305 2246 1331 2303 ἐν
1364 2243 1481 2325 Θρᾴκῃ,
1505 2244 1667 2321 διηγήσεταί
1695 2249 1783 2322 σαυτῇ

255 2336 303 2412 lat,
322 2334 357 2395 de
379 2357 410 2396 eo
425 2357 475 2396 nos
488 2334 614 2396 certiores
625 2332 717 2393 facias.
732 2332 803 2391 Nam
823 2351 865 2390 res
874 2343 979 2389 nostras
1028 2336 1123 2414 γνησίᾳ
1137 2334 1182 2393 καί
1198 2338 1282 2417 θερμῇ
1297 2335 1387 2417 ἀγάπη
1399 2340 1414 2396 θ
1425 2334 1461 2397 τδι
1475 2335 1630 2417 γράμματα
1642 2335 1782 2417 ἐγχειρίζειν.

255 2439 334 2504 atque
350 2447 458 2504 eaque
474 2426 502 2486 iu
515 2421 643 2484 Armenia
661 2435 688 2481 et
708 2419 827 2481 Thracia
840 2433 979 2499 geruntur,

256 2516 364 2577 sincera
373 2530 455 2598 atque
467 2517 573 2577 ardenti
584 2514 691 2578 caritati
702 2528 755 2575 tues
768 2511 921 2573 narrabitis
932 2510 980 2595 qui

256 2608 310 2668 tibi
325 2609 374 2670 has
392 2610 483 2672 literas
496 2609 598 2672 reddet.

418 2807 529 2868 LXIV.
541 2807 819 2885 Cyriacoepiscopo.
1242 2805 1289 2875 ξδ’.
1305 2809 1433 2890 Κυριακῷ
1444 2810 1599 2893 ἐπισκύπῳ.

300 2982 436 3043 Dominus
467 3004 543 3042 meus
568 2983 692 3062 Sopater,
710 2979 845 3039 aemuia
866 2979 981 3060 hujusce
1070 2984 1105 3045 ‘0
1120 2986 1249 3061 δεσπότης
1272 3011 1323 3067 μου
1338 2987 1502 3069 Σώπατρος,
1517 2995 1533 3050 ὁ
1547 2994 1597 3063 τῆς
1612 2991 1783 3072 Ἀρμεηαγγ.

257 3076 408 3156 prefectus,
423 3074 450 3134 in
466 3096 519 3153 qua
536 3093 608 3132 nune
622 3072 720 3132 inclusi
734 3085 865 3146 tenemur,
881 3072 979 3131 Arme-
1029 3099 1095 3157 χων,
1109 3076 1247 3160 Ἀρμενίας
1259 3077 1356 3150 ταύτης
1370 3083 1397 3140 ἐν
1415 3071 1433 3159 ἦ
1446 3087 1492 3140 νῦν
1511 3084 1595 3162 ἔσμεν
1609 3082 1784 3163 καθειργμένον,

260 3167 311 3226 uiae
325 3165 437 3245 quidem
452 3164 563 3247 praefuit
574 3177 604 3223 ut
616 3176 704 3245 pater,
719 3162 782 3244 plus
794 3175 885 3222 autem
897 3162 982 3223 officii
1029 3161 1093 3247 ἦρξε
1115 3167 1162 3245 μίν
1188 3167 1326 3250 Ἀρμενίας
1349 3175 1384 3237 ὡς
1398 3171 1507 3253 πατὴρ,
1530 3174 1684 3244 §magam
1704 3171 1786 3253 δίῇγί

258 3279 321 3339 erga
343 3279 391 3318 nos
412 3256 635 3335 exhibuit‚quam
653 3276 668 3313 a
693 3268 770 3336 patre
788 3251 981 3335 postulandum
1029 3264 1100 3336 ἡμᾶς
1113 3258 1254 3340 θεραπείαν
1268 3259 1377 3321 πλείονα
1397 3260 1531 3344 ἢπαιήρ.
1549 3265 1662 3336 Ταύτης
1674 3270 1741 3346 αὐτην
1752 3269 1786 3332 σύγ

260 3355 408 3414 videretur.
421 3350 492 3410 Huic
505 3350 594 3429 itaque
603 3349 718 3431 hujusce
731 3346 923 3407 benevolentiae
938 3344 982 3407 vi·
1030 3349 1131 3416 εὐνοίας
1144 3351 1288 3410 ἀποδοῦναι
1298 3351 1346 3425 τὴν
1361 3353 1477 3433 άμοιύὴν
1488 3356 1649 3424 σπουδάζων
1662 3382 1691 3416 τε
1705 3357 1745 3416 καὶ
1757 3360 1787 3424 {rs

258 3468 317 3506 cem
332 3467 395 3505 eum
404 3442 714 3526 rependerecuperemct
721 3438 900 3518 exquirerem,
911 3437 982 3520 opti·
1030 3444 1092 3516 τῶν,
1104 3440 1243 3522 εὑρηκέναι
1264 3467 1310 3520 μοι
1324 3445 1393 3504 δοκῶ
1412 3446 1563 3520 καλλίστην
1576 3449 1651 3519 bobo,
1671 3449 1717 3522 rip
1727 3470 1788 3526 μμ.

260 3560 334 3597 mam
352 3537 425 3597 riam
438 3535 508 3594 mihi
521 3533 655 3594 invenisse
665 3531 771 3600 videor,
785 3530 915 3590 nimirum
929 3531 983 3590 sol·
1033 3533 1198 3615 ριμνημίνην
1213 3559 1260 3594 σου
1274 3536 1320 3595 καί
1333 3536 1466 3618 ἄγρυπνοι
1481 3538 1584 3619 ύυχὴν,
1597 3541 1632 3599 δι’
1655 3532 1687 3612 ἧς
1705 3539 1790 3611 δυνάμι·

259 3630 367 3689 licitum
377 3642 455 3688 tuum
466 3626 661 3707 aevigilantem
676 3623 891 3705 animuur‚eujus
902 3644 983 3704 opera
997 3640 1017 3687 υ
1032 3650 1081 3705 μαι
1104 3627 1181 3687 αὐτδν
1196 3627 1369 3708 ἀμείψασθαι.
1393 3631 1457 3695 Πῶς
1480 3630 1529 3688 καί
1555 3630 1610 3689 τίνι
1633 3631 1735 3714 τρύπιρ,
1745 3627 1791 3695 tte

259 3721 375 3798 gratiam
392 3719 444 3800 ipsi
465 3718 564 3777 referre
580 3730 684 3798 potero.
704 3715 760 3788 Qui
775 3713 882 3775 tandem
900 3711 984 3793 istud,
1031 3722 1101 3779 ἐστιν
1117 3721 1188 3800 αὐτῷ
1210 3719 1352 3801 διατρίάοιν
1376 3719 1467 3780 αὐτόθι
1486 3720 1585 3801 χρόνον
1600 3722 1655 3797 ἤδη
1669 3723 1745 3783 πολύν
1761 3718 1791 3781 ἀεί

258 3826 284 3871 ct
297 3832 413 3890 quonam
425 3823 503 3892 paeto
513 3811 527 3867 ,⁹
539 3808 629 3890 Ipsius
645 3807 721 3866 filius
734 3807 791 3888 jam
804 3805 853 3865 diu
863 3805 923 3865 istic
944 3805 984 3865 li·
1031 3810 1116 3888 λόγων
1131 3813 1237 3880 κτῆσιν.
1250 3813 1349 3871 Τοῦτον
1362 3811 1407 3870 etv
1418 3812 1577 3893 σπωδάσης
1590 3815 1661 3892 μετὰ
1671 3811 1792 3895 προθυμία

258 3918 381 3962 terarum
395 3922 477 3960 causa
493 3913 683 3958 commoratur.
697 3898 777 3956 Hunc
788 3897 811 3956 si
826 3897 890 3956 laeto
903 3911 985 3976 atque
1033 3904 1107 3977 ἰδεῖν,
1130 3901 1177 3960 καί
1197 3906 1246 3974 τῆς
1269 3925 1311 3962 σοι
1333 3902 1487 3986 πρεπούσης
1501 3905 1627 3983 ἀγάπης,
1644 3907 1691 3966 καί
1702 3904 1792 3982 amisus

259 3994 343 4054 alacri
353 3992 456 4062 animo,
468 4004 498 4049 ut
508 3990 614 4049 caritati
623 3987 915 4064 tuaecourenit2ridere
928 4001 984 4048 stu·
1032 3994 1204 4054 θἀπολαῦσαί
1224 4018 1294 4064 τινος
1307 3999 1359 4054 τῶν
1373 3998 1509 4077 χρηστῶν,
1523 3997 1557 4056 τὸ
1575 4007 1631 4058 πᾶν
1645 3997 1750 4077 ἐσόμεθα
1760 3997 1791 4054 ία-

263 4084 366 4160 dneris,
385 4081 562 4159 beneficiique
586 4080 694 4161 aliquid
712 4081 813 4140 iueum
829 4081 984 4158 contueris,
1033 4087 1173 4154 τετικότες.
1198 4088 1276 4147 liciae
1301 4087 1329 4146 δὲ
1352 4094 1445 4160 τοῦτο,
1468 4090 1515 4147 καί
1541 4091 1660 4164 καθίστη
1686 4090 1790 4171 γνώριμα

261 4177 354 4237 omnia
375 4175 454 4235 nobis
475 4174 565 4234 debita
586 4173 675 4234 officia
690 4172 854 4255 rependeris.
877 4177 983 4248 Quam·
1035 4179 1112 4240 αὐτὸν
1126 4180 1172 4239 καί
1184 4189 1237 4246 τοῖς
1262 4183 1289 4239 ἐν
1304 4180 1388 4250 τέλει,
1408 4188 1463 4248 τοῖς
1477 4181 1525 4240 καί
1539 4181 1584 4241 σοί
1598 4175 1787 4264 γνωρίμοις,εά
1820 4186 1823 4191 ’

264 4271 357 4330 ubi-em
371 4269 424 4329 hcc
435 4268 530 4328 effice:
546 4287 577 4326 ac
589 4279 648 4326 tum
659 4284 753 4325 corum
764 4265 811 4344 qui
824 4265 984 4345 magistratu
1036 4274 1187 4353 δυναμένοις
1205 4275 1277 4354 αὐτῷ
1291 4272 1340 4346 τὴν
1353 4273 1497 4353 ἀλλοτρίαν
1510 4273 1583 4346 ἡδίω
1599 4279 1649 4346 τῆς
1662 4271 1785 4354 ἐνιγιοίιηι
1823 4297 1825 4312 ¹

260 4358 426 4442 funguntur,
443 4375 501 4420 tum
513 4373 620 4419 tuorum
632 4355 819 4433 familiarium,
830 4356 987 4437 quiqueipsi
1035 4368 1155 4436 πονῆσαι,
1176 4363 1256 4423 οὕτω
1276 4363 1332 4445 ,γὰρ
1356 4368 1438 4447 χαριῇ
1467 4363 1516 4443 μὲν
1546 4366 1658 4448 ἐμίνῳ,
1682 4357 1783 4446 γαμῇά

261 4468 399 4513 externam
415 4453 552 4532 regionem
566 4449 657 4532 patria
664 4444 857 4529 jucundiorem
873 4446 986 4506 reddere
1037 4454 1108 4534 ἐμοὶ,
1124 4460 1206 4536 γαμῇ
1230 4453 1257 4516 δὲ
1283 4459 1373 4537 σαυτῷ
1383 4500 1391 4528 ‚
1418 4455 1502 4537 ἄνδρα
1525 4458 1645 4536 xpm&
1663 4451 1778 4536 „1905

262 4559 374 4624 (γείτοσι,
390 4545 514 4605 notitiam
530 4543 582 4624 ipsi
603 4541 725 4602 concilia.
744 4539 886 4617 Sicorim,
909 4553 935 4599 et
951 4539 986 4599 ab
1037 4554 1141 4628 ορωπον
1152 4546 1198 4607 καί
1210 4548 1296 4607 κοινὸν
1309 4552 1362 4606 τῶν
1372 4546 1655 4628 πε,ήτω,λ,μέ,,,δ,ὰ
1669 4542 1776 4608 ,μεμηνὸς

261 4658 309 4711 eo,
321 4650 347 4696 et
358 4659 373 4694 a
384 4657 444 4711 mc,
460 4649 540 4714 atque
552 4633 619 4693 adeo
632 4655 650 4691 a
661 4633 747 4715 teipso
761 4631 875 4711 gratiam
885 4630 985 4704 inibis,
1001 4660 1021 4708 Ε
1040 4641 1157 4719 ὠφελῶν,

263 4728 381 4806 probum
394 4726 496 4786 scilicet
508 4746 539 4783 ac
548 4725 695 4804 benignum
706 4722 795 4781 virum
806 4743 987 4782 communem·

263 4840 317 4894 que
328 4839 479 4899 pauperum
494 4829 603 4897 portum
616 4837 664 4896 per
677 4813 766 4873 filium
775 4814 884 4894 juvans.

296 5020 305 5042 f·
323 5002 409 5053 Codex
421 5000 531 5052 Fabricii
548 5007 696 5072 Τρκνκνλίνῳ.
710 4998 814 5050 Coisiin.
827 5006 965 5069 Τακυλιανῷ.
977 5000 1026 5051 Re·
1086 5001 1098 5038 b
1116 4998 1163 5049 diii
1174 5006 1253 5071 δρμεῖ,
1267 4997 1307 5051 vti
1319 5007 1389 5071 ὁρμῇ.

262 5084 315 5146 gius
333 5099 395 5131 unus
415 5079 501 5130 Codes
522 5082 557 5129 sic
576 5077 707 5145 epistolum
732 5078 835 5144 incipit,
858 5087 887 5133 ιὰ
905 5085 948 5146 μὲν
966 5084 1027 5133 ἄλλα
1088 5080 1178 5128 t'l'rcs
1196 5079 1252 5131 Μαι.
1275 5087 1403 5135 ἀπολαῦσαί
1424 5104 1480 5141 τινα,-
1498 5092 1604 5151 χρκιτσύ.
1625 5077 1675 5131 ibid
1696 5067 1761 5126 ύοίίίθ

262 5169 389 5231 πράγματα
398 5167 458 5212 ιῐκιι.
468 5157 545 5208 Paulo
555 5155 672 5224 postduo
680 5155 736 5207 Mes.
749 5160 936 5224 οἰκοδομημάτων
947 5162 1030 5221 κάλλη.
1058 5165 1115 5214 ποίει
1128 5161 1155 5218 δὴ
1168 5165 1244 5211 τοῦτο.
