3764 5992
283 414 351 488 270
589 412 619 461 S·
647 413 787 462 JOANMS
817 413 999 463 CDRYSOST.
1027 412 1185 463 tuentur.
1214 415 1483 467 consrtttrtttot’.

160 550 271 596 atatam
282 549 339 595 tum
352 535 479 617 degeret?
504 537 608 609 tametsi
626 551 740 619 poterat,
752 537 776 598 si
787 537 927 611 voluisset,
942 538 1000 598 haec
1052 538 1186 620 πρόύατα,
1196 539 1242 599 καλ
1252 541 1377 623 μόσχους,
1388 543 1435 603 καί
1443 540 1564 624 χρυσίον,
1575 541 1621 602 καί
1627 544 1745 625 ἀργύριον.
1751 549 1789 611 Tu

127 621 270 720 2¹:¹13&
282 648 344 687 rere
361 626 451 688 dicere
463 652 470 686 :
482 630 580 690 etenim
593 643 732 710 tamquam
744 652 793 690 rex
805 629 944 690 colebatur
962 630 998 690 ab
1014 648 1034 694 o
1051 633 1164 692 πλοῦτον
1179 622 1261 708 εἶπεν,
1274 638 1324 715 οὐχ
1342 633 1387 694 ίνα
1405 612 1515 718 εύπορον
1530 633 1602 716 δείξη
1612 635 1690 712 ὄντα,
1700 641 1748 699 ett‘
1757 642 1789 703 ίιι

61 768 74 789 ,
126 745 172 781 ιιι.
279 718 338 800 ejus
352 719 468 780 nationis
487 720 653 781 hominibus.
672 724 797 781 Attamen
814 721 883 781 nihil
900 721 997 782 horum
1050 723 1186 803 φιλόθεον·
1199 726 1228 784 ού
1245 725 1297 808 γδιρ
1311 727 1365 788 ἀπὸ
1385 732 1432 788 τοῦ
1451 729 1617 798 κεκτῆσθαι,
1632 729 1688 788 ἀλλ’
1701 730 1789 794 istm

279 808 361 886 dixit,
374 808 421 870 sed
434 810 540 871 omissis
554 810 622 883 istis,
637 831 697 891 quae
711 809 784 892 apud
798 810 921 871 homines
933 824 997 870 sunt
1048 814 1123 896 παρδι
1139 818 1211 877 Θεοῦ
1227 824 1312 879 ταῦτα
1326 819 1403 880 αὔτδν
1422 817 1561 901 εἰληφέναι
1576 821 1734 900 ἐγκωμιάσαι
1743 825 1789 904 iei-

278 905 450 987 inpretio,u
472 904 567 968 divino
581 928 643 967 eum
655 907 748 968 favore
768 907 996 968 commendathis
1047 910 1137 968 λεται·
1165 899 1222 970 εἶτα
1242 910 1304 993 περὶ
1336 915 1382 972 τοῦ
1401 910 1514 993 νυμφίου
1540 912 1731 994 διαλεγόμενος·
1751 917 1789 977 Καὶ

125 995 268 1064 Gemi-34·
277 997 384 1059 verbis:
397 1001 461 1081 Ego
472 999 605 1060 Abrahae
616 1021 733 1061 servm:
749 1001 896 1060 Dominus
907 1004 995 1060 bene-
1046 999 1118 1061 ίτεκε
1135 1001 1248 1083 Mota,
1263 1006 1281 1075 ἡ
1295 1001 1361 1083 γυνὴ
1379 1009 1427 1064 τοῦ
1445 1003 1537 1087 κυρίυι
1561 1026 1628 1084 μου,
1648 1005 1699 1066 υίδν
1718 1004 1788 1088 irrep

124 1060 165 1108 ³⁵⁶
277 1092 670 1170 dieitDomirromeovaide,
684 1093 951 1172 exaltatusqueest,
965 1105 994 1153 et
1045 1092 1128 1174 κυρίιρ
1142 1119 1193 1173 μου
1208 1093 1446 1177 μετὰτδγηρᾶσαι
1461 1094 1550 1156 αὐτόν.
1566 1096 1698 1157 Ἐνταῦθύ
1710 1121 1748 1175 μοι
1757 1101 1789 1160 καί

274 1184 355 1244 dedit
376 1187 403 1244 εἰ
417 1204 485 1245 oves
499 1197 528 1244 et
543 1186 639 1261 boves,
654 1197 808 1265 argentum
821 1197 849 1243 et
872 1205 988 1250 curtem.
1044 1183 1090 1246 τόν
1106 1183 1202 1266 τρόπον
1222 1189 1275 1246 τῶν
1294 1184 1395 1247 ὠδίνων
1419 1186 1546 1267 ᾐνίξατο,
1563 1185 1664 1256 δεικνῦς
1681 1189 1720 1249 ότι
1736 1191 1789 1252 cuii

273 1274 392 1338 Divitias
404 1277 463 1358 ejus
482 1289 623 1350 memorat,
642 1296 695 1334 non
710 1288 739 1334 ut
755 1275 922 1357 opulentum,
945 1275 993 1337 sed
1043 1275 1119 1346 τόκος
1142 1278 1196 1339 ἀπὸ
1217 1283 1266 1353 εῆς
1281 1285 1328 1339 τοῦ
1342 1281 1412 1340 Θεοῦ
1432 1278 1523 1359 γέγονε
1539 1280 1664 1361 προνοίας
1685 1286 1727 1354 ιῆς
1742 1284 1789 1366 πρὸς

272 1372 394 1455 utpium
406 1393 463 1434 esse
475 1373 606 1450 ostendat,
614 1373 664 1432 boe
673 1371 781 1432 nomine
792 1371 905 1432 laudans
918 1370 992 1452 qued
1043 1371 1152 1446 ἐκεῖνον,
1167 1373 1196 1431 ού
1210 1370 1281 1432 κατδ
1296 1370 1399 1454 φύσεως
1421 1371 1589 1433 ἀκολουθίαν.
1603 1374 1657 1434 Καὶ
1675 1372 1706 1433 σὺ
1725 1375 1788 1436 τοίνυν

272 1468 357 1526 aDeo
370 1466 427 1526 hec
440 1465 582 1549 acceperit,
599 1486 652 1526 non
665 1464 739 1544 quod
752 1479 887 1526 tantarum
900 1487 991 1527 rerum
1043 1461 1075 1523 όν
1094 1487 1124 1524 τε
1138 1463 1258 1547 νυμφίον,
1274 1464 1306 1524 οίν
1324 1487 1354 1523 τι
1372 1462 1476 1546 νύμφην
1496 1467 1639 1547 ίπιζητῇς,
1657 1469 1733 1525 ταῦτα
1750 1469 1788 1548 πρὸ

121 1559 178 1607 ⁶0¹·
190 1563 230 1622 2ί·
272 1558 307 1618 sit
319 1557 454 1618 dominus.
472 1557 577 1618 Deinde
592 1558 714 1639 loquitur
723 1555 758 1617 de
768 1578 865 1638 sponso
876 1560 934 1618 :Et
939 1581 989 1641 pe-
1042 1559 1095 1615 τῶν
1106 1557 1194 1619 σίλλων
1209 1557 1295 1632 ζήσει,
1309 1561 1334 1617 εἰ
1346 1557 1469 1638 θεοφιλής
1481 1561 1563 1634 ἐστιν,
1572 1560 1597 1617 εἰ
1607 1560 1706 1630 πολλῆς
1714 1559 1790 1620 ἄνωθεν

119 1619 157 1666 ³⁶⁴
268 1655 345 1730 perit
354 1651 456 1725 Serra,
472 1672 547 1711 uuor
557 1651 669 1710 domini
679 1655 747 1729 mei,
750 1651 854 1732 fllium
871 1653 989 1711 domiuo
1042 1647 1170 1709 ἀπολαύει
1183 1654 1232 1724 ιῆς
1250 1647 1362 1718 εὐνοίας.
1373 1647 1421 1709 Ἂν
1435 1647 1486 1731 γδρ
1499 1652 1588 1709 ἐκεῖνα
1602 1639 1620 1729 ἦ
1626 1695 1635 1724 ,
1649 1649 1693 1709 καί
1703 1650 1791 1711 etuti

270 1764 335 1804 meo
340 1747 407 1826 jam
417 1749 491 1805 seni.
509 1745 702 1826 Hicetpartus
711 1743 824 1804 modum
834 1743 989 1806 subindicat
1040 1741 1142 1802 irrisui·
1156 1740 1255 1802 τούτων
1275 1741 1303 1802 δί
1323 1746 1370 1803 οῦκ
1383 1741 1476 1815 ὄντοιν,
1495 1741 1632 1822 adopted
1651 1745 1792 1817 πολλῆςσῆς

269 1836 369 1898 docens
387 1836 460 1916 quod
484 1852 511 1901 et
530 1851 623 1920 partus
642 1837 665 1897 ei
694 1836 790 1898 diuina
816 1837 1022 1919 providentiaE
1040 1833 1129 1902 ἀδείας
1141 1834 1345 1916 ecferitatem
1357 1833 1391 1895 tit
1403 1835 1533 1915 βιωτικὰ,
1548 1832 1642 1916 “feder
1654 1827 1791 1897 uidit-Fit!

269 1949 409 1990 concessus
423 1929 467 2007 sit,
480 1951 533 1990 non
547 1944 650 1991 nature
664 1929 769 1991 ordine.
785 1928 858 2010 Ergo
873 1943 902 1989 tu
915 1951 985 2010 quo·
1038 1922 1081 1983 itt
1093 1923 1131 2004 μί
1141 1925 1340 2002 λέγωσιντίνος
1351 1918 1395 1987 οὖν
1407 1926 1494 1988 ἕνεκεν
1509 1927 1634 2006 uiderit*
1647 1932 1699 1987 τῶν
1710 1931 1791 2009 iser*

268 2043 320 2102 qne
342 2020 400 2081 sire
413 2042 552 2103 sponsum,
576 2020 635 2082 sive
653 2043 778 2104 sponsam
791 2042 908 2101 quaeras,
935 2021 987 2083 hoc
1040 2017 1102 2097 ρίων
1117 2018 1196 2079 ἔλαόε
1206 2023 1337 2100 γυναικῶν
1343 2044 1352 2094 ;
1365 2017 1483 2102 Ὥροιισύ
1497 2044 1549 2099 με,
1572 2018 1654 2100 φησί,
1667 2018 1793 2099 λέγωναί

266 2115 376 2195 inquire
394 2128 457 2175 aute
480 2114 592 2192 omnia,
623 2136 656 2174 an
676 2117 734 2175 Deo
752 2114 860 2196 placens
882 2113 929 2192 sit,
951 2134 986 2175 au
1038 2107 1112 2192 λήθη
1124 2114 1163 2193 τῷ
1176 2116 1227 2192 υἱῷ
1241 2136 1291 2191 μου
1305 2121 1419 2192 γυναῖκα
1442 2110 1496 2172 tet
1514 2115 1569 2171 τῶν
1591 2110 1736 2194 θυγατίρων
1752 2116 1792 2173 rin

266 2205 347 2267 valde
365 2206 408 2268 itti
421 2208 498 2268 [ανον
518 2205 631 2267 caelestis
646 2205 776 2288 adspiret.
798 2204 829 2266 si
843 2205 915 2266 eninr
927 2205 987 2268 haee
1040 2201 1208 2279 Χαναναίαν,
1228 2207 1287 2265 ἀλλ’
1301 2208 1339 2274 εἰς
1354 2203 1398 2264 τὸν
1419 2194 1490 2264 οἶκον
1509 2208 1556 2263 τοῦ
1572 2200 1673 2284 πατρός
1694 2227 1739 2282 μω
1755 2225 1794 2265 συ·

267 2297 368 2374 adsint,
384 2313 577 2380 consequenter
595 2312 620 2359 et
640 2298 693 2359 alia
705 2321 713 2355 ι
724 2297 766 2357 sin
781 2311 873 2358 autern
883 2296 985 2377 desint,
1041 2292 1136 2374 ρεύσῃ,
1149 2294 1194 2354 καί
1209 2299 1246 2365 είς
1259 2295 1308 2368 τὴν
1322 2296 1405 2378 φυλήν
1422 2319 1490 2375 μου,
1506 2293 1553 2356 καλ
1563 2295 1639 2376 λήψῃ
1653 2298 1793 2376 γυναῑκσοῇ

265 2391 373 2454 etiamsi
392 2414 435 2453 res
458 2391 602 2452 familiaris
620 2390 729 2451 abunde
746 2404 894 2474 suppetat,
916 2391 988 2452 nihil
1039 2389 1088 2466 υίῷ
1112 2411 1172 2466 μου.
1200 2387 1270 2448 Ἀλλ’
1297 2389 1340 2448 ἵνα
1364 2387 1403 2468 μὴ
1439 2398 1528 2448 πᾶσαν
1556 2386 1606 2461 τὴν
1635 2386 1795 2468 ίσσυρίανιίς

266 2483 395 2566 proderit.
418 2482 523 2545 Deinde
544 2505 578 2544 ne
591 2482 685 2545 audiat
699 2484 735 2544 ab
756 2483 805 2560 eis,
824 2485 882 2544 Cur
903 2485 988 2565 igitur
1040 2477 1120 2557 μέσον
1142 2479 1264 2564 φέροντες
1287 2482 1461 2564 παρενοχλεῖν
1485 2477 1620 2559 δόξωμεν,
1646 2478 1690 2540 ἐπὶ
1713 2476 1793 2540 αδεί-

265 2576 369 2636 nullam
382 2575 536 2658 indigenam
551 2576 579 2636 iu
592 2597 706 2636 uxorem
720 2575 838 2658 accipit?
852 2577 985 2660 Aeijura·
1038 2573 1083 2642 λος
1105 2571 1196 2653 ίωμεν.
1215 2571 1326 2647 Ἐπειδὴ
1346 2571 1399 2653 γδιρ
1420 2564 1494 2647 εἶπε,
1513 2576 1571 2641 ναῦς
1590 2571 1635 2632 ἐπὶ
1659 2577 1705 2644 τῆς
1724 2574 1794 2653 πηγῆς

146 2671 153 2683 “
266 2675 306 2729 vit
322 2692 377 2743 me,
402 2670 502 2749 inquit,
526 2670 662 2730 dominus
685 2690 764 2730 meus
783 2671 986 2730 dicenscNon
1038 2665 1188 2740 ἔσιη,πιῦς
1199 2666 1283 2747 ᾔτησε
1292 2664 1340 2740 τὴν
1353 2663 1444 2746 κόρην,
1456 2667 1513 2733 πῶς
1524 2663 1623 2725 ἔδωκεν
1633 2662 1794 2755 ἔκείνηπλύαι

263 2766 388 2843 accipies
399 2784 518 2822 uxorem
519 2763 593 2843 filio
604 2783 668 2821 meo
678 2783 715 2822 er
720 2763 848 2843 filiabus
863 2764 983 2823 Charra·
1036 2762 1084 2830 τῆς
1097 2758 1243 2833 αἰνήσαις,
1256 2763 1313 2828 πῶς
1327 2763 1341 2818 ό
1354 2758 1423 2827 Θεὸς
1437 2757 1550 2838 μεσίτης
1561 2758 1680 2840 ἐγίνετο,
1691 2754 1795 2818 καλκίο-

264 2872 404 2924 nieorum,
416 2851 469 2909 sed
476 2851 518 2909 ud
525 2851 644 2908 domum
652 2853 747 2929 patris
756 2853 813 2908 mei
819 2849 982 2930 proficisce·
988 2892 1025 2932 m
1035 2875 1070 2910 τα
1081 2850 1150 2930 μετδι
1164 2850 1300 2931 ἀκριόείας
1314 2850 1495 2931 ἀπαγγείλας,
1512 2850 1659 2912 καείλυσεν
1673 2849 1796 2918 urrisu

262 2946 314 3015 ris,
327 2956 355 3002 et
365 2943 402 3002 de
412 2946 490 3002 tribu
500 2961 566 3001 meu
573 2944 697 3022 accipies
704 2961 824 3000 uxorem
825 2942 898 3023 filio
909 2963 981 3004 meo.
997 2950 1018 2995 Λ
1035 2943 1079 3003 τὸν
1093 2941 1179 3024 λόγον.
1194 2944 1290 3002 Ταῦτα
1302 2943 1408 3003 ἅπαντα
1421 2945 1583 3011 ἀκούσαντες
1597 2944 1707 3019 ίκιῐνοι,
1722 2940 1796 3003 cirin

262 3033 317 3097 Sed
337 3057 372 3095 ne
391 3048 475 3096 totam
497 3033 637 3093 historiam
657 3032 686 3092 in
705 3032 825 3092 medium
843 3033 982 3096 afferentes
1034 3036 1125 3098 λοιπὸν
1148 3035 1311 3116 ἀμφίόαλον,
1325 3035 1400 3096 ούδδν
1417 3035 1572 3115 ἦμίλησαν,
1588 3034 1649 3097 ἀλλ’
1662 3034 1797 3115 ὥσιαρπίί

263 3127 367 3188 molesti
385 3126 535 3203 videamur,
554 3124 590 3184 ad
608 3125 689 3184 [inem
707 3138 885 3186 transeamus.
910 3129 980 3187 Cum
1033 3131 1104 3191 Θεοῦ
1117 3127 1165 3201 την
1178 3127 1268 3210 ψυχὴν
1284 3131 1370 3189 αὐτῶν
1385 3132 1422 3196 εἰς
1434 3134 1512 3190 τοῦτο
1524 3127 1699 3202 κινήσαντος,
1715 3124 1796 3197 debe

262 3219 334 3280 enim
349 3219 492 3294 retulisset,
512 3215 648 3297 quomodo
660 3215 696 3276 ad
707 3217 809 3276 iontem
822 3215 977 3297 adstiterit,
1034 3225 1105 3304 αύτῷ
1118 3220 1345 3301 καθωμολόγησαν
1363 3218 1412 3294 riu
1435 3218 1577 3301 θυγαείρα.
1592 3219 1647 3280 Καὶ
1662 3216 1795 3301 impote

262 3311 329 3393 quid
342 3333 357 3372 a
372 3311 463 3396 puella
476 3309 593 3391 petierit,
609 3307 744 3388 quomodo
755 3309 802 3368 illa
812 3308 887 3390 plus,
897 3330 980 3389 quam
1032 3312 1126 3373 Αοίύαν
1136 3312 1184 3374 καί
1195 3312 1319 3387 Βαθουὴλ
1330 3301 1413 3373 εἷπον·
1425 3312 1466 3372 Τὸ
1476 3310 1640 3392 πρόσταγμα
1650 3310 1792 3394 musnet

261 3406 376 3487 petitum
393 3418 461 3465 esset
473 3402 589 3476 dederit,
604 3402 741 3483 quomodo
756 3405 830 3463 Deus
847 3402 981 3463 mediator
1032 3407 1103 3465 θεοῦ
1127 3405 1247 3479 ἐξῆλθεν·
1275 3407 1305 3465 ού
1337 3402 1503 3483 δυνησόμεθα
1528 3393 1574 3464 οῦν
1603 3428 1647 3465 σοι
1672 3408 1789 3467 ἀντειπεῖν

261 3495 351 3573 suerit,
365 3516 480 3574 eumque
493 3494 583 3553 omniu
597 3493 740 3574 diligenter
752 3493 910 3568 nuntiasset,
924 3517 980 3555 ser·
1033 3496 1128 3557 κακόν·
1147 3495 1202 3558 ίδού
1214 3495 1362 3569 Ῥεόέκκα,
1380 3494 1472 3556 tatto
1492 3494 1645 3577 ἀπότρεχε,
1666 3495 1713 3556 καί
1730 3493 1792 3555 iren

262 3588 349 3648 monis
362 3587 444 3648 finem
457 3586 528 3647 iecit.
550 3586 600 3646 His
616 3585 743 3647 omnibus
757 3584 859 3648 auditis
871 3587 912 3649 illi
927 3610 980 3650 uon
1033 3588 1099 3669 γυνὴ
1115 3593 1154 3670 τῷ
1171 3586 1254 3670 κυρίῳ
1274 3611 1339 3664 σου,
1357 3587 1479 3670 καθάπερ
1502 3587 1619 3663 ίλόλησε
1633 3588 1737 3673 Κύριος.
1753 3586 1793 3655 Τίς

260 3685 378 3766 amplius
391 3684 595 3757 dubitaverunt,
621 3705 707 3764 neque
720 3685 898 3766 neglexerunt
909 3709 978 3768 rem,
1033 3685 1081 3743 οῦκ
1101 3679 1133 3742 δν
1154 3678 1316 3762 ἑκπλαγείης
1331 3680 1372 3749 τίς
1386 3684 1434 3742 ούκ
1456 3679 1487 3740 δν
1501 3680 1674 3761 θαυμάσειεν,
1693 3678 1741 3743 tn
1756 3680 1793 3741 καί

261 3777 309 3837 sed
324 3776 401 3856 quasi
416 3776 550 3837 divinitus
567 3775 686 3837 instincti
706 3776 764 3837 sinc
783 3798 858 3838 mora
872 3777 897 3839 ei
912 3800 980 3860 pro-
1033 3772 1115 3846 ἠλίκα
1129 3772 1282 3852 ’κωλύματα
1300 3776 1328 3832 is
1344 3770 1458 3857 βραχείρ
1478 3779 1573 3853 καιροῦ
1584 3778 1655 3856 ῥοπῇ
1667 3774 1789 3857 ἂνηριῖπ,

261 3868 392 3927 miserunt
404 3866 500 3927 filiam.
517 3866 771 3948 despondentesque
783 3869 876 3930 Lahan
888 3885 914 3931 et
926 3872 977 3932 Ba·
995 3887 1013 3935 ts
1035 3866 1088 3926 Καὶ
1105 3863 1158 3949 rip
1176 3865 1208 3926 τί
1226 3862 1296 3936 ξένον
1314 3856 1396 3940 εἶναι,
1416 3864 1463 3925 καί
1475 3865 1594 3941 obitur,
1618 3866 1665 3927 καί
1686 3868 1790 3946 &offis

134 3993 169 4023 ιν,
221 4009 227 4020 .
260 3961 336 4022 thuel
350 3958 690 4019 dixeruntzMaruiatum
710 3962 766 4021 ίιοο
778 3982 921 4041 egressum
937 3977 980 4025 est
1032 3957 1079 4018 καί
1097 3957 1165 4020 πολὺ
1185 3962 1233 4031 τῆς
1247 3956 1307 4017 ὁδοῦ
1320 3957 1351 4017 τί
1370 3955 1524 4036 διάστημα,
1547 3958 1596 4018 καὶ
1618 3958 1651 4020 τί
1670 3956 1737 4038 uadi
1754 3956 1789 4019 tit

113 4039 148 4085 ⁵·
181 4057 200 4087 ¹·
260 4077 280 4116 a
296 4055 458 4115 Deorideo
479 4073 538 4111 non
549 4072 703 4133 possumus
717 4065 775 4112 tuoe
785 4055 980 4133 postulationi
1031 4050 1174 4126 κηδεοτλν,
1197 4049 1266 4129 μηδὲ
1279 4048 1323 4109 τόν
1344 4048 1466 4130 νυμφίον,
1486 4048 1556 4128 μήτε
1575 4050 1656 4111 ἄλλον
1676 4048 1735 4113 rud
1748 4052 1789 4111 νῦν

259 4147 469 4208 contradicere.
486 4146 536 4204 En
547 4145 689 4214 Rebecca,
705 4144 775 4203 tolle
792 4166 858 4204 eam
871 4160 899 4206 et
910 4168 979 4227 pro-
1030 4142 1136 4227 ’ἔκείνη
1156 4141 1344 4223 προσηκόντων
1367 4142 1557 4223 γνωρίζεσθαι,
1577 4139 1624 4201 καί
1646 4146 1705 4203 καθ’
1727 4138 1790 4203 teet

256 4263 338 4324 pera,
363 4251 391 4300 et
405 4242 444 4299 sit
458 4258 533 4298 uror
545 4236 657 4295 domini
671 4240 725 4309 tui,
744 4241 821 4297 sicut
838 4239 977 4321 loquutus
1030 4234 1129 4298 τούτων
1143 4234 1254 4296 ἕκαστον
1268 4234 1357 4294 ίκανδν
1372 4224 1406 4307 ἦν
1418 4236 1537 4294 κωλῦσαι
1555 4233 1601 4294 τὸν
1616 4232 1720 4314 γόμον·
1740 4232 1786 4295 Di'

258 4348 302 4397 est
320 4335 475 4395 Dominus.
501 4329 574 4404 Quis
595 4350 648 4390 nou
666 4329 888 4411 obstupesceret?
914 4332 977 4412 quis
1030 4332 1102 4409 ὅμως
1117 4326 1191 4389 οὐδίν
1206 4327 1348 4404 ἐκώλυσεν,
1370 4324 1439 4388 ἀλλὰ
1456 4327 1546 4389 πάντα
1558 4332 1646 4390 ταῦτα
1664 4322 1788 4411 ίξηνμιρί·

257 4449 311 4488 non
330 4425 531 4498 admiraretur,
563 4435 663 4502 quanta
685 4421 879 4505 impedimenta
898 4423 977 4488 brevi
1029 4427 1090 4494 ζετο
1100 4419 1146 4482 καί
1157 4419 1276 4501 καθάπερ
1288 4419 1416 4503 γνωρίμιρ
1426 4419 1472 4481 καί
1488 4416 1603 4492 πλησίον
1616 4416 1788 4498 chrismari

256 4519 386 4601 temporis
408 4529 544 4578 momento
569 4514 676 4575 sublata
701 4515 777 4576 sint?
798 4515 907 4578 Etenim
929 4519 975 4581 vel
1029 4520 1059 4576 ix
1079 4511 1188 4596 πρόιιης
1214 4512 1316 4594 ἡμέρας
1338 4510 1601 4592 συναναστραφίντι,
1628 4508 1714 4583 otro<
1732 4509 1788 4589 dero

256 4612 434 4692 quudhospes
443 4607 559 4684 eratrel
566 4607 639 4688 quod
647 4629 751 4685 servus,
762 4609 805 4670 vel
813 4609 886 4690 quod
897 4611 974 4692 igno-
1029 4610 1183 4689 θαρροῦντες
1209 4604 1367 4688 ἐνεχείριζον
1387 4604 1437 4679 τὴν
1455 4601 1575 4685 νύμφην·
1594 4602 1627 4664 ιδ
1645 4604 1675 4665 di
1690 4603 1788 4676 atroci

256 4720 311 4776 tus,
334 4705 377 4766 vel
396 4702 470 4783 quod
489 4702 602 4781 longum
629 4714 697 4761 esset
715 4700 819 4762 itineris
839 4702 972 4765 interval·
1029 4699 1097 4769 Θεδς
1117 4691 1150 4774 ἦν
1170 4703 1199 4761 tv
1221 4693 1562 4779 μίσφι.”Ωσπεργδρόταν
1583 4694 1670 4779 χωρὶς
1687 4699 1788 4757 αύιοῦει

255 4796 323 4873 lum,
342 4796 387 4855 rel
405 4793 478 4874 quod
493 4814 545 4853 nec
568 4813 653 4866 socer,
678 4813 727 4853 nec
741 4814 866 4875 sponsus,
889 4815 975 4874 neque
1030 4793 1157 4869 ποιῶμεν,
1167 4789 1216 4850 κᾶν
1227 4788 1333 4850 ἅπαντα
1346 4780 1365 4870 ᾗ
1378 4789 1439 4849 λεῖα
1452 4786 1498 4848 κοιλ
1513 4788 1608 4869 ῥᾴδια,
1625 4786 1744 4870 βόραθρα
1753 4782 1789 4846 καί

255 4889 324 4948 alius
340 4910 375 4948 en
389 4908 483 4949 eomm
504 4884 660 4946 necessariis
683 4898 764 4947 notus
784 4900 851 4962 erat,
875 4885 974 4948 homm
1030 4880 1162 4966 κρημνούς
1175 4882 1221 4943 καί
1235 4880 1331 4963 μυρίας
1342 4885 1368 4942 ἐν
1383 4884 1471 4949 αὐτοῖς
1482 4879 1631 4963 ἀποτυχίας
1641 4879 1789 4964 εὑρίσκομαι·

255 4980 467 5059 unumquodque
484 4999 533 5060 per
551 4999 580 5039 se
600 4976 666 5038 satis
695 4989 752 5037 erat
773 4976 971 5059 impedimenti,
990 4992 1010 5042 c
1029 4974 1112 5045 ούτως
1133 4975 1195 5036 όταν
1213 4978 1287 5056 παρῇ
1311 4973 1358 5035 καί
1379 4972 1589 5056 συνεφοίππηται,
1606 4972 1657 5034 κᾶν
1678 4974 1789 5035 maus

253 5072 398 5155 quominus
414 5073 467 5133 hoc
481 5069 647 5133 connubium
664 5070 818 5131 succederet
832 5094 839 5129 ι
853 5084 971 5134 attamen
1030 5067 1185 5152 ἀπορώτερα
1196 5058 1215 5148 ᾖ
1227 5067 1262 5128 τὰ
1275 5066 1455 5151 προκείμενα,
1470 5065 1576 5126 ἅπαντα
1591 5068 1653 5128 λεῖα
1666 5066 1712 5128 καί
1726 5064 1791 5149 ῥᾴδια

285 5261 296 5285 ⁸
314 5242 406 5303 [Sosii.
421 5242 445 5294 in
458 5259 537 5310 marg.
551 5244 617 5309 conj.
632 5242 729 5308 terium]
