3764 5992
755 498 935 547 arrsroee.
1536 483 1604 580 773

68 617 194 695 ὑγιαίνειν
208 617 257 691 τὴν
270 618 318 693 σλν
330 620 488 694 θεοσέόειαν,
499 620 641 703 ἐπειδήπερ
655 626 672 694 ἠ
687 621 762 701 ὑγεία
775 623 838 696 ήσλ
890 622 1108 703 quandoquidem
1122 627 1221 686 sanitas
1234 646 1340 706 quoque
1354 637 1400 687 tua
1412 627 1507 688 multis
1516 629 1606 690 subsi-

67 711 175 775 πολλοῖς
186 712 330 790 στηριγμός
344 712 389 770 καί
401 709 483 790 λιμὴν
495 711 540 772 καί
553 711 684 794 βακτηρία
697 715 839 795 τυγχάνει,
889 715 967 774 dium
984 729 1112 797 etportus
1125 737 1156 776 ae
1171 717 1301 802 bacillum
1322 732 1370 792 est,
1388 733 1470 800 atquc
1481 721 1605 782 innume-

67 800 113 858 καί
128 800 227 880 μυρίων
240 803 454 882 κατορθωμάτων
468 803 598 871 ὑπόθεσις.
890 827 981 867 torum
999 829 1170 869 successuum
1186 810 1306 873 materia.

258 998 310 1078 γρ.
326 1003 429 1080 Μωϋσῇ
441 1000 611 1084 πρωςυτγρῳ
624 1001 646 1061 a·
1047 973 1145 1054 XCII.
1156 997 1260 1071 Moysi
1262 1000 1442 1076 presbytero.

108 1182 142 1240 ‘H
151 1181 198 1259 μὲν
208 1182 400 1261 ὑπερόολὴτῶν
409 1181 548 1262 ἐγκωμίων
557 1187 610 1243 τῶν
620 1186 839 1267 τοῖςγράμμασιν
928 1177 1600 1261 Laudumearnm,quasnohisliteristuistrihuis‚
1643 1192 1678 1237 ab
1698 1210 1756 1240 enno

66 1274 226 1353 ἐγκειμένων
241 1279 288 1346 τῆς
302 1281 350 1347 σῆς
363 1274 530 1354 τιμιότητος,
547 1277 647 1359 σφόδρα
669 1281 746 1359 ἡμῶν
759 1282 839 1361 οπερ.
886 1270 1044 1351 magnitudo
1068 1271 1226 1332 tenuitatem
1242 1286 1360 1333 nostram
1382 1274 1462 1355 longe
1481 1288 1601 1356 superat.
1611 1252 1669 1381 22}
1727 1259 1756 1300 ’ἀ

65 1365 151 1424 6αίνει
162 1365 210 1437 τὴν
222 1368 363 1426 οὐθένειαν.
376 1367 426 1426 Διὸ
438 1367 686 1450 τούτωνοίρίμενος,
700 1370 738 1447 μὴ
752 1369 836 1430 διαλί-
852 1382 871 1429 Ε
887 1363 1072 1437 Quamobrem
1080 1363 1126 1423 his
1134 1364 1249 1441 omissis,
1260 1365 1344 1426 velim
1353 1378 1413 1425 tum
1422 1386 1472 1447 pro
1485 1366 1604 1447 puhlids

64 1482 118 1535 πγς
133 1457 271 1536 εὐχόμενος
293 1459 358 1538 ὑπέρ
379 1483 408 1518 τε
430 1465 476 1518 τοῦ
491 1468 579 1522 κοινοῦ
592 1466 643 1521 τῶν
657 1462 837 1536 Ἐχχλησςῶς,
887 1452 1069 1513 Ecclesiarum
1080 1453 1239 1533 commodis,
1249 1470 1308 1517 tum
1318 1477 1368 1537 pro
1377 1477 1420 1515 me
1429 1455 1480 1516 vili
1489 1449 1604 1518 homun-

65 1547 133 1629 ὑπέρ
145 1572 174 1607 τε
194 1551 243 1619 τῆς
254 1549 437 1619 ταπεινώσεως
451 1554 498 1622 τῆς
519 1552 665 1634 ἡμετέρας,
679 1553 724 1613 χαλ
734 1553 778 1613 τὸν
790 1578 838 1637 φη.
886 1544 947 1604 ClllO
954 1566 1046 1626 preces
1061 1546 1095 1605 dd
1110 1549 1198 1606 Deum
1209 1547 1339 1608 adhibere
1352 1569 1385 1608 ne
1396 1546 1513 1621 desinas,
1527 1551 1603 1632 leld·

64 1640 219 1719 λάνθρωπον
232 1645 395 1720 παρακαλῶν
414 1643 483 1703 Θεὸν
502 1644 592 1704 δοῦναι
602 1644 677 1705 λύσιν
689 1653 744 1713 τοῖς
754 1669 837 1705 κατα·
887 1659 938 1717 que
951 1638 1143 1719 benignitatem
1157 1639 1301 1720 lmpl⁰r³r0
1317 1653 1398 1719 atque
1415 1639 1558 1719 obtestari,
1573 1655 1604 1702 ul

67 1731 178 1792 λαόοῦσι
192 1731 241 1804 τὴν
256 1734 410 1812 οἰκουμένην
418 1743 518 1801 κακοῖς.
529 1736 625 1815 Εὐχῶν
637 1735 690 1818 γδρ
704 1735 790 1815 μόνων
805 1738 839 1797 τά
886 1751 916 1788 ea
924 1730 1006 1808 mala,
1018 1753 1077 1810 (111ae
1090 1732 1184 1791 orbem
1195 1745 1326 1792 testarum
1337 1733 1504 1812 invaserunt,
1511 1732 1604 1815 depel-

63 1824 183 1903 παρόντα
198 1825 281 1883 δεῖται
301 1825 461 1905 πράγματα,
479 1825 524 1885 καί
539 1829 622 1907 εὐχῶν
642 1827 759 1907 μάλιστα
782 1832 836 1889 τῶν
884 1822 932 1883 lal-
945 1824 1016 1882 Nam
1028 1825 1167 1904 praesesslla
1177 1825 1284 1904 negotia
1299 1847 1390 1906 preces
1403 1822 1547 1885 dumtaxat
1560 1847 1603 1886 rc·

64 1914 208 1995 ὑμετέρων,
234 1921 286 1975 τῶν
314 1915 415 1988 πολλὴν
435 1915 500 1998 πρὸς
521 1917 565 1976 τὸν
589 1919 657 1978 Θεὸν
684 1919 836 2001 παρρησίαν
885 1915 1005 1992 quirunt,
1024 1936 1056 1974 ac
1069 1929 1130 1975 luas
1145 1917 1306 1998 prestetum,
1319 1919 1367 1996 qui
1383 1937 1510 1997 magnam
1529 1916 1603 1998 apud

63 2009 242 2086 κεκτημένων.
258 2008 304 2081 Μὴ
317 2008 348 2081 δὴ
362 2008 501 2080 διαλίπητε
514 2014 591 2069 τοῦτο
602 2014 712 2079 ἐκτενῶς
726 2016 835 2072 ποιοῦν·
884 2009 972 2067 Deum
993 2006 1123 2067 fiduciam
1147 2028 1175 2067 es
1201 2022 1390 2087 consequutus,
1419 2007 1602 2081 Quamobrem

62 2124 119 2167 τες·
135 2100 180 2159 καί
193 2107 257 2178 ἡμῖν
271 2101 308 2175 δὲ,
322 2101 402 2174 ἡνίκα
421 2100 452 2161 δν
465 2101 525 2182 ἐξῇ,
538 2105 656 2182 συνεχῶς
671 2102 834 2164 ἐπιστέλλειν
841 2098 984 2191 642οίιιιίκε
1004 2099 1076 2159 istud
1099 2121 1130 2159 ac
1149 2099 1255 2181 prolixe
1274 2101 1359 2160 facere
1376 2121 1411 2160 ne
1423 2101 1601 2161 intermittas:

64 2192 102 2269 μὴ
117 2203 282 2253 κατοκνεῐτε·
297 2197 326 2253 oo
335 2193 387 2274 γδρ
401 2191 526 2266 πολὺτῆς
540 2194 600 2253 ὁδοῦ
613 2195 644 2254 τδ
658 2198 752 2273 μῆκος.
766 2196 836 2277 Σρό·
851 2207 871 2253 Α
884 2192 1014 2271 nobisque
1028 2191 1118 2266 etiam,
1131 2192 1233 2270 quoties
1254 2192 1367 2252 facultas
1379 2192 1490 2252 dabitur
1503 2194 1602 2272 (neque

62 2286 114 2364 δρα
129 2283 180 2367 γάρ
201 2287 380 2363 ἐπιθυμοῦμεν
395 2285 535 2364 μανθάνειν
549 2285 611 2367 περὶ
631 2290 679 2357 τῆς
705 2285 835 2370 ὑμετέρας
884 2284 955 2343 enim
969 2283 1177 2364 magnaitinerls
1187 2282 1330 2362 longitudo
1343 2290 1404 2363 est),
1418 2304 1500 2362 quam
1510 2284 1601 2365 saepis-

62 2375 165 2454 ὑγείας,
185 2376 294 2457 ἐπείπερ
306 2377 496 2456 θμῶνὴὑγεία
509 2380 616 2446 πολλοῖς
630 2380 775 2462 στηριγμός
788 2380 834 2440 καί
884 2375 952 2434 sime
983 2375 1097 2435 scribere
1119 2396 1153 2434 nc
1174 2373 1305 2454 graveris.
1338 2373 1480 2454 Siquidem
1496 2373 1530 2433 de
1554 2388 1601 2435 tua

62 2468 229 2546 παράκλησις
247 2468 356 2548 γίνεται.
372 2467 425 2527 'del
451 2466 499 2545 μὲν
524 2468 575 2550 γὰρ
599 2472 673 2548 ὑμῶν
692 2469 770 2550 χρεία
785 2475 834 2543 τῆς
884 2467 1039 2528 valetudine
1061 2488 1221 2550 magnopere
1243 2465 1349 2546 aliquid
1366 2467 1436 2527 scire
1454 2468 1599 2550 cupimus:

60 2566 144 2635 ζωῆς,
159 2562 276 2640 μάλιστα
288 2562 317 2622 δὲ
330 2570 374 2622 νῦν
388 2564 415 2620 ἐν
425 2560 541 2642 τοσοόιῳ
554 2565 667 2642 χειμῶνι
685 2564 729 2623 καί
747 2564 833 2647 ζόρῳ,
884 2558 1102 2639 quandoquidem
1125 2559 1251 2621 valetudo
1278 2572 1324 2618 tua
1348 2559 1448 2620 multos
1477 2560 1556 2621 fulcit
1574 2575 1600 2622 et

59 2652 94 2710 ἵν’
102 2652 191 2734 ὥσπερ
204 2654 315 2736 aedepol
322 2658 458 2734 φωστῆρες
470 2652 769 2733 φαινόμενοι,λοῖμπητε
780 2665 834 2725 τοῖς
884 2651 1045 2712 consolatur.
1059 2655 1128 2711 Nam
1139 2652 1197 2712 vita
1208 2665 1252 2711 tua
1265 2672 1371 2735 semper
1388 2654 1536 2714 necessaria
1548 2667 1597 2730 est,
1611 2647 1618 2662 ’

60 2746 263 2824 χειμαζομένοις
276 2745 322 2806 καί
334 2744 573 2824 κλυδωνιζομένοις.
584 2743 635 2805 'lv’
645 2737 690 2807 oda
699 2750 744 2807 καί
756 2753 833 2827 ἡμεῖς
884 2764 955 2802 nunc
967 2764 1029 2804 vero
1039 2745 1158 2803 maxime
1164 2744 1193 2803 in
1204 2759 1275 2805 tanta
1285 2759 1469 2826 tempestateet
1476 2744 1601 2827 callgine,

61 2839 225 2917 εὖθομῶμεν,
250 2838 336 2898 maol
359 2838 480 2917 πέμπετε
501 2842 567 2915 ἡμῖν
586 2838 753 2922 γράμματα,
770 2841 832 2924 περὶ
883 2849 914 2894 ut
924 2835 987 2917 puri
998 2834 1434 2918 siderisinstarsplendensiis‚qui
1445 2849 1600 2920 tempestate

60 2933 109 3000 τῆς
121 2929 209 3009 liele<
227 2934 274 3000 τῆς
288 2929 416 3010 ὑμετέρας
430 2928 649 3008 εὐαγγελιζόμενοι
659 2977 667 3005 ,
679 2931 725 2991 καί
739 2936 768 2993 οὐ
783 2959 831 3013 μι-
882 2948 914 2986 ac
927 2926 1054 2987 fluetibus
1065 2928 1210 3008 jactantur,
1236 2929 1389 3011 preluceas.
1402 2929 1597 3007 Quamobrem,

61 3019 126 3100 κρδν
142 3022 334 3101 καρπωσόμεθα
355 3021 533 3103 παράκλησιν,
554 3019 585 3079 ἂν
609 3029 692 3082 ταῦτα
714 3030 831 3108 συνεχῶς
882 3033 912 3078 ut
930 3040 978 3078 uos
997 3039 1104 3098 quoquc
1121 3019 1182 3080 laeto
1200 3034 1280 3100 atquc
1291 3021 1374 3082 alacri
1392 3022 1484 3082 animo
1502 3021 1597 3098 simus,

63 3112 234 3191 μανθάνωμεν
249 3115 309 3196 περί
323 3119 371 3187 τῆς
383 3112 536 3192 τιμιότητος
549 3116 598 3185 τῆς
610 3114 748 3198 ὑμετέρας.
880 3113 986 3172 crebras
995 3112 1033 3172 ad
1049 3132 1097 3172 nos
1109 3112 1144 3173 de
1157 3126 1203 3172 tua
1223 3112 1379 3175 valetudine
1391 3114 1481 3175 literas
1503 3115 1598 3176 mitte:

881 3225 928 3264 nec
941 3205 1013 3264 enim
1027 3226 1140 3286 parvam
1152 3204 1215 3265 hine
1229 3205 1436 3266 consolationem
1452 3206 1597 3288 capiemus,

880 3297 902 3356 si
916 3297 945 3357 id
955 3296 990 3357 de
998 3297 1078 3358 vobis
1088 3318 1169 3376 quam
1180 3298 1327 3380 saepissime
1338 3298 1484 3386 discamus.

55 3506 109 3587 1,γῖ
130 3507 272 3592 Ἀφθονίῳ,
285 3511 425 3591 Θεοδότῳ,
438 3510 541 3595 Χαιρέα
549 3557 558 3586 ,
572 3511 760 3593 πρεσόυτέροις
783 3512 828 3571 καί
844 3530 863 3578 Β
880 3508 995 3567 XCIII.
1008 3507 1196 3587 Aphthonio,
1211 3508 1370 3579 Theodoto,
1384 3508 1521 3578 Chaereae,
1532 3528 1597 3586 prc-

98 3600 255 3676 μονόζουσι,
270 3601 315 3661 καὶ
326 3611 391 3662 πᾶσι
403 3612 457 3671 τοῖς
470 3607 536 3675 Ιτῆς
549 3603 680 3672 συνοικίας
695 3606 779 3682 ὑμῶν.
919 3603 1046 3677 sbyteris
1060 3613 1088 3659 et
1107 3600 1269 3671 awnaclris,
1286 3603 1479 3680 universoque
1496 3612 1596 3660 vestro

919 3692 1067 3751 sodalitio.

95 3874 178 3956 Φέρει
189 3875 237 3953 μέν
248 3900 274 3934 τι
285 3874 365 3936 πλέον
375 3879 411 3943 εἷς
424 3875 594 3956 παραμυθίας
606 3876 682 3957 λόγον
693 3885 747 3943 τοῖς
762 3881 827 3957 ἀγα·
919 3876 1002 3957 Apud
1015 3898 1069 3954 eoS,
1089 3877 1137 3958 qui
1151 3890 1250 3954 amant,
1268 3897 1393 3958 corporea
1414 3898 1507 3938 eorum
1526 3897 1690 3957 quoscWo
1707 3918 1748 3949 m.

56 3972 127 4026 πῶσι
152 3968 228 4040 καὶὴ
245 3969 385 4046 σωματικὴ
400 3969 530 4049 παρουσία
555 3974 607 4029 τῶν
633 3970 826 4049 ἀγαπωμένων.
878 3959 969 4028 amant
991 3970 1131 4050 praesentitt
1160 3970 1221 4050 plus
1244 3967 1279 4028 ad
1307 3969 1453 4030 levandum
1473 3967 1595 4031 dolorem
1606 3982 1635 4011 ⁰⁰
1644 3964 1700 4027 4⁰⁵·

57 4059 134 4118 Ἐπεί
156 4059 201 4119 καί
214 4063 228 4118 θ
242 4062 370 4142 μακάριος
395 4063 501 4128 Παῦλος
520 4067 653 4143 συνεχῶς,
675 4066 775 4141 μᾶλλον
799 4063 826 4123 δὲ
879 4061 1006 4120 momenti
1021 4061 1110 4120 habet.
1126 4063 1195 4120 Nam
1208 4074 1233 4120 et
1242 4061 1336 4120 beatus
1347 4062 1458 4139 Paulus,
1471 4062 1520 4143 qui
1530 4062 1597 4122 sub-

57 4152 199 4226 διηνεκῶς,
224 4152 272 4225 τὴν
295 4153 448 4232 οἰκουμένην
473 4154 578 4215 ἅπασαν
592 4158 645 4213 τῶν
666 4160 767 4214 πιστῶν
783 4156 827 4214 ἐπί
879 4154 950 4230 ῖιιιίε,
967 4154 1011 4214 vel
1024 4168 1153 4238 perpetuo
1170 4155 1273 4235 potius,
1296 4155 1452 4216 universnm
1473 4155 1596 4216 fidelium

55 4248 102 4314 τῆς
117 4245 196 4303 αὐτοῦ
210 4243 324 4312 διανοίας
338 4245 497 4326 περιφέρων,
511 4247 558 4306 καί
571 4247 629 4306 οὐδὲ
641 4251 667 4306 ἐν
686 4254 745 4314 ταῖς
759 4245 827 4306 ἁλί·
878 4247 970 4306 orbem
984 4247 1074 4306 animo
1084 4247 1299 4324 circumferebat,
1313 4268 1344 4305 ac
1357 4269 1390 4306 ne
1405 4248 1474 4306 inter
1486 4247 1596 4309 vincula

54 4357 135 4408 σεσιν,
150 4336 207 4396 οὐδὲ
222 4338 249 4396 ἐν
263 4347 317 4404 τοῖς
329 4339 449 4416 δεσμοῖς,
461 4336 524 4396 ι’καῖ
537 4340 607 4416 ἐντῇ
624 4338 752 4419 ἀπολογίᾳ
767 4343 826 4399 ἀνε-
878 4339 986 4420 quidem
1003 4353 1029 4399 et
1042 4340 1185 4421 compedes
1203 4353 1228 4398 et
1248 4340 1276 4398 in
1290 4338 1442 4399 defensione
1456 4360 1500 4398 eos
1512 4339 1596 4420 depo·

53 4427 162 4505 χόμενος
185 4426 278 4495 αὐτοὺς
299 4427 460 4489 ἀποθέσθαι·
475 4430 489 4490 θ
503 4429 656 4502 relinitis,
670 4429 759 4504 llere·
773 4430 825 4490 aa
878 4454 940 4492 nere
953 4432 1111 4510 sustinebat,
1130 4431 1160 4490 id
1172 4430 1245 4506 qnod
1264 4429 1385 4489 indicans
1400 4429 1527 4489 dicebat:
1548 4434 1595 4490 Eo
1606 4457 1746 4518 pam-W,

52 4519 83 4576 τὸ
96 4518 165 4598 ἔχειν
177 4543 210 4596 με
222 4523 249 4579 ἐν
261 4523 295 4600 τῇ
307 4521 404 4602 καρδία
414 4521 537 4601 ὑμᾶς,ἔν
548 4546 576 4581 τε
584 4531 639 4590 τοῖς
650 4524 754 4600 δεσμοῖς
764 4547 824 4602 μου,
878 4526 957 4605 quod
970 4527 1097 4585 habeam
1115 4546 1169 4584 vos
1193 4530 1225 4583 in
1247 4525 1344 4596 corde,
1368 4537 1396 4583 et
1413 4527 1446 4582 ιἰι
1463 4525 1596 4584 vinculis

53 4609 99 4668 καί
117 4614 190 4691 ἐντῇ
208 4611 338 4694 ἀπολογία
352 4613 396 4673 καί
421 4613 562 4692 βεόαιώσει
586 4621 632 4673 τοῦ
654 4614 823 4694 εὐαγγελίου·
877 4622 958 4691 meis,
979 4632 1007 4676 et
1025 4622 1056 4675 in
1080 4619 1250 4697 defensione
1270 4628 1298 4674 et
1320 4619 1353 4673 in
1370 4616 1595 4698 confirmatione

53 4701 120 4778 μετὰ
134 4705 233 4775 πολλῆς
246 4710 294 4776 τῆς
310 4707 424 4777 σπουδῆς
438 4706 483 4766 καί
497 4706 544 4780 elo
564 4712 608 4767 τοῦ
624 4705 746 4785 σώματος
760 4712 821 4768 ἐπε·
840 4722 858 4770 c
876 4706 1022 4786 evangelii
1037 4729 1046 4761 .-
1070 4702 1189 4784 corporis
1202 4724 1309 4781 quoque
1322 4704 1490 4783 praesentiam
1513 4704 1592 4786 cupi·

52 4794 125 4865 ζήτει
133 4796 290 4874 παρουσίαν,
299 4797 471 4879 οὕτωλίγων·
481 4799 575 4877 Ἡμεῖς
585 4800 611 4860 δὲ
621 4800 824 4883 ἀπυρρανισθέν·
875 4799 986 4858 dissime
998 4796 1161 4875 requirebat,
1174 4795 1217 4854 lrls
1231 4795 1322 4855 vorbis
1331 4809 1408 4855 utens
1421 4823 1427 4854 τ
1443 4799 1505 4857 Nos
1519 4818 1591 4857 vero
1604 4819 1707 4865 arten.
1719 4835 1743 4866 2.

50 4911 93 4953 τες
104 4890 148 4967 ἀφ’
160 4890 234 4965 ὑμῶν
246 4890 310 4972 πρὸς
319 4891 409 4973 καιρὸν
422 4892 506 4972 ὥρας,
516 4891 668 4973 προσώπῳ,
678 4897 707 4953 οὗ
717 4892 822 4974 καρδίρ,
876 4894 1010 4951 absentes
1019 4891 1096 4968 sacti
1106 4909 1126 4946 a
1139 4891 1224 4946 vobis
1234 4890 1275 4947 ad
1284 4890 1364 4948 horoe
1376 4903 1496 4968 tempus,
1510 4910 1590 4970 arpe—
1605 4895 1641 4941 ¹7·

49 4980 243 5060 περισσοτέρως
253 4981 451 5062 ἐσπουδάσαμεν
463 4985 494 5044 τδ
506 4984 648 5063 πρόσωπον
659 4988 732 5063 ὑμῶν
750 4986 822 5046 ἰδεῖν.
876 4997 935 5056 ctu,
944 4974 1590 5064 noncorde,abandantiasstuduimusfaciem

49 5069 87 5129 Ὃ
106 5070 138 5144 δὴ
164 5072 209 5130 καί
223 5076 301 5153 ἡμεῖς
314 5074 455 5155 πάσχομεν
475 5081 530 5149 νῦν,
545 5079 597 5136 τῶν
616 5101 646 5137 τε
667 5076 821 5158 ἑωρακότων
876 5088 1008 5135 vestram
1026 5073 1133 5132 vidae.
1156 5070 1239 5144 Quod
1257 5072 1338 5131 etiam
1354 5073 1433 5132 nobis
1451 5094 1523 5135 nunc
1541 5097 1591 5136 usu

83 5231 93 5257 ⁴
111 5226 290 5300 AdditRegins
307 5242 438 5299 μενάςοντι.
449 5232 528 5285 Panlo
543 5246 602 5301 post
620 5234 701 5287 Vatic.
716 5245 757 5298 τὴν
773 5242 813 5290 αὖ·
867 5250 878 5275 ⁸
895 5233 977 5283 varic.
993 5245 1031 5294 τῆς
1043 5235 1142 5291 συνοδίας
1152 5235 1223 5298 taso.

51 5310 140 5358 cam.
869 5316 882 5354 t
901 5314 973 5377 unc,
987 5320 1009 5364 to
1021 5323 1049 5381 τῇ
1060 5317 1185 5379 ἀπολογίᾳ,
1195 5308 1287 5361 absunt
1298 5327 1312 5360 α
1324 5311 1386 5378 Reg.
1394 5321 1419 5361 et
1430 5329 1445 5361 a
1456 5312 1588 5365 Vaticano.
