3764 5992
110 409 181 482 680
450 428 480 477 s.
507 426 647 477 ioannis
672 423 854 493 euersosu.
883 422 1041 492 sucurre.
1069 425 1339 476 consummor.

113 554 239 638 opinione
252 566 366 616 remotas
378 551 578 631 administrans,
593 552 738 611 immanem
750 549 828 608 illam
881 548 1004 610 ὑπόθεσιν
1014 549 1097 629 ἔχων·
1110 552 1205 610 ἐκεῖνοι
1215 550 1267 630 γὰρ
1279 557 1417 628 μισοῦντες
1425 548 1511 613 ,αὐτόν
1522 552 1571 620 τῆς
1582 550 1659 617 οἰκίας

114 648 208 722 suam,
221 667 281 727 que
295 645 385 726 ipsum
393 658 502 721 emerat,
512 645 541 704 in
549 664 629 705 ovem
639 642 829 704 convertisset:
881 639 1019 708 ἐξίόαλον·
1037 639 1102 713 αύιη
1117 642 1145 700 δὲ
1157 643 1245 723 ἐρῶσα
1256 641 1302 700 καὶ
1315 639 1514 720 περικτωμένῃ
1525 646 1572 699 τοῦ
1583 643 1659 699 νεανί-

115 738 255 799 confestim
269 737 321 818 ipsi
331 758 441 796 rursum
448 756 528 796 arena
539 734 754 816 comparabatur,
769 753 831 791 rur-
882 757 962 794 σκου·
977 732 1022 793 καί
1033 723 1065 804 ἦν
1075 735 1198 805 διπλοῦς,
1212 735 1313 810 μᾶλλον
1327 731 1355 794 δὲ
1366 735 1498 813 τριπλοῦς
1509 730 1557 790 καί
1567 735 1659 791 πολλα-

114 851 177 891 snm
191 829 324 905 stadium,
352 851 461 888 rursum
474 849 572 910 pugnae
587 848 620 886 ae
634 826 790 902 certamina,
805 837 832 883 et
882 823 1128 902 πλοῦςόπολεμυς.
1148 823 1196 897 Μὴ
1215 822 1267 902 γδιρ
1288 822 1381 896 ἐπειδὴ
1397 822 1433 881 τὰ
1448 822 1549 882 δίκτυα
1562 824 1658 902 ὑπερή-

114 919 225 981 sudores
238 919 374 1001 prioribus
388 920 512 980 acriores.
528 916 670 980 Sceleratis
683 918 755 978 enim
768 937 833 976 ocu·
883 919 961 990 λατο,
980 915 1026 975 καὶ
1047 914 1091 974 τὸν
1118 913 1213 997 βρόχον
1236 916 1353 994 διέτεμεν
1380 918 1407 974 ἐν
1431 914 1554 996 βραγείσρ
1575 922 1659 996 καιροῦ

114 1010 150 1072 lis
162 1033 224 1071 eum
234 1012 299 1071 bera
309 1011 471 1093 conspicata,
481 1010 620 1092 ipsiusque
630 1007 834 1091 pulchritudine
885 1011 968 1089 ῥοπῇ,
979 1005 1277 1088 νομίσῃςάπραγμόνως
1290 1006 1368 1066 αὐτὸν
1382 1004 1515 1076 ἠνυκέναι
1529 1006 1577 1065 τὸν
1591 997 1661 1065 ἆθλον

115 1115 196 1183 atque
207 1102 339 1183 elegantia
351 1116 492 1184 superata,
509 1122 672 1183 prorsusque
682 1100 783 1160 amoris
794 1100 835 1159 as·
884 1105 992 1160 τοῦτον·
1006 1098 1052 1162 καί
1065 1098 1117 1180 γδρ
1130 1097 1212 1158 πολύν
1225 1098 1270 1158 τὸν
1284 1100 1385 1180 ἱδρῶτα
1397 1097 1541 1176 ὑπέμεινε.

115 1189 187 1250 fectu
195 1204 327 1272 correpta,
336 1212 393 1272 pre
404 1189 543 1271 impudica
554 1190 605 1248 bac
619 1187 767 1269 cupiditate
776 1188 835 1247 leae·

115 1299 180 1338 nam
193 1300 248 1340 sese
262 1299 311 1359 pro
324 1279 423 1338 semina
436 1276 583 1360 prebebat.
598 1277 639 1334 lta
654 1296 763 1334 rursum
780 1272 833 1333 do·

115 1369 241 1430 mentiens
250 1367 635 1447 bostiserat,contrariotamen
643 1381 669 1426 et
679 1367 744 1443 alio,
755 1387 836 1444 quam

115 1460 237 1543 priores,
252 1461 341 1521 animo
352 1460 484 1542 praeditus
501 1458 558 1519 :illi
568 1457 641 1517 enim
652 1456 715 1517 odio
726 1456 836 1516 adducti

115 1564 188 1627 sunt,
200 1564 230 1610 ut
240 1572 301 1609 eum
311 1550 393 1610 domo
403 1549 528 1631 ejicerent
532 1571 542 1625 ρ
558 1546 617 1606 bec
627 1560 720 1606 contra
733 1567 835 1621 amans,

115 1639 265 1720 acjuvenis
272 1638 420 1721 cupiditate
426 1638 533 1696 incensa
540 1659 551 1714 ;
564 1649 589 1694 et
601 1634 712 1713 quidem
719 1633 833 1715 duplex,

115 1729 172 1792 imo
188 1730 303 1810 triplex,
315 1751 347 1789 ae
359 1728 507 1809 multiplex
520 1727 572 1787 boc
584 1725 687 1786 bellum
700 1740 767 1785 erat.
784 1728 836 1785 Ne-

117 1838 170 1896 que
192 1817 264 1877 enim
279 1817 344 1896 quia
367 1817 436 1876 retia
451 1816 523 1876 saltu
546 1815 693 1896 superavit,
706 1836 738 1875 ac
756 1815 837 1878 brevi

116 1909 245 1990 temporis
253 1922 353 1990 puncto
364 1909 491 1988 laqueum
501 1907 640 1984 dissecuit,
656 1907 758 1968 idcirco
772 1929 836 1969 eum

116 1997 169 2057 boc
180 2012 313 2057 certamen
330 1998 388 2057 sine
411 1997 503 2059 labore
517 1996 662 2056 confecisse
678 1997 834 2059 existimes:

116 2089 252 2172 siquidem
267 2090 403 2171 ingentem
417 2088 542 2149 sudorem
553 2088 581 2148 in
595 2110 625 2149 ea
639 2111 668 2149 re
681 2090 775 2150 subiit.
1152 2132 1157 2140 -

158 2185 206 2243 ts.
224 2187 262 2242 Ac
275 2183 298 2243 si
309 2182 340 2243 id
353 2181 495 2264 perspicue
506 2182 574 2242 scire
584 2181 634 2241 tibi
647 2181 781 2260 cordiest,
790 2205 835 2244 co-
850 2183 871 2230 Ῑ)
927 2174 980 2236 Καί
994 2178 1018 2235 εἰ
1032 2176 1119 2255 βούλει
1139 2177 1185 2237 καί
1206 2184 1281 2239 τοῦτο
1304 2181 1393 2260 σαφῶς
1416 2184 1527 2259 μαθεῖν,
1548 2182 1659 2256 ίννόησον

115 2272 185 2354 gitta
195 2274 278 2334 velim
289 2273 443 2357 cujusmodi
454 2274 541 2334 ressit
551 2275 690 2355 juventus,
699 2297 731 2334 ac
736 2276 835 2357 juven·
887 2257 940 2326 οἶόν
958 2268 1014 2328 ἕπν
1034 2269 1138 2342 νεότης,
1152 2269 1198 2329 καὶ
1213 2269 1333 2344 νεότητος
1352 2271 1439 2349 ἀκμή·
1452 2273 1503 2332 Ἐν
1524 2272 1579 2354 γὰρ
1597 2276 1659 2353 “foll

116 2365 185 2426 tutis
193 2366 252 2426 llos.
266 2368 337 2426 Nam
346 2365 440 2426 tumin
450 2364 509 2447 ipso
524 2365 676 2447 juventutis
686 2367 752 2427 flore
760 2382 834 2428 erat:
887 2361 926 2439 τῷ
936 2357 1007 2418 ἄνθῑν
1017 2362 1065 2430 τῆς
1076 2359 1182 2432 ἡλικίας
1197 2360 1337 2442 &tinctor
1356 2361 1393 2421 ὧν
1406 2362 1485 2438 τότε,
1499 2364 1546 2423 ὅτε
1561 2366 1659 2444 σφοδρυ

116 2479 170 2538 quo
191 2472 311 2541 empore
327 2458 415 2518 acrior
429 2472 532 2518 naturae
547 2456 656 2517 flamma
677 2458 834 2540 excitatur,
886 2448 952 2529 τέρα
972 2455 1021 2522 τῆς
1041 2450 1141 2531 φύσεως
1157 2457 1175 2524 ἡ
1190 2451 1254 2532 φλὸξ
1275 2452 1423 2535 ἐγείρεται,
1442 2455 1490 2516 ὅτε
1511 2456 1599 2528 πολλὴ
1618 2459 1659 2526 τῆς

116 2569 171 2628 quo
181 2548 275 2630 ingens
283 2550 408 2611 libidinis
418 2563 631 2632 tempestasque
640 2549 757 2630 deniqne
766 2564 836 2611 tem·
887 2542 1027 2621 ἕπῑθνμίνς
1038 2547 1056 2614 θ
1068 2545 1133 2616 ἔθνη
1143 2590 1151 2618 ν
1162 2544 1206 2604 &⁵
1219 2544 1402 2626 ἀσθενέστερος
1419 2552 1433 2606 ὃ
1446 2546 1588 2626 λογισμός·
1604 2549 1659 2606 Τῶν

115 2660 182 2722 pore
195 2640 356 2702 imbecillior
366 2641 442 2703 ratio.
456 2645 592 2704 Juvenum
603 2641 675 2702 enim
685 2642 769 2703 animi
782 2664 835 2703 non
886 2632 938 2713 γθρ
950 2634 1084 2716 νεωτέρων
1099 2641 1127 2697 αί
1139 2639 1224 2719 ψυχαί
1239 2642 1268 2698 υθ
1284 2639 1383 2719 σρύδρα
1397 2642 1488 2721 πολλῇ
1507 2642 1659 2723 φράσσονται

115 2730 655 2815 admodummagnoprudentiaepraesidio
666 2734 835 2813 muniuntur,
885 2729 919 2804 vo*
935 2727 1054 2799 συνέσει,
1069 2727 1128 2787 οὐδὲ
1141 2728 1242 2801 πολλὴν
1256 2735 1304 2801 τῆς
1315 2733 1410 2811 ἀρετῆς
1424 2739 1566 2792 ποιοῦνται
1580 2757 1658 2793 σπον-

114 2843 165 2883 nec
177 2845 307 2905 magnum
317 2825 427 2886 virtmis
437 2823 560 2884 studium
574 2838 671 2905 gerunt
684 2848 691 2881 ι
705 2847 798 2886 verum
810 2841 836 2886 et
887 2817 947 2890 δῆν·
965 2820 1024 2878 ἀλλ’
1040 2823 1055 2877 ὅ
1069 2819 1116 2898 μὲν
1135 2820 1238 2902 χῑνμὼν
1255 2825 1307 2880 τῶν
1328 2825 1420 2883 τννθῖἶνν
1433 2824 1660 2904 χαλῑνῑώτῑρνςνθ

114 2915 261 2975 affectuum
282 2930 425 2998 tempestae
442 2916 558 2976 atrocior
573 2930 624 2992 cst,
640 2930 666 2975 et
680 2918 760 2991 ratio,
775 2941 835 2998 ,γη
886 2905 915 2965 δὲ
926 2907 960 2967 τδ
970 2908 1041 2982 πόθη
1054 2910 1186 2991 κυόερνῶν
1197 2912 1322 2992 λογισμὸς
1333 2913 1535 2996 ἀσθενέστερος.
1549 2916 1660 2976 Merite

115 3027 161 3066 eas
170 3007 303 3086 gubernat
313 3029 345 3067 ac
354 3007 529 3080 moderatur,
546 3007 688 3067 infirmior.
704 3008 746 3068 Ad
757 3023 832 3069 natu·
886 3006 934 3075 τῆς
944 3001 1045 3084 φύσεως
1056 3003 1102 3062 καὶ
1116 3008 1163 3076 τῆς
1175 3004 1296 3075 ἡλικίας,
1310 3004 1395 3078 πολλὴ
1415 3006 1461 3065 καί
1477 3012 1528 3079 τῆς
1541 3009 1660 3087 γυναικός

115 3119 175 3157 ram
185 3111 309 3157 autemet
318 3112 423 3158 aetatem
432 3097 504 3158 illud
511 3099 592 3156 etiam
601 3097 753 3176 accedebat,
762 3100 837 3180 quod
887 3085 947 3167 ἦνῆ
961 3094 1102 3156 ἀκολασία.
1120 3096 1173 3156 Καὶ
1192 3097 1311 3177 καθάπερ
1323 3096 1371 3170 τὴν
1385 3097 1566 3158 Βαόυλωνίαν
1586 3103 1661 3178 κόραι·

115 3181 213 3268 ingens
227 3187 349 3247 mulieris
362 3186 532 3269 impudicitia
546 3201 611 3247 erat.
631 3187 667 3247 Et
682 3189 753 3248 sicut
766 3192 835 3250 Per-
852 3192 871 3240 Ε
887 3209 930 3246 νον
947 3190 974 3244 αἱ
989 3187 1120 3268 Περσικαί
1132 3196 1219 3267 χεῖρες
1236 3191 1332 3247 ἐκεῖναι
1348 3189 1415 3266 μετὰ
1429 3193 1535 3262 πολλῆς
1549 3195 1661 3264 ἀνῆπτον

116 3279 178 3338 sice
192 3278 246 3338 ille
261 3300 358 3347 manus
372 3278 568 3360 Babylonicam
588 3279 724 3338 fornacem
737 3302 836 3360 magno
887 3283 935 3350 τῆς
954 3282 1084 3351 σπουδῆς,
1103 3280 1200 3359 δαψιλῆ
1214 3284 1252 3357 τῷ
1265 3281 1327 3360 πυρί
1349 3279 1521 3361 παρέχουσαι
1537 3282 1589 3356 τὴν
1610 3308 1663 3364 τρο

114 3368 205 3430 studio
223 3370 414 3445 accendebant,
433 3369 568 3451 copiosam
597 3369 654 3449 igni
682 3370 837 3431 alimoniam
888 3367 949 3449 ρὴν,
978 3369 1022 3429 καί
1052 3370 1161 3428 ποικιλα
1194 3371 1387 3450 ὑπεκκαύματα
1423 3374 1662 3455 ἐμόόλλουσαιτῇ

114 3460 834 3543 prebentes,acvariostlammaelcmitesadmcventes:
887 3461 980 3542 φλογί·
997 3461 1065 3521 otro
1088 3461 1120 3535 δὴ
1139 3463 1184 3522 καί
1205 3463 1298 3535 τότεὴ
1320 3464 1399 3524 ἀθλία
1422 3466 1470 3524 καί
1496 3469 1665 3549 ταλαίπωρος

113 3551 208 3613 eodem
230 3575 338 3633 qnoque
358 3553 440 3613 modo
453 3567 519 3612 tune
535 3552 632 3612 infelix
654 3553 704 3613 illa
723 3569 749 3614 et
763 3577 836 3616 aeru-
887 3553 973 3627 ἐκείνη
984 3553 1050 3634 γυνὴ
1063 3557 1111 3625 τῆς
1122 3555 1232 3632 καμίνου
1245 3554 1344 3628 ταύτης
1353 3559 1550 3639 χαλεπωτέραν
1566 3564 1665 3633 α’νῆπτε

113 3666 206 3706 mnosa
221 3648 318 3707 mulier
334 3647 472 3727 flammam
490 3646 597 3705 fornace
612 3646 660 3706 illa
681 3647 835 3728 graviorem
886 3645 933 3720 τὴν
960 3645 1062 3728 φλόγα,
1085 3644 1175 3726 μόρων
1196 3647 1306 3719 ὄζουσα,
1331 3648 1514 3729 ἐπιτρίμμασι
1537 3658 1665 3734 παρειῶν,

111 3737 834 3820 aoperioulosioremacoeudebat,unguentanimirum
885 3740 1458 3821 ὑπογραραῖςόρθαλμῶν,κατακεκλασμένῃ
1482 3748 1574 3824 φωνῇ,
1596 3747 1665 3819 κινή-

113 3828 199 3904 oleus,
218 3849 347 3908 genarum
361 3829 525 3909 pigmentis,
549 3831 690 3890 oculorum
706 3833 831 3913 picturis,
842 3864 879 3904 ,ω
888 3853 969 3908 μασι,
980 3835 992 3863 ‘
1002 3827 1148 3909 βαδίσμασι
1158 3829 1382 3910 διαθρυπτομένη,
1393 3834 1515 3913 ἱματίοις
1526 3838 1665 3916 μαλακαῖς,

112 3917 198 3977 fracta
211 3931 237 3976 et
249 3932 374 3978 enervata
388 3940 463 3994 voce,
474 3919 604 3993 motibus,
616 3922 781 4002 ingressibus
793 3925 834 3984 la·
852 3921 1016 4002 Δπεριόολῇ
1041 3921 1169 4003 χρυσίων,
1195 3923 1240 3982 καί
1267 3923 1367 4004 ἑτέραις
1395 3927 1536 3996 τοιαύταις
1564 3931 1665 4014 μυρίαις

113 4008 248 4085 sciviens,
259 4009 335 4068 molli
348 4010 456 4084 vestitu,
468 4009 529 4068 auri
540 4012 645 4071 ambitu
655 4058 665 4090 ,
677 4035 708 4073 ac
720 4036 831 4075 sexcen-
888 4014 1061 4094 μαγγανείαις
1071 4015 1303 4094 καταγοητεύονσα
1312 4016 1342 4075 τὸ
1357 4017 1507 4098 μειρόκιον.
1518 4022 1577 4082 Καὶ
1589 4025 1665 4083 καθό-

113 4099 149 4161 tis
161 4099 223 4159 aliis
236 4099 357 4182 ejusdem
373 4100 477 4179 generis
489 4100 623 4162 illecebris
638 4117 663 4162 et
677 4105 835 4186 imposturis
886 4128 937 4186 περ
952 4131 993 4174 τις
1005 4107 1132 4187 θηρευτὴς
1153 4106 1235 4175 δεινὸς
1255 4108 1405 4167 δυσάλωτον
1426 4110 1537 4188 μέλλων
1562 4119 1664 4196 perpe>

112 4192 306 4254 adolescentem
319 4213 334 4251 a
345 4205 434 4250 mente
444 4189 587 4251 deducens.
610 4192 646 4251 Et
661 4195 835 4273 quemadmo·
887 4202 949 4257 σθαι
959 4201 1034 4271 ζῶον,
1050 4197 1156 4257 ἅπαντα
1170 4208 1236 4258 κινεῖ
1249 4203 1297 4270 τῆς
1311 4198 1450 4280 τέχνηςτί
1464 4202 1588 4284 όργανα·
1603 4205 1663 4266 oden

112 4282 180 4346 dum
192 4285 297 4367 peritus
308 4282 420 4363 quidam
431 4295 552 4357 venator,
564 4284 620 4342 sera
633 4299 714 4366 captu
726 4285 836 4348 difficili
888 4289 920 4363 δὴ
941 4289 987 4349 καί
1006 4289 1090 4362 αθτη,
1110 4288 1159 4361 τλν
1179 4290 1347 4373 σωφροσύνην
1363 4293 1447 4352 εἰδυῖα
1462 4299 1511 4355 τοῦ
1525 4297 1662 4359 νεανίσκω

113 4374 833 4458 potiristudens,omniaartisinstrumentaadmovet:
887 4382 961 4457 (ούδδ
984 4381 1035 4463 γὰρ
1057 4382 1166 4461 ἔμελλεν
1190 4388 1216 4444 ἐν
1240 4383 1358 4466 τοσούτῳ
1382 4385 1471 4468 χρόνῳ
1493 4390 1663 4466 λανθάνειν),

113 4469 152 4529 sic
165 4469 236 4554 ipsa,
248 4468 358 4550 juvenis
371 4466 532 4549 pudicitiam
545 4482 714 4550 perspectam
732 4471 834 4533 babens
886 4476 987 4545 πολλῆς
1008 4474 1127 4552 ἐνόμισεν
1148 4477 1213 4555 αὐτῇ
1230 4478 1284 4535 δεῖν
1299 4480 1470 4557 παρασκευῆς
1487 4482 1534 4540 ἐπί
1557 4482 1608 4556 τὴν
1627 4486 1663 4543 al·

113 4561 265 4637 (πεσσοῖσι
278 4583 308 4622 ea
330 4560 382 4643 ipsi
397 4574 470 4621 tanto
491 4574 611 4643 tempore
625 4561 761 4644 incognita
778 4587 834 4626 esse
885 4565 1044 4648 χμαλωσίαν
1058 4573 1104 4626 τοῦ
1118 4566 1269 4641 νεανίσκου,
1283 4569 1329 4629 καί
1339 4567 1382 4627 διδι
1393 4576 1472 4629 τοῦτο
1485 4572 1580 4634 πάντα
1590 4574 1662 4634 ἐκίνει

112 4660 243 4736 poterat),
253 4653 355 4734 ingenti
366 4652 419 4712 sibi
429 4653 465 4713 ad
470 4654 599 4736 juvenem
610 4653 637 4713 in
649 4655 834 4736 captivitatem
886 4665 934 4732 τῆς
956 4657 1098 4725 ἀκολασίας
1118 4655 1153 4717 τί
1177 4659 1369 4739 μηχανήματα.
1398 4661 1451 4720 Καὶ
1476 4665 1540 4725 οὐδὲ
1567 4666 1663 4730 τούτοις

112 4744 291 4827 redigendum
304 4759 437 4827 apparatu
450 4766 519 4826 opus
541 4767 598 4806 esse
617 4736 774 4828 judicavit,
799 4750 834 4810 ob
886 4756 994 4835 ἠρκεῖτο
1004 4751 1108 4828 μόνοις,
1123 4754 1192 4812 ἀλλὰ
1206 4752 1252 4812 καί
1263 4754 1354 4834 καιρδν
1369 4754 1413 4813 καί
1424 4753 1508 4816 τόπον
1521 4763 1534 4789 ²
1544 4758 1662 4839 ἐπετήρει

113 4834 834 4922 eamquecausamnnllalrbrdrmsmachinaeratquam
886 4844 951 4926 πρὸς
967 4843 1017 4917 τὴν
1032 4845 1114 4926 θήραν
1135 4844 1292 4918 ἐπιτήδειον.
1314 4844 1367 4904 nit
1388 4850 1467 4906 τοῦτο
1489 4849 1553 4908 οὐδὲ
1576 4851 1663 4915 εὐθέως

116 4950 168 4989 non
184 4944 313 4991 moneret.
333 4933 372 4988 Ac
387 4950 420 4989 ne
434 4928 492 4988 baec
502 4930 613 5009 quidem
627 4933 692 4992 satis
705 4954 762 4994 esse
781 4934 834 4994 du·
888 4938 987 4997 ἁλοῦσα
1010 4937 1184 5019 προσέόαλεν,
1211 4937 1280 4998 ἀλλὰ
1306 4936 1387 4997 πολθν
1413 4935 1537 5017 ἀνέμεινε
1563 4941 1663 5025 χρόνον,

115 5041 185 5120 oeus,
198 5034 305 5103 tempus
322 5021 431 5103 insuper
448 5036 475 5082 et
488 5023 579 5083 locum
592 5022 627 5087 ad
644 5025 764 5106 praedam
783 5049 833 5110 ap·
852 5042 871 5088 Β
889 5027 937 5102 ele
953 5029 1072 5110 πονηρόν
1083 5027 1182 5103 ταύτην
1196 5028 1337 5108 ἐπιθυμίαν
1355 5028 1486 5090 ὠδίνουσα
1508 5032 1556 5093 καί
1577 5057 1662 5115 παρα·

144 5222 155 5247 ν
173 5202 254 5258 Iidem
286 5212 413 5276 βαδίσματι
423 5212 631 5279 ὅσαθρυπτομένοις.
934 5229 945 5252 ·
962 5214 1019 5264 Duo
1031 5221 1134 5277 ἐπιζήτει
1141 5253 1147 5278 ,
1159 5229 1222 5265 nnus
1234 5221 1326 5268 ἐπενόει.
