3764 5992
671 424 705 472 ιιι
730 424 991 475 tuseuunouuu
1016 425 1189 480 acrouuu.
1217 437 1255 484 n.
1687 424 1732 496 85

190 535 278 615 ῐΙέιρυν
300 538 458 614 κληθῆναι,
482 544 531 601 οὐκ
557 545 611 605 ἀπὸ
638 547 791 626 θαυμάτων,
815 548 874 607 ἀλλ’
903 547 958 607 ἀπὸ
1009 548 1132 610 clesiam
1156 575 1263 617 meam.
1276 560 1368 633 Quam
1386 562 1421 621 ob
1443 565 1574 624 causam?
1588 567 1647 630 Nun
1668 569 1731 647 quia

190 629 255 696 ζιλυι
268 630 466 708 πεπυρωμένου
487 632 567 695 ἱλαόι
588 634 638 708 τὴν
662 637 758 720 άρρήν.
773 638 842 698 Ἀλλ’
865 638 956 710 ἐπειδὴ
1007 638 1070 699 secit
1090 643 1232 723 miracula,
1247 649 1295 708 sed
1313 651 1378 729 quia
1390 651 1472 728 dixit,
1490 656 1533 714 Tu
1549 676 1580 716 es
1595 659 1730 719 Christus

190 719 274 797 Πέτρου
295 722 460 797 ἐμνήσθην,
485 727 591 797 εἰσῆλθέ
608 751 654 807 μοι
674 731 719 789 καί
740 730 830 813 ἑτέρου
853 730 956 809 Πέτρου
1007 732 1104 793 Filius
1118 737 1176 795 Det
1194 743 1268 799 vivi.
1284 742 1372 804 Vides
1392 742 1479 824 ipsam
1493 744 1575 806 etiam
1589 747 1661 808 Petri
1673 771 1727 831 ap·

188 810 279 885 ριτζμη,
292 818 341 870 τοῦ
362 822 455 876 κοινοῦ
468 818 588 899 πααρδς,
608 821 654 880 καί
676 821 852 896 διδασκάλω,
865 819 893 888 δς
907 820 956 894 τὴν
1005 822 1178 901 pollutionem
1193 832 1433 911 nonamiraculis,
1447 834 1540 895 sedab
1554 835 1660 898 ardenti
1670 840 1727 898 nelo

187 901 268 960 ίιιίνσυ
277 903 472 983 διαδεξάμενος
484 909 582 990 ripario
602 911 647 973 καί
669 913 718 986 τὴν
733 912 862 994 καθίδραν
876 914 956 986 ίκλη-
971 916 990 963 C
1005 911 1114 975 initium
1125 916 1257 981 duxisse?
1270 926 1374 983 Verum
1384 924 1493 1003 quando
1504 928 1577 987 Petri
1588 930 1639 989 ieci
1651 952 1725 990 men·
1783 947 1878 1006 Episco-

187 993 363 1071 ρονόμησεπῆν
378 998 955 1084 ἐκείνσυ.Ἓνγδρκαίτυῦτοπλεονίκι-ημα
1004 1002 1115 1084 tionem,
1142 1010 1228 1070 subiit
1252 1013 1374 1073 animum
1401 1037 1492 1075 meum
1517 1019 1629 1080 alterius
1652 1023 1724 1082 Petri
1735 1007 1880 1113 P””',}”“‘’'

184 1088 219 1153 τῆς
234 1084 371 1167 ἡμετέρας
389 1089 512 1166 πόλεως,
525 1093 557 1152 τὸ
571 1099 624 1155 τῶν
639 1096 793 1157 ἀποστόλων
815 1097 859 1157 τδν
874 1119 954 1176 κορυ-
1003 1096 1164 1178 recordatio,
1174 1105 1325 1164 communis
1334 1106 1421 1186 patris
1432 1122 1458 1166 et
1471 1107 1652 1191 doctoris,qui
1663 1134 1724 1173 cum
1734 1085 1877 1178 madridi?

183 1184 243 1252 ριῑον
259 1177 356 1237 tacete
374 1183 404 1240 ἐν
417 1185 491 1263 ἀρχῇ
504 1185 671 1247 διδάσκαλον.
682 1188 758 1248 Ἔδει
774 1188 827 1270 γὰρ
839 1188 888 1262 τὴν
901 1189 954 1269 πρδ
1002 1184 1081 1266 illiin
1093 1190 1193 1251 virtute
1200 1197 1380 1271 successisset,
1390 1198 1471 1257 etiam
1482 1200 1558 1259 illius
1568 1200 1723 1264 cathedram
1734 1194 1848 1253 ⁵⁰¹⁸¹¹¹⁸³¹·

182 1271 217 1336 fi<
227 1269 392 1345 sumptim<
405 1274 514 1348 ἁπάσης
529 1278 559 1337 τδ
572 1283 624 1338 τῶν
635 1280 803 1360 Χριστιανῶν
817 1282 953 1355 ἀναδησα-
1002 1291 1042 1337 est
1054 1280 1247 1363 adeptusflaec
1255 1287 1328 1347 enim
1336 1302 1377 1348 est
1393 1310 1445 1348 una
1456 1291 1536 1350 etiam
1549 1307 1646 1353 nesure
1655 1294 1724 1354 civi·

180 1358 248 1433 ,ιίνην
262 1361 371 1437 ὄνομα,
390 1366 440 1425 τδν
459 1370 512 1427 τῶν
536 1370 689 1431 ἀποστόλων
711 1374 815 1452 πρῶτον
838 1374 953 1451 ποιμένα
1002 1371 1065 1430 tatis
1088 1376 1267 1456 prerogativa
1291 1379 1447 1458 dignitatis,
1472 1382 1547 1460 quod
1573 1385 1724 1467 principem

179 1451 268 1510 λεόεῐν.
292 1453 381 1515 Ἀλλδι
404 1457 532 1528 λαθόντες
553 1463 630 1522 αὐτὸν
652 1463 820 1539 διδάσκαλον,
846 1469 892 1525 οὔκ
916 1468 953 1534 είς
1002 1463 1185 1542 apostolorum
1219 1469 1255 1527 ab
1294 1471 1371 1531 initio
1404 1472 1541 1532 doctorem
1577 1477 1721 1556 acceperit.
1737 1519 1739 1522 ι

177 1541 237 1608 κίδος
257 1545 446 1627 ααπέσχορκν,
471 1552 541 1612 ἀλλὰ
565 1554 795 1636 παρεχωρήσαμεν
816 1561 849 1636 τῇ
876 1556 952 1635 βασί-
1002 1552 1123 1631 AEquum
1136 1559 1208 1617 enim
1220 1574 1286 1634 erat,
1300 1576 1330 1621 ut
1343 1584 1383 1636 ea,
1396 1585 1456 1642 quae
1469 1565 1576 1625 nomine
1591 1566 1723 1627 Christia-

176 1631 220 1690 tttt
232 1633 333 1716 Ῥώμη
344 1661 351 1674 ·
364 1641 470 1716 μᾶλλον
483 1641 558 1710 otte
572 1643 603 1703 τὸ
615 1646 690 1714 τέλος
699 1647 778 1706 αὐτὸν
787 1647 950 1728 {opimae-
1002 1661 1099 1702 norum
1118 1659 1180 1706 ante
1193 1649 1351 1710 universum
1365 1654 1459 1712 orbem
1482 1666 1616 1714 terrarum
1629 1670 1723 1717 ornata

175 1725 257 1802 τὸμὲν
268 1727 326 1806 γὰρ
336 1731 422 1807 σῶμα
434 1732 577 1814 Πίτρωώ
591 1736 749 1818 φέρομεν,
762 1738 810 1810 την
823 1740 850 1799 δὲ
862 1739 950 1800 πίστιν
1001 1732 1065 1810 tuit,
1086 1736 1206 1816 primum
1226 1741 1408 1821 apostolorum
1430 1757 1564 1825 pastorem
1574 1746 1720 1827 acciperet.

176 1815 268 1897 ίΙίπρω
281 1819 613 1908 κατόχομινὼςΙΙίτρον·
625 1828 673 1901 τὴν
692 1829 719 1888 δὲ
739 1831 828 1890 πίστιν
847 1831 951 1913 Πίερον
1002 1825 1057 1885 Sed
1080 1848 1143 1889 cum
1163 1851 1225 1891 curn
1247 1832 1385 1895 doctorem
1398 1836 1602 1917 accepissemus,
1618 1859 1671 1898 non
1693 1839 1722 1899 iu

175 1907 340 1987 ῐῑῖὲχΜῑς,
369 1915 453 1976 αὐτὸν
476 1918 572 1998 ἔχομεν
594 1919 705 2000 Πίερον.
725 1920 807 1982 Οὕτω
832 1923 878 1983 καί
904 1922 949 1981 τὸν
967 1940 986 1986 n
1001 1933 1160 2000 perpetuum
1173 1924 1345 1999 retinuimus,
1357 1927 1402 1988 sod
1417 1929 1498 2008 regite
1510 1929 1614 1988 civitati
1629 1931 1721 1990 Rome

176 1999 264 2058 ἐκείνω
278 2004 413 2076 ζηλωτὴν
423 2011 553 2087 ὁρῶντες,
573 2011 650 2071 αὐτόν
666 2013 793 2091 δοκοῦμεν
810 2018 887 2095 opto·
904 2014 950 2075 καὶ
1000 2009 1343 2078 ἰΙΙιιιοσοιιοοεείιιιιιειίιιιο
1350 2041 1415 2079 vero
1425 2022 1453 2079 in
1464 2035 1624 2102 perpetuum
1631 2021 1722 2103 ipsum

143 2152 149 2166 ‚
175 2090 219 2170 γίρ
235 2093 282 2152 τὀν
303 2096 440 2170 Ἰωάννην
462 2102 557 2160 Ἠλίαν
576 2103 699 2164 ἐκάλεσεν
719 2107 876 2186 όΧριστδς,
903 2110 949 2168 οὐκ
1000 2103 1182 2167 retinuimus:
1199 2131 1263 2170 nam
1273 2132 1371 2193 corpus
1384 2112 1495 2192 quidem
1507 2112 1580 2172 Petri
1594 2116 1720 2176 nonreti·

175 2181 255 2255 ίαιιδὴ
274 2185 379 2255 Ἠλίας
398 2179 433 2261 ἦν
446 2195 461 2249 δ
473 2193 614 2271 Ἰωάννης,
629 2198 689 2256 ἀλλ’
707 2197 799 2271 ἐπειδὴ
823 2202 849 2259 ἐν
867 2199 947 2260 πνιό·
1001 2215 1106 2270 nemus,
1121 2198 1170 2258 sed
1183 2202 1256 2260 Petri
1275 2202 1360 2262 fidem
1379 2217 1517 2283 tamquam
1531 2205 1642 2266 Petrum
1655 2207 1720 2267 reti·

174 2297 232 2350 ρατι
242 2276 291 2335 καὶ
308 2279 428 2359 δυνάμει
436 2274 517 2355 ἤλθιν
528 2285 631 2348 Ἠλίου.
643 2288 770 2371 Καθάπερ
779 2280 824 2350 οὖν
834 2291 947 2352 δἸυιόν-
999 2306 1108 2348 nemus:
1118 2312 1199 2372 porro
1207 2292 1274 2352 dum
1284 2295 1357 2354 Petri
1368 2294 1451 2355 fidem
1462 2295 1619 2377 retinemus,
1629 2297 1719 2379 ipsum

172 2370 334 2442 νι,ς,ίπειδὴ
354 2374 386 2431 ἐν
399 2375 535 2452 πνεύματι
551 2378 598 2438 καί
615 2380 724 2458 δυνάμει
742 2372 820 2453 ἦλθεν
833 2382 945 2454 Ἠλίου,
1000 2379 1111 2441 Petrum
1137 2383 1277 2444 babemus.
1301 2387 1343 2445 lta
1364 2407 1426 2446 cum
1451 2387 1614 2448 imitatorem
1644 2389 1719 2449 illius

173 2455 256 2527 Ἠλίας
277 2461 494 2540 &proemium
506 2469 553 2528 καί
565 2461 652 2544 οὗτος,
673 2473 765 2544 ἐπειδὴ
779 2477 807 2532 ἐν
819 2474 947 2557 ὁμολογίᾳ
999 2490 1148 2548 cernamus,
1170 2474 1261 2555 ipsum
1285 2496 1393 2537 cernere
1412 2477 1557 2538 videmur:
1584 2479 1719 2558 siquidem

170 2548 209 2606 ui
220 2552 313 2612 πίστει
326 2555 441 2637 ῐΙότρου
458 2561 648 2642 παραγέγονεν,
663 2563 770 2631 εἰκότως
788 2564 820 2622 du
837 2567 883 2625 καί
899 2569 948 2638 τῆς
998 2563 1128 2624 Joannem
1142 2565 1267 2626 Christus
1281 2568 1389 2629 Heliam
1402 2570 1566 2651 appellavit,
1580 2592 1631 2632 non
1645 2573 1719 2652 quod

169 2645 343 2725 προσηγορίας
363 2647 471 2722 ἐκείνης
492 2650 625 2726 ἀξιωθείη.
637 2653 672 2714 Ἡ
686 2655 738 2736 γὰρ
751 2661 799 2728 τῆς
811 2658 946 2725 mutatu<
998 2654 1089 2714 Helias
1107 2672 1175 2717 esset
1195 2661 1320 2738 Joannes,
1334 2661 1465 2742 sedquod
1479 2663 1508 2722 in
1524 2663 1620 2744 spiritu
1634 2665 1717 2726 Helie

168 2734 298 2811 σιηίνεια
320 2738 372 2796 καὶ
392 2738 444 2812 τὴν
464 2743 602 2804 κοινωνίαν
627 2750 680 2805 τῶν
706 2747 843 2825 ὀνομάτων
866 2759 945 2810 ποιεῖ.
996 2766 1027 2804 ac
1046 2746 1148 2807 virtute
1171 2749 1296 2810 venisset.
1309 2752 1386 2812 Sicut
1409 2753 1493 2833 igitur
1510 2756 1635 2830 Jmnnes,
1649 2778 1717 2834 quo·

167 2823 305 2904 Βξῦρεθα
322 2829 354 2889 δὲ
373 2830 475 2900 πάντας
489 2833 536 2892 καί
550 2838 587 2905 τίς
599 2835 630 2896 τὸ
642 2837 746 2919 Πίερον
762 2845 849 2920 γῆρας
865 2842 944 2902 αὐτὸν
995 2836 1069 2896 niatu
1082 2838 1109 2898 in
1123 2840 1222 2921 spiritu
1236 2841 1320 2901 Heliae
1333 2864 1365 2903 ao
1376 2845 1479 2905 virtute
1490 2861 1609 2923 venerat,
1624 2847 1716 2909 Helias

167 2915 255 2975 uuo·
266 2920 318 2979 καί
332 2921 391 3002 γὰρ
408 2927 425 2982 δ
444 2925 591 2996 ἀπόστολος
604 2931 630 2988 ἐν
644 2931 715 3013 γήρᾳ
729 2932 774 2990 τὸν
791 2931 848 3011 βίον
864 2933 944 2992 κατά·
994 2928 1150 2991 dicebatur:
1165 2933 1202 2992 ita
1224 2934 1270 2993 bic
1290 2957 1407 3014 quicque,
1420 2937 1547 3016 quoniam
1568 2939 1596 2998 in
1611 2942 1715 3000 conses-

166 3007 243 3067 iocre.
253 3008 351 3072 'om
362 3013 437 3094 γάρ,
450 3017 531 3096 prat,
542 3019 678 3101 γηράσῃς,
691 3022 753 3083 πότι
765 3022 881 3092 {demat
896 3048 942 3099 σε,
994 3019 1069 3080 sione
1081 3043 1113 3082 ac
1126 3023 1182 3083 fide
1195 3025 1266 3083 Petri
1287 3024 1415 3101 advenit,
1429 3029 1527 3087 merito
1543 3029 1618 3089 illius
1632 3031 1713 3091 etiam

164 3101 204 3159 καί
215 3101 325 3171 άξαυσιν
340 3105 412 3166 ὅπου
426 3111 457 3167 οὐ
468 3109 561 3178 θέλεις.
576 3114 777 3193 Ate-impetui
794 3115 840 3175 ναὶ
856 3116 942 3197 τούτῳ
959 3143 978 3191 Ε
994 3111 1172 3192 appellatione
1185 3114 1341 3175 donabitur.
1356 3118 1427 3176 Nam
1441 3121 1650 3181 conversationis
1668 3144 1715 3184 oo·

165 3194 260 3273 ροιρδν
278 3198 436 3258 πολιτείαν·
448 3201 628 3281 ἐκτεινόμενον
646 3207 699 3290 γὰρ
715 3211 794 3268 αὐτοῦ
808 3209 839 3268 τὸ
858 3215 942 3290 γῆρας
993 3202 1084 3279 gnatio
1095 3203 1235 3262 nominum
1242 3205 1323 3284 etiam
1333 3207 1549 3266 communionem
1559 3209 1638 3289 parit.
1646 3211 1714 3270 Ore·

164 3284 349 3369 πλνὴμαίραν
361 3290 480 3364 νεότητα
489 3293 539 3366 τὴν
547 3299 730 3375 πνευματικὴν
741 3302 841 3373 μᾶλλον
853 3301 942 3380 ἀχρή-
993 3314 1054 3356 mus
1067 3311 1158 3358 autem
1171 3317 1273 3372 omnes,
1288 3311 1319 3356 ut
1328 3298 1364 3359 ad
1372 3313 1539 3359 senectutem
1550 3301 1632 3361 etiam
1639 3303 1712 3363 Petri

163 3377 206 3442 (tu
226 3389 316 3439 mt-
333 3381 371 3453 ἣν
392 3381 501 3461 γίνοιτο
521 3386 662 3456 διαπαντὸς
682 3392 710 3449 ἐν
723 3393 798 3472 ἀκμῇ
817 3399 939 3472 τηρηθῆ-
990 3389 1290 3471 perveniatesiquidem
1305 3391 1441 3472 apostolus
1451 3393 1509 3472 jam
1528 3415 1608 3453 senex
1626 3395 1711 3456 vitam

163 3490 208 3542 ναι,
219 3473 312 3552 εὐχαῖς
328 3471 383 3551 μὲν
401 3474 504 3533 ἐκείνου
519 3477 564 3536 καὶ
579 3479 673 3540 τούτου
692 3487 738 3540 τοῦ
752 3483 872 3566 Πέτρου,
886 3486 939 3565 χά-
991 3483 1092 3543 finivit.
1107 3485 1182 3542 Cum
1199 3487 1277 3541 enim
1291 3489 1430 3559 senueris,
1440 3484 1543 3562 inquit,
1562 3498 1631 3545 tunc
1648 3492 1788 3547 ein-loun.
1802 3513 1839 3546 ar.

164 3582 204 3637 ριτι
226 3561 322 3625 δὲκαὶ
344 3567 539 3650 φιλανθρωπίᾳ
558 3575 605 3629 τοῦ
628 3573 725 3654 Κυρίου
748 3579 826 3654 ἡμῶν
849 3576 937 3649 Ἰησοῦ
988 3589 1058 3654 gent
1068 3588 1105 3647 te,
1128 3588 1156 3633 et
1174 3575 1352 3651 duceretque
1370 3588 1401 3632 tu
1416 3595 1476 3634 non
1491 3579 1548 3634 ois.
1566 3578 1709 3639 Preoemur
1722 3559 1759 3606 ¹⁸·

163 3653 272 3732 Χριστοῦ,
286 3648 343 3738 ᾧὴ
356 3657 425 3727 δόξα
435 3659 483 3719 καί
495 3660 526 3720 τὸ
539 3662 636 3745 κράτος
645 3667 702 3745 ἅμα
712 3672 750 3749 τῷ
769 3669 836 3749 ἁγίῳ
848 3671 937 3731 {losd-
988 3680 1078 3725 autem
1094 3679 1120 3724 et
1139 3664 1205 3723 huie
1221 3663 1330 3743 longam
1345 3664 1407 3724 vitae
1420 3668 1647 3733 conversationem
1662 3694 1669 3727 ι
1684 3673 1708 3732 si

161 3769 229 3820 ρατι,
240 3757 286 3810 νῦν
300 3751 352 3811 καὶ
366 3753 431 3828 ἀεὶ,
446 3753 492 3813 καὶ
506 3757 545 3823 εἰς
557 3754 619 3825 τοὺς
639 3761 735 3828 αἰῶνας
756 3766 809 3821 τῶν
823 3763 933 3826 αἰώνων.
988 3762 1060 3821 enim
1069 3760 1234 3843 producatur
1243 3761 1301 3840 ejus
1312 3775 1442 3838 senectus,
1457 3763 1564 3840 efficiet,
1581 3779 1611 3823 nt
1620 3768 1707 3846 magis

162 3836 237 3916 Ἰρήν.
987 3866 1081 3931 vegeta
1098 3853 1133 3911 sit
1146 3866 1172 3911 et
1188 3852 1282 3912 vivida
1294 3852 1444 3933 spiritualis
1453 3855 1583 3935 juventus
1597 3871 1703 3920 nostra:

979 3965 1062 4023 quam
1076 3944 1180 4003 utinam
1200 3957 1278 4003 atate
1296 3945 1436 4004 florentem
1458 3965 1490 4005 ac
1511 3947 1635 4007 vividam
1656 3972 1705 4010 nos

987 4049 1117 4116 perpetuo
1130 4054 1287 4094 conservare
1300 4036 1437 4116 contingat
1452 4057 1514 4096 cum
1528 4037 1603 4098 iilius
1612 4042 1704 4121 preci-

987 4127 1050 4203 bus,
1065 4141 1091 4186 et
1108 4127 1191 4207 hujus
1202 4127 1292 4200 Petri,
1310 4140 1368 4186 tum
1388 4128 1473 4208 gratia
1492 4143 1519 4190 et
1539 4130 1703 4211 benignitate

986 4219 1098 4279 Domini
1117 4217 1201 4278 nostri
1211 4220 1274 4279 Jesu
1287 4218 1400 4293 Christi,
1414 4220 1457 4279 cui
1477 4220 1562 4301 gloria
1576 4237 1601 4282 et
1616 4223 1702 4304 impe-

986 4313 1057 4373 rium
1071 4330 1197 4369 unacum
1213 4309 1315 4390 Spiritu
1331 4324 1422 4370 sancto
1434 4327 1540 4372 nuncet
1550 4335 1665 4396 semper,
1674 4330 1700 4376 et

986 4409 1013 4468 iu
1023 4404 1120 4465 secula
1128 4403 1297 4464 seculorum.
1306 4405 1399 4462 Amen.
