3764 5992
815 526 817 531 ’
845 548 1025 599 nnrsruna.
1635 564 1705 634 70,

166 668 345 745 ἀπῳκισμένοι
369 672 452 745 μῆκος
475 672 546 746 ὁδοῦ,
564 676 593 731 οὐ
616 671 713 752 μικρὰν
728 676 858 748 ἐντεῦθεν,
884 675 939 738 ἀπὸ
988 675 1135 755 suppetit:
1157 672 1375 757 quandoquidem
1403 702 1452 742 uos
1479 704 1603 767 quoquc,
1627 701 1703 750 tauto

165 761 212 827 τῆς
226 762 274 830 σῆς
288 760 408 839 ἀνδρείας
420 762 504 842 λέγω,
521 763 692 844 καρποίμεθα
705 764 875 848 εὐφροσύνην.
987 767 1090 827 itineris
1109 768 1252 830 intervallo
1275 793 1291 830 a
1312 785 1338 832 te
1359 772 1567 856 disjunctione
1589 798 1704 859 parvam

988 858 1060 935 binc,
1074 858 1126 920 hoe
1140 875 1180 921 est
1202 883 1238 923 ex
1256 877 1303 922 tua
1321 865 1406 927 animi
1420 867 1616 951 magnimdine,
1629 870 1702 933 delo·

987 951 1130 1012 stationem
1142 954 1274 1036 capimus.

345 1144 417 1223 Πρὸς
428 1142 477 1216 τὴν
489 1141 570 1216 αὐτλν
583 1143 709 1217 ἐπιστολὴ
719 1141 752 1213 ζ’.
1139 1149 1195 1210 Ad
1203 1155 1335 1214 eamdem
1344 1158 1468 1237 epistola
1483 1161 1553 1221 Vll.

203 1331 242 1390 Τί
261 1330 330 1410 φῄς,
352 1330 412 1389 Oia
436 1330 548 1401 έστηαας
560 1328 701 1410 τρόπαιον,
715 1329 773 1391 orat
786 1330 844 1412 ἥρω
859 1331 934 1406 νίκην
1027 1337 1054 1394 t.
1075 1334 1150 1408 Quid
1175 1336 1238 1398 ais?
1262 1341 1412 1422 Tropaeum
1434 1363 1487 1403 non
1508 1344 1630 1425 erexisti,
1653 1360 1799 1408 neccueuw
1815 1375 1854 1406 αι-

162 1424 306 1505 λαμπροίν;
330 1422 388 1482 otta
406 1423 526 1495 ἀνεδήσω
547 1422 673 1504 στέφανον
695 1426 823 1483 ἀνθοῦντα
845 1425 934 1496 διηνα-
986 1425 1143 1505 preclaram
1164 1427 1306 1491 victoriam
1327 1431 1483 1508 obtinuisti,
1504 1455 1553 1507 nec
1571 1419 1806 1520 perpetuo·¹'⁰4⁰⁵·

164 1520 231 1589 κῶς,
244 1515 315 1574 Ἀλλ’
329 1516 451 1575 ndrobnai
464 1539 542 1596 φησιν
555 1521 572 1589 ἡ
583 1514 723 1594 οίκωμένη
738 1524 823 1597 πᾶσα,
836 1520 854 1588 ἡ
868 1539 935 1575 παν·
986 1515 1117 1577 virentem
1134 1539 1261 1579 coronam
1274 1521 1371 1604 adepta
1384 1524 1434 1583 es?
1448 1526 1543 1585 Annon
1557 1526 1616 1587 bac
1629 1529 1704 1590 orbis

164 1613 247 1687 ταχοῦ
265 1611 313 1678 τῆς
331 1612 380 1686 γῆς
394 1607 493 1688 ᾅδουσί
506 1629 553 1667 σου
565 1605 600 1665 τδι
616 1606 825 1690 κατορθώματος
838 1609 872 1668 El
883 1607 935 1688 γὰρ
987 1607 1128 1671 universus
1141 1610 1271 1688 affirmat,
1281 1612 1330 1692 qui
1343 1614 1445 1694 ubique
1454 1630 1589 1678 terrarum
1599 1633 1646 1680 ma
1656 1641 1703 1681 re-

165 1700 211 1760 καί
224 1699 257 1759 sd
269 1700 425 1776 σκάμματα,
439 1698 484 1758 καλ
498 1703 523 1758 ot
536 1702 636 1778 ἀγῶνες
652 1699 681 1758 έν
693 1699 731 1758 tu
743 1698 862 1782 ἵδρυνται
876 1724 934 1781 χω·
950 1710 970 1757 Β
986 1712 1028 1759 ete
1047 1701 1118 1760 iacta
1134 1700 1278 1763 decantat?
1294 1707 1468 1786 Quamquam
1490 1709 1563 1769 enim
1582 1723 1609 1770 et
1623 1712 1704 1793 pala·

166 1792 224 1872 ρίῳ,
234 1791 279 1851 καί
291 1795 315 1850 ot
326 1791 427 1851 δίαυλοί
438 1814 484 1852 σου
491 1795 544 1850 τῶν
553 1790 667 1872 δρόμων,
681 1792 726 1851 καὶ
739 1790 773 1851 ab
785 1792 844 1852 ἀντὶ
857 1794 935 1875 ἱδριῗν
986 1804 1059 1868 stra,
1072 1806 1099 1852 et
1113 1794 1258 1853 certamina
1274 1795 1302 1855 in
1314 1817 1370 1857 uno
1380 1797 1441 1859 loco
1451 1798 1501 1858 sita
1513 1813 1588 1879 sunt,
1599 1814 1626 1861 et
1639 1824 1704 1863 cur-

163 1908 207 1951 τος
222 1883 332 1963 αἵματος
352 1882 563 1961 ἐμπεπλησμένα
582 1905 629 1941 σου
647 1883 823 1962 παλαίσματα
846 1885 935 1946 αὐτόθι
986 1905 1066 1944 suum
1079 1899 1188 1946 tuorum
1205 1887 1303 1968 spatia,
1311 1901 1338 1946 et
1351 1892 1559 1951 concertationes
1568 1906 1704 1972 mestun

163 1977 278 2055 γέγονεν,
291 1978 349 2036 ἀλλ’
362 1981 380 2047 η
393 1974 458 2043 δόξα
468 1974 567 2034 τούτων
581 1975 627 2035 καὶ
642 1981 659 2048 ἡ
676 1974 794 2056 εὐφημία
807 1974 841 2035 ab
851 1983 863 2010 ⁸
872 1976 934 2058 τέρ-
987 1979 1078 2059 guina,
1089 1999 1141 2038 non
1156 1978 1254 2039 sudore
1270 1981 1385 2060 referte,
1398 1982 1456 2043 illic
1475 1984 1638 2046 exstiterunt
1654 2010 1661 2043 τ
1677 2002 1705 2047 at

164 2092 237 2146 ματα
260 2066 403 2148 κατείληφε
421 2072 469 2139 τῆς
487 2066 650 2146 οἰκουμένης.
666 2065 705 2126 Σθ
718 2066 747 2127 δέ
770 2066 840 2128 αὖτέ
854 2068 936 2146 μείζω
987 2090 1078 2129 earum
1094 2084 1183 2131 tamen
1198 2093 1289 2131 rerum
1303 2073 1388 2152 gloria
1403 2089 1430 2134 et
1443 2074 1640 2139 commendatio
1653 2099 1705 2139 cx-

164 2160 311 2239 βουλομένη
330 2164 453 2232 ποιῆσαι,
470 2159 515 2218 καὶ
526 2159 635 2220 πλείονα
648 2159 682 2219 rb
699 2158 811 2240 βραδεῖα
824 2159 936 2241 έργοίσα·
987 2176 1085 2223 tremos
1097 2178 1174 2223 terrae
1185 2163 1253 2223 fines
1266 2166 1418 2246 occupavit.
1434 2168 1479 2227 Tu
1494 2189 1558 2230 uero
1572 2190 1602 2229 ta
1613 2171 1704 2232 aucti-

163 2260 239 2329 σθαι,
249 2252 295 2312 καί
308 2251 367 2318 τοθς
379 2252 432 2311 ἀπὸ
444 2258 493 2324 τῆς
502 2251 740 2332 ταπεινοφροσύνης
751 2254 839 2321 αθτοῑς
847 2276 934 2336 προσ-
987 2276 1033 2316 orn
1044 2255 1168 2332 reddere,
1180 2276 1212 2315 ac
1226 2256 1331 2337 palmas
1344 2257 1512 2340 amplificare
1523 2260 1644 2336 studens,
1660 2284 1706 2325 eas

162 2349 259 2417 ἔθηκας
286 2345 441 2425 στεφάνως,
464 2344 577 2424 λέγουσα
600 2349 724 2405 τοσοῦτον
750 2345 859 2427 ἀπέχειν
882 2349 934 2405 τῶν
986 2368 1106 2427 quoque,
1126 2347 1298 2426 quas’animi
1315 2348 1460 2410 submissio
1481 2352 1570 2434 parit,
1594 2373 1705 2415 coronas

161 2437 294 2518 τροπαίων
308 2437 421 2511 τούτοιν,
434 2437 496 2496 ὅσον
514 2439 540 2496 ot
557 2437 644 2519 νεκροὶ
663 2441 716 2497 τῶν
729 2435 845 2506 ζώντων.
869 2437 935 2497 Ὅτι
987 2439 1053 2520 ipsis
1062 2437 1224 2520 adjunxisti,
1232 2438 1300 2499 dum
1311 2454 1337 2500 te
1350 2453 1455 2500 tantum
1468 2442 1504 2501 ab
1514 2441 1587 2503 bisce
1598 2445 1706 2526 tmpais

160 2530 213 2609 γδιρ
229 2528 467 2610 ταπεινοφροσύνης
485 2526 519 2586 rb
540 2528 662 2609 ῥήματα,
683 2531 783 2607 μᾶλλον
799 2528 827 2597 έξ
848 2533 934 2590 αὐτῶν
985 2531 1077 2591 abesse
1098 2530 1203 2607 asseris,
1215 2543 1347 2610 quantum
1370 2532 1470 2592 mortui
1484 2555 1500 2592 a
1514 2533 1587 2595 vivis
1608 2536 1705 2595 renroti

160 2646 192 2681 σε
212 2620 315 2700 ἐλέγξαι
335 2620 496 2700 πειράσομαι
518 2622 571 2679 τῶν
590 2620 780 2700 γεγενημένοιν.
796 2621 935 2692 Ἔξέπεσες
985 2637 1057 2684 sunt.
1067 2623 1138 2682 Nam
1150 2621 1292 2702 quodbaeo
1302 2622 1385 2684 verba
1396 2622 1431 2682 ab
1443 2623 1527 2684 animi
1541 2626 1704 2687 submissio-

161 2714 303 2794 πατρίδος,
315 2711 412 2784 οἰκίας,
426 2713 523 2792 φίλων,
544 2716 691 2792 συγγενῶν·
704 2712 770 2793 opt<
787 2713 967 2795 vasum-c
984 2716 1152 2796 nepnot'eeta
1166 2713 1229 2788 sint,
1239 2735 1274 2774 ex
1284 2713 1318 2773 iis
1333 2713 1399 2795 ipsis
1412 2715 1503 2796 potius
1510 2717 1705 2798 quecontige-

163 2806 238 2886 ορίαν
258 2805 404 2884 μετέστης·
417 2807 446 2865 οὗ
467 2804 581 2871 διέλιπες
600 2806 659 2864 καθ’
680 2805 794 2878 ἑκάστην
817 2806 934 2880 ἀποθνή-
985 2820 1059 2882 runt,
1075 2805 1189 2888 planum
1205 2806 1294 2865 lacere
1312 2805 1440 2866 conabor.
1456 2806 1547 2867 Patria
1566 2808 1645 2890 pulsa
1664 2829 1704 2888 es,

163 2921 264 2958 σκουσα
276 2896 325 2970 τὴν
336 2897 448 2976 ἡμέραν,
463 2896 509 2955 καὶ
524 2896 556 2954 τὸ
568 2900 601 2974 τῇ
613 2895 690 2976 φύσει
703 2898 793 2956 λεῖπον
811 2902 844 2977 τῇ
860 2920 935 2978 περι·
984 2897 1075 2971 domo,
1094 2896 1197 2969 amicis,
1216 2895 1352 2977 cognatim
1364 2896 1393 2957 in
1408 2897 1641 2960 exsiliummissa
1663 2920 1706 2976 es,

163 2990 240 3072 ουσίφ
259 2994 306 3062 τῆς
325 2990 502 3071 προαιρέσεως
530 2991 728 3070 ἀναπληροῦαα.
749 2988 861 3063 Ἐπειδὴ
884 2990 936 3074 γάρ
984 2989 1082 3068 quovis
1095 2987 1141 3048 die
1153 2987 1222 3047 rnori
1236 3007 1289 3048 uon
1301 2986 1418 3067 desiisti,
1428 2979 1509 3069 atque
1517 2989 1592 3070 quod
1602 3004 1705 3051 naturas

163 3087 211 3142 οὐκ
231 3083 269 3142 ἔνι
289 3082 425 3161 ἄνθρωπον
446 3081 555 3160 ὄνταπῇ
577 3081 659 3163 πείρᾳ
677 3079 790 3150 πολλοὺς
810 3083 950 3151 θανάτους,
987 3080 1078 3141 deerat
1092 3079 1241 3143 voluntatis
1253 3080 1372 3140 etanimi
1380 3080 1559 3163 amplitudine
1567 3083 1704 3166 suppleri·

165 3180 356 3253 ἀποθανεῖν,τῇ
367 3173 461 3253 γνώμη
472 3180 549 3233 τοῦτο
562 3173 719 3247 πεποίηκας.
733 3175 787 3234 Καὶ
799 3175 831 3234 cb
844 3175 875 3248 δὴ
889 3175 935 3254 μέ-
986 3173 1032 3234 sti.
1045 3174 1117 3233 Nam
1135 3172 1199 3252 quia
1213 3171 1272 3231 fieri
1284 3174 1385 3252 nequit,
1397 3189 1428 3234 ut
1436 3173 1517 3236 bomo
1531 3175 1619 3258 reipsa
1630 3177 1705 3237 mul-

163 3289 263 3342 γιατον,
277 3265 311 3326 rb
331 3266 378 3345 μέν
397 3265 549 3347 πάσχουσα,
563 3263 597 3324 τάι
612 3264 638 3324 δὲ
660 3265 799 3326 πείσεσθαι
820 3268 934 3346 προσδο-
986 3278 1026 3324 tas
1050 3277 1150 3325 mortes
1173 3277 1298 3344 oppetat,
1323 3264 1414 3325 animo
1436 3287 1468 3325 ac
1491 3267 1629 3329 voluntate
1653 3268 1704 3329 boc

164 3362 248 3432 κῶσα,
262 3360 309 3416 οὔκ
322 3358 428 3418 ἐπαύσω
441 3361 479 3438 τῷ
494 3362 673 3439 συγ-χωροῦντι
686 3360 749 3437 Θεῷ
769 3365 854 3419 ταῦτα
867 3360 936 3441 γίνε-
985 3356 1079 3417 iecisti.
1088 3355 1127 3416 Et
1139 3353 1220 3435 quod'
1229 3357 1380 3416 marimum
1394 3371 1444 3432 est,
1456 3379 1519 3417 cum
1532 3359 1587 3418 alia
1597 3361 1703 3440 perier·

164 3454 226 3508 σθαι
249 3449 298 3521 τὴν
320 3449 387 3531 ὑπὲρ
411 3453 496 3508 αὐτῶν
516 3448 682 3531 ἀναφέρουσα
704 3449 868 3529 δοξολογίαν,
890 3452 936 3511 καί
986 3470 1040 3527 res,
1054 3447 1107 3508 alia
1123 3449 1182 3528 jam
1202 3448 1315 3528 jamque
1339 3463 1519 3530 exspectares,
1533 3450 1585 3510 Dei
1606 3465 1704 3526 tamen,

163 3541 269 3619 καιρίαν
283 3545 322 3621 τῷ
341 3540 457 3621 διαθολιρ
481 3541 586 3600 διδοῦσα
598 3539 713 3620 πληγήν.
733 3539 797 3601 Ὅτι
817 3541 868 3621 γάρ
890 3542 936 3603 καὶ
986 3539 1063 3618 cujus
1077 3536 1208 3618 permissu
1222 3534 1279 3595 baec
1294 3535 1403 3612 fiebant,
1415 3537 1529 3617 gloriam
1539 3539 1575 3598 ob
1588 3560 1619 3598 ea
1631 3561 1705 3620 pra·

165 3633 270 3713 καιρίαν
281 3632 392 3706 ἐδέξατο,
404 3633 486 3702 ἔδειξε
497 3635 530 3693 δι’
541 3626 578 3692 ὧν
592 3632 716 3709 μειζόνως
725 3632 843 3714 προσιὼν
852 3634 969 3697 uoltu
986 3631 1088 3708 dicare,
1104 3630 1265 3708 letalemque
1280 3627 1390 3688 diabolo
1406 3629 1515 3711 plagam
1535 3631 1634 3691 inferre
1651 3653 1704 3694 uon

164 3729 241 3792 ζετο·
259 3725 299 3783 διὸ
316 3723 362 3784 καί
379 3723 554 3806 χαλεπώτερα
575 3722 611 3782 rb
632 3723 729 3804 ὕστερα
747 3728 801 3783 τῶν
822 3724 936 3807 πρώτων
986 3720 1122 3782 destitisti.
1144 3722 1214 3781 Nam
1232 3719 1307 3799 quod
1326 3720 1407 3779 letale
1431 3720 1532 3782 vulnus
1550 3724 1701 3805 acceperit,

164 3817 265 3897 γέγονε.
285 3816 414 3899 Καθάπερ
427 3816 478 3897 γδιρ
498 3815 622 3897 σκορπίος
636 3814 654 3885 ἢ
667 3813 811 3895 ὄφις,,όταν
826 3816 936 3895 βαθυτέ·
986 3813 1050 3873 binc
1070 3812 1230 3890 declaravit,
1244 3811 1319 3892 quod
1339 3812 1487 3892 majoribus
1507 3827 1599 3895 postea
1622 3820 1704 3879 armis
1795 3895 1800 3905 Ι

166 3933 213 3989 ραν
225 3908 295 3988 idda]
311 3908 425 3984 πληγὴν,
442 3906 566 3986 μειζόνως
576 3907 606 3966 τὸ
615 3906 721 3987 κέντρον
733 3906 799 3988 ἀρας
810 3908 880 3967 κατὰ
891 3915 937 3968 τοῦ
987 3927 1042 3965 sese
1055 3902 1204 3963 instruxit:
1221 3902 1294 3962 unde
1314 3902 1398 3964 etiam
1418 3903 1550 3964 atrociora
1567 3906 1705 3988 prioribus

165 3999 310 4072 πλήξαντος
331 3999 512 4073 ἐξανίσταται,
533 4003 581 4070 τῆς
600 4000 701 4070 πολλῆς
712 3998 854 4076 ἀλγηδόνος
865 3999 934 4058 ἀπό-
986 3995 1133 4078 posteriora
1164 3996 1235 4054 laeta
1269 4009 1341 4054 sunt.
1367 3995 1605 4068 Quemadmodum
1632 4001 1705 4062 enim

166 4092 243 4161 δειξιν
256 4094 380 4172 παρέχων
399 4090 447 4164 τλν
468 4089 595 4174 ραγδαίαν
609 4091 678 4149 κατὰ
693 4096 739 4150 τοῦ
751 4090 873 4159 παίοντας
893 4090 936 4175 pd-
985 4088 1108 4170 scorpius
1128 4099 1155 4146 et
1175 4107 1293 4167 serpens,
1306 4106 1370 4145 cum
1391 4086 1445 4147 alte
1462 4086 1586 4150 defixum
1606 4092 1705 4154 vulnus
1798 4077 1803 4086 Ι

166 4208 219 4259 μην
239 4207 245 4220 ·
271 4184 338 4244 οὕτω
363 4183 394 4256 δὴ
415 4182 461 4242 καλ
481 4181 512 4241 τὸ
537 4182 709 4264 ἀναίσγμντον
736 4181 825 4264 θηρίον
843 4185 935 4257 έκεῖνο,
985 4192 1153 4260 acceperunt,
1168 4177 1276 4238 sublato
1289 4177 1371 4238 altius
1382 4178 1475 4238 aculeo
1486 4180 1616 4242 adversus
1628 4205 1701 4260 eum,

166 4275 255 4349 ἐπειδὴ
268 4277 302 4335 τδι
316 4275 456 4356 τραύματα
471 4276 508 4342 εἰς
521 4274 599 4353 βάθος
614 4274 718 4343 ἐδέξατο
729 4274 803 4357 παρὰ
815 4279 862 4346 τῆς
874 4281 937 4335 θαυ·
985 4291 1001 4329 a
1017 4291 1071 4349 quo
1094 4269 1213 4350 percussi
1230 4281 1303 4346 sunt,
1316 4269 1469 4349 insurgunt,
1483 4292 1532 4352 per
1548 4294 1636 4333 aerem
1650 4275 1704 4334 sci·

166 4368 263 4442 μασίας
276 4391 322 4427 σου
336 4368 381 4427 καί
395 4370 497 4447 θγηλῆς
511 4370 614 4447 ψυχῆς,
633 4367 757 4444 μειζόνως
773 4367 935 4441 ἐπεπόθησε,
985 4362 1048 4422 licet
1067 4361 1095 4420 in
1113 4380 1296 4442 percussorem
1314 4359 1445 4441 impetum
1464 4363 1587 4422 acerrimi
1603 4364 1706 4426 doloris

166 4461 210 4519 καὶ
224 4460 328 4527 πλείους
346 4460 463 4540 ἐπήγαγε
479 4459 650 4540 πειρασμοῦς.
663 4458 861 4538 Ἐπήγαγεμὲν
882 4457 936 4539 γάρ
985 4466 1174 4533 argumentum
1193 4452 1351 4511 exhibentes
1374 4475 1380 4508 :
1403 4451 1498 4513 eodem
1521 4455 1603 4516 etiam
1624 4458 1706 4520 modu

165 4558 271 4625 ἐκεῖνος,
292 4554 342 4632 οὐχ
359 4557 373 4611 θ
391 4551 477 4618 Θεός·
491 4549 700 4632 συνεχώρησεδὲ
714 4555 729 4608 θ
749 4551 829 4625 Θεὸς,
851 4550 934 4620 αὔξων
986 4543 1129 4627 impudens
1142 4543 1200 4603 haec
1214 4543 1315 4620 bellua,
1329 4544 1457 4622 quoniam
1470 4545 1505 4605 ab
1515 4545 1707 4611 admirabiliet

165 4667 212 4702 σου
225 4646 270 4703 τὸν
281 4646 402 4717 πλοῦτον,
410 4644 516 4722 μείζονα
526 4648 608 4703 ποιῶν
619 4642 668 4715 τὴν
680 4641 819 4721 ἐμπορίαν,
827 4641 935 4702 πλείονα
950 4654 971 4703 E
986 4633 1099 4694 Sssbllml
1112 4632 1205 4691 anim&
1218 4645 1262 4690 ωδ
1277 4631 1411 4711 P¹'0f⁸¹¹¹da
1421 4632 1534 4694 Wlssffl
1547 4635 1644 4697 infimtt
1655 4659 1706 4720 pe·

165 4736 192 4792 δὲ
207 4733 338 4814 προξενῶν
351 4733 395 4793 τὸν
413 4733 515 4812 μισθὸν,
532 4732 722 4814 δαψιλεστέραν
734 4731 782 4805 vlu
797 4732 936 4793 ἀντίδοσιν.
988 4723 1186 4804 ctoreaccepit‚
1198 4721 1423 4782 Vehemesslimffl
1440 4722 1467 4782 in
1483 4738 1509 4784 tt
1521 4725 1652 4808 impetum
1664 4731 1707 4795 fu·
1750 4727 1758 4738 ’

164 4825 211 4898 Μὴ
235 4825 321 4885 τοίνυν
341 4825 486 4908 ταράττου,
507 4823 575 4902 μηδὲ
601 4825 719 4905 θορυθοῦ.
734 4823 784 4892 Τίς
803 4824 855 4906 γάρ
872 4846 937 4884 ποτε
988 4815 1036 4887 cit,
1052 4836 1083 4873 ac
1101 4814 1192 4895 plnres
1213 4814 1371 4872 tentationes
1392 4811 1524 4876 admovit.
1544 4817 1652 4879 Etenim
1665 4841 1709 4881 eas

164 4920 248 4996 ἔκαμε
265 4919 399 4991 niwrat„
413 4916 453 4983 τίς
476 4915 603 4996 cumpton
626 4914 671 4975 ἐπὶ
691 4916 739 4982 τὰς
752 4913 938 4997 θοψηλοτάτας
989 4908 1037 4967 ille
1044 4905 1153 4986 quidem
1168 4902 1301 4976 admovit,
1318 4925 1371 4964 non
1384 4906 1457 4966 Deus
1470 4930 1476 4964 :
1490 4909 1709 4988 permisitautem

164 5010 306 5090 ἐρχόμενος
321 5008 423 5090 ἀρχᾶς;
438 5010 473 5067 Εἰ
486 5009 514 5067 δὲ
526 5011 550 5067 ol
566 5004 600 5065 cd
618 5005 770 5086 ἀνθρώπινα
783 5013 867 5066 ταῦτα
878 5031 938 5067 συν·
990 5002 1076 5070 Deus,
1086 5011 1116 5056 1¹¹
1126 5018 1190 5078 ⁰1¹es
1203 5010 1263 5055 1⁰³⁵
1274 5009 1393 5077 augeret,
1408 5011 1591 5079 quascumque
1604 5000 1711 5064 uberio-

164 5103 281 5180 οίγοντες,
302 5099 337 5160 rb
360 5100 475 5180 ἀπίκηρα
500 5099 546 5158 καὶ
574 5107 650 5165 σκιᾶς
678 5097 873 5177 ἀδρανέστερα,
893 5097 939 5157 καὶ
990 5113 1047 5152 rem
1069 5090 1196 5163 efficeret,
1219 5103 1301 5169 atque
1327 5090 1486 5172 ampliorem
1512 5093 1661 5156 mercedem
1686 5112 1712 5158 et

198 5291 207 5312 ¹
227 5275 283 5324 Duo
295 5275 352 5327 blus.
361 5285 469 5345 τέρματα
482 5283 598 5342 κατέμαθε
610 5287 656 5336 τῆς.
665 5272 736 5324 Infra
744 5272 820 5325 iidem
832 5282 869 5328 καὶ
881 5280 931 5335 τοὺς
985 5254 1001 5310 δ’
1019 5269 1100 5323 lldcffl
1114 5273 1261 5337 bladardus·

164 5363 210 5407 ἀπὸ
220 5365 259 5414 τῆς
268 5358 436 5426 ταπεινορροοὺΔ
444 5378 468 5414 ης
479 5366 551 5422 σαυτῇ
563 5360 696 5425 περιέθηκας
705 5360 831 5425 παράνους.
