3810 6000
385 473 457 546 910

385 610 450 655 tuus
463 605 512 669 est,
529 604 648 673 possete
666 590 760 650 mortis
784 587 901 648 vinculis
924 583 1043 645 liberari.
1062 583 1103 641 lta

386 705 493 764 quoque
507 706 576 765 saepe
593 683 620 742 in
645 679 809 763 pecuniariis
821 678 919 738 debitis
943 676 1003 736 fieri
1017 674 1101 735 solet:

388 776 467 836 debet
481 775 617 855 quispiam
639 772 720 833 alicui
735 785 886 852 argeutum,
900 783 926 828 ct
939 768 1043 829 solvere
1054 787 1103 825 ne·

389 862 459 942 quit,
472 864 585 940 ideoque
604 860 840 942 apprehenditur:
858 857 928 917 alius
945 877 1011 918 vero
1035 852 1105 914 nihil

388 952 499 1027 debeus,
509 953 556 1032 qui
567 952 696 1013 solvendo
708 963 832 1032 parerat,
841 962 979 1008 numerata
992 945 1106 1028 pecunia

389 1044 538 1109 debitorem
553 1067 569 1103 a
591 1044 707 1104 vinculis
718 1040 855 1101 liberavit.
872 1040 940 1100 Tale
963 1037 1106 1118 quidpiam

391 1136 461 1194 inter
475 1134 609 1195 Adamum
623 1150 648 1195 et
660 1134 800 1194 Christum
811 1131 969 1192 intercessit.
984 1130 1106 1190 Adamus

359 1251 362 1254 ⁴
391 1227 561 1286 eratdebitor
574 1242 599 1286 et
609 1227 689 1286 morti
705 1226 851 1303 obnoxius,
865 1239 891 1283 et
907 1223 1078 1282 detinebatur
1091 1242 1107 1279 a

716 463 746 510 S.
773 459 914 512 torturus
939 456 1122 507 cunt'sosr.
1151 455 1307 507 ARCHIEP.
1335 456 1616 507 CONSTANTINOP.

1157 583 1313 664 ὀφειλόντων
1324 583 1441 662 γίνεται·
1457 583 1563 664 ὀφείλει
1574 580 1616 648 τίς
1629 603 1685 638 τινι
1698 579 1826 659 ἀργύριον,
1834 583 1870 638 καί
1880 612 1899 628 ιι

1158 673 1214 755 ἔχει
1228 674 1400 745 καταύαλεῖν,
1410 676 1458 735 καί
1473 674 1517 733 διίι
1529 679 1614 734 τοῦτο
1624 671 1790 750 κατέχεται·
1804 671 1867 737 ἀλλος
1880 706 1884 719 ,
1898 707 1900 716 ι

1158 764 1282 846 ὀφείλων,
1294 766 1437 845 δυνάμενος
1455 763 1484 824 ὀί
1497 762 1685 834 καταύαλεῖν,
1701 763 1820 831 καταθείς
1849 800 1860 811 w
1893 802 1901 814 ,-

1157 859 1203 918 τὸν
1223 857 1374 919 ίιπεύθυνον.
1398 857 1480 919 otro
1494 857 1543 916 καλ
1564 855 1612 914 ἐπὶ
1626 861 1677 914 τοῦ
1689 855 1776 932 Ἀὀάμ
1787 854 1873 932 γέγονε,
1890 889 1899 901 ‹-

1159 949 1203 1009 ἐπὶ
1219 955 1266 1008 τοῦ
1280 951 1407 1029 Χριστοῦ.
1421 947 1554 1029 Ὦφειλεν
1570 946 1693 1024 theto
1704 946 1752 1006 τόν
1766 947 1874 1020 θάνατοι,
1896 982 1905 994 ν

1159 1041 1298 1123 κατείχετο
1311 1042 1363 1102 ίιπό
1375 1048 1422 1101 τοῦ
1435 1040 1569 1100 διαόόλου
1583 1063 1590 1077 ·
1606 1043 1659 1098 οὐκ
1673 1039 1785 1117 ὤφειλεν
1797 1040 1841 1098 δΧ
1862 1075 1871 1085 ι
1900 1074 1905 1088 ‹

1159 1133 1218 1193 οὐδὲ
1236 1132 1392 1212 κατείχετο·
1408 1124 1474 1205 ἦλθε
1492 1131 1522 1192 δὲ
1546 1132 1597 1190 καὶ
1618 1129 1760 1190 κατίόαλε
1776 1130 1816 1190 rit
1836 1129 1857 1175 ³*
1889 1163 1900 1177 v

1160 1225 1226 1305 ὑπὲρ
1240 1233 1285 1286 τοῦ
1304 1225 1499 1304 κατεχομένου,
1519 1223 1568 1282 ἵνα
1582 1228 1689 1284 ἐκεῖνον
1705 1222 1819 1302 άπολύοη
1830 1227 1871 1281 riu
1896 1258 1898 1262 Α

390 1317 518 1377 diabolo:
531 1319 655 1377 Christus
663 1339 709 1377 nec
721 1317 845 1391 debebat,
860 1336 908 1374 nec
919 1314 1105 1373 detinebatur:
1116 1316 1273 1401 ,ωδανάτου
1289 1318 1402 1395 δεσμῶν.
1414 1307 1492 1384 Εἶδες
1506 1319 1560 1386 τῆς
1573 1316 1755 1384 ἀναστάσεως
1770 1315 1802 1375 τί
1811 1340 1832 1373 κ

391 1409 560 1470 venittamen
570 1424 596 1468 et
609 1409 731 1469 debitum
753 1407 847 1467 mortis
868 1405 988 1487 explevit
1007 1426 1057 1486 pro
1075 1424 1106 1462 eo
1125 1417 1144 1463 Λ
1162 1431 1250 1484 ματος
1270 1396 1335 1474 εἶδες
1356 1414 1401 1467 τοῦ
1417 1407 1559 1468 Δεσπότου
1577 1406 1630 1487 τὴν
1653 1406 1857 1488 φιλανθρωπίας
1887 1439 1892 1451 .

331 1521 344 1540 ⁸
393 1503 439 1581 qui
451 1502 633 1578 detinebatur,
645 1515 675 1560 ut
697 1501 777 1560 illum
799 1499 923 1560 amortis
941 1496 1059 1558 vinculis
1073 1495 1107 1553 ii·
1163 1499 1270 1577 μίγεθος
1289 1501 1461 1578 κηδεμονίας,
1478 1500 1528 1570 Μὴ
1543 1498 1639 1557 τοίνυν
1652 1497 1804 1579 ἀγνώμονες
1855 1499 1863 1547 ,'

391 1594 508 1655 beraret.
522 1595 654 1655 Vidistin’
667 1595 794 1676 praeclara
804 1589 1005 1652 resurrectionis
1013 1587 1107 1669 opera?
1161 1592 1222 1672 περί
1240 1590 1284 1650 τὸν
1300 1590 1382 1659 οότως
1403 1591 1564 1673 εὐεργέτην,
1581 1589 1657 1668 μηδὲ
1685 1590 1779 1663 ἐπειδὴ
1800 1594 1816 1660 ί,
1838 1613 1887 1659 νη·

391 1686 515 1745 vidistin’
527 1687 637 1746 Domini
646 1685 860 1766 benignitatem?
870 1682 992 1744 vidistin'
1003 1680 1107 1760 magni-

392 1776 514 1836 tudinem
520 1776 718 1857 providentia?
728 1779 767 1836 Ne
776 1777 866 1853 itaque
877 1775 962 1833 simus
976 1793 1039 1852 erga
1052 1785 1107 1830 tam

392 1867 544 1955 beneficum
564 1870 673 1948 ingrati,
684 1890 768 1947 neque
780 1867 982 1948 quiajejunium
990 1865 1109 1946 praetcri·

1160 1686 1288 1763 παρῆλθε,
1304 1684 1477 1764 δρθυμότεροι
1488 1687 1700 1760 καταστῶμεν·
1716 1681 1785 1741 ἀλλά
1795 1685 1835 1739 uir
1898 1718 1900 1722 v

1160 1771 1178 1843 ἢ
1190 1773 1315 1855 πρότερον
1330 1774 1440 1835 πλείονα
1453 1779 1502 1846 τῆς
1520 1776 1618 1854 ψυχῆς
1632 1772 1778 1851 ποιώμεθα
1797 1771 1839 1844 τὴν
1850 1770 1903 1847 insi

1160 1865 1247 1940 λειαν,
1258 1864 1301 1923 ίνα
1314 1865 1352 1944 μὴ
1366 1869 1414 1938 τῆς
1429 1866 1531 1947 σαρκός
1546 1864 1751 1943 πιαινομίνης,
1766 1864 1827 1935 αὕτη
1842 1867 1860 1908 ⁷2
1870 1890 1878 1904 ·’
1900 1894 1902 1897 ·

391 1960 444 2034 vit,
454 1960 749 2040 segnioresevadamus3
759 1959 882 2019 sednnnc
891 1959 1018 2037 majorem
1026 1976 1108 2035 quam
1161 1957 1241 2038 στέρα
1254 1956 1372 2037 γίνηται,
1386 1957 1430 2018 ίνα
1447 1958 1484 2036 μὴ
1500 1961 1553 2027 τῆς
1574 1956 1681 2028 δούλης
1702 1955 1903 2039 ρραντιζοντετ,τί

393 2053 504 2112 antehac
519 2053 615 2112 animae
629 2066 725 2112 nostrae
747 2049 958 2111 sollicitudiuem
972 2069 1107 2128 geramus,
1160 2048 1298 2121 δεσποίνης
1319 2053 1527 2128 καταμελῶμεν.
1552 2049 1592 2109 Τί
1606 2049 1667 2130 γὰρ
1687 2051 1795 2130 ὄφελος,
1815 2047 1862 2106 stet
1895 2081 1897 2088 ν

393 2166 427 2203 ne
442 2144 561 2224 saginata
577 2165 657 2204 carne
669 2142 759 2203 anima
776 2140 910 2201 infirmior
924 2140 968 2215 sit,
983 2138 1108 2199 neancil·
1159 2139 1226 2221 ὑπὲρ
1241 2140 1289 2212 τλν
1303 2141 1395 2222 χρείαν
1411 2140 1645 2223 διαρρήγνυσθαι,
1664 2142 1713 2201 καὶ
1729 2140 1778 2212 τὴν
1790 2162 1890 2216 mpure*

392 2235 728 2312 lamcurantes,dominam
739 2234 914 2316 negligamus.
922 2232 989 2304 Quae
996 2230 1109 2305 utilitas,
1159 2233 1340 2314 ὑπερόαίνεινς
1350 2235 1437 2292 Τοῦτο
1448 2233 1495 2291 καὶ
1510 2232 1544 2290 τὸ
1560 2239 1650 2312 σῶμα
1666 2232 1903 2312 repensarent

392 2351 492 2409 quaeso,
506 2330 528 2388 si
543 2328 617 2388 obesi
630 2326 820 2409 dirumpemur
833 2339 859 2385 et
872 2323 984 2383 modum
997 2321 1109 2382 exceda-
1160 2326 1246 2404 ψυχῆς
1267 2324 1315 2396 σλν
1335 2324 1465 2404 εὐγένειαν
1481 2324 1667 2405 προδίδωσιν.
1687 2326 1771 2386 Ἀλλά
1788 2329 1831 2396 τῆς
1847 2360 1851 2369 ι

393 2425 472 2484 mus?
487 2422 673 2482 Hincenimet
684 2419 972 2501 corpuslabefactatur,
986 2413 1108 2484 stenima
1160 2415 1233 2484 κείας
1254 2418 1299 2476 καὶ
1321 2418 1369 2486 τῆς
1387 2415 1479 2496 χρείας
1502 2416 1671 2495 γενώμεθα,
1691 2417 1737 2480 ἵνα
1760 2417 1804 2479 καί
1817 2418 1876 2497 φορ]
1893 2450 1905 2459 ν

392 2515 511 2575 laeditur.
519 2513 574 2574 Sed
580 2506 1110 2590 tautumsumamusquantumnecessitas
1127 2532 1145 2580 B
1162 2507 1267 2586 σώματι
1280 2508 1311 2568 τδ
1324 2511 1458 2588 προσῆκον
1468 2509 1741 2590 ἀποπληρώσωμεν,
1753 2510 1796 2569 ίνα
1807 2508 1840 2586 μὴ
1849 2508 1875 2565 τί

393 2608 521 2688 postulat,
529 2621 559 2666 ut
569 2619 596 2664 et
610 2604 707 2664 animae
718 2617 743 2662 et
754 2601 860 2684 corpori
868 2613 1000 2680 quantum
1011 2620 1108 2659 conve·
1161 2605 1209 2671 τῆς
1224 2599 1345 2672 νηστείας
1364 2598 1527 2677 συλλεγέντα
1551 2600 1656 2680 ἀθρόον
1677 2602 1786 2661 ἅπαντα
1801 2599 1902 2679 opher

262 2707 332 2751 cine·
343 2709 384 2752 tm·
393 2699 683 2769 niteribuamus,neea
691 2715 789 2773 quaeex
793 2693 897 2775 jejunio
906 2691 1110 2773 collegeramus,
1161 2692 1208 2763 Μὴ
1223 2690 1275 2772 γάρ
1289 2691 1383 2751 κωλύω
1402 2690 1549 2751 ἀπολαύειν
1569 2697 1680 2774 τροφῆς
1695 2695 1743 2754 καὶ
1763 2693 1877 2762 ἀνίεσθαι,
1891 2699 1905 2740 t.

245 2771 373 2877 :ifflfflm
395 2791 534 2852 confestim
556 2787 734 2848 effundamus.
758 2789 834 2845 Anne
855 2784 985 2866 prohibeo
1010 2782 1111 2858 cibiet
1161 2783 1255 2843 κωλύω
1266 2790 1353 2856 τοῦτο,
1365 2781 1434 2841 ἀλλά
1447 2788 1577 2862 παραινῶ
1589 2787 1645 2854 τῆς
1657 2785 1754 2866 χρείας
1763 2784 1876 2858 γίνεσθαι,
1891 2812 1905 2827 υ

393 2881 566 2944 recreationis
579 2880 679 2940 usum?
691 2880 751 2938 Non
766 2877 907 2958 prohibeo,
923 2876 1047 2955 inquam;
1063 2873 1111 2934 sed
1158 2873 1208 2948 τὴν
1218 2873 1318 2947 πολλὴν
1330 2872 1433 2955 τρυφὴν
1445 2873 1604 2945 ἐκκόπτειν,
1614 2877 1666 2934 καὶ
1677 2876 1717 2954 μὴ
1727 2875 1759 2935 τὸ
1772 2874 1901 2954 μέτρονύτι·

394 2975 487 3034 hortor
494 2988 524 3033 ut
535 2972 717 3032 necessitatem
727 2990 760 3029 ne
766 2968 935 3044 excedamus,
946 2967 1111 3046 nimiamque
1160 2966 1310 3037 ύαίνοντας,
1324 2965 1499 3044 λυμαίνεσθαι
1514 2971 1564 3039 τῆς
1578 2969 1678 3047 ψυχῆς
1699 2967 1749 3041 τὴν
1762 2967 1850 3046 ὑγείαν,
1872 2964 1901 3017 ι““

393 3064 559 3145 voluptatem
572 3083 731 3135 resecemus,
754 3081 787 3118 ue
815 3057 928 3118 modum
941 3058 1109 3136 excedentes,
1160 3060 1212 3141 γάρ
1225 3060 1320 3132 ἡδονῆς
1340 3058 1432 3118 λοιπὸν
1452 3057 1680 3120 ἀπολαύσεταιό
1700 3066 1814 3126 τοιοῦτος

392 3157 488 3216 anima
503 3155 642 3215 sanitatem
658 3152 856 3211 labefactemus.
875 3151 968 3228 Neque
977 3150 1050 3209 enim
1062 3171 1109 3210 vo-
1160 3157 1208 3224 τῆς
1229 3151 1320 3233 χρείας
1341 3148 1401 3217 τοὺς
1422 3148 1519 3230 ὅρους·
1542 3151 1592 3209 καὶ
1618 3159 1701 3211 τοῦτο
1725 3152 1837 3230 μάλιστα
1859 3184 1889 3195 ·1-·

392 3242 711 3328 luptutesrueturillequi
723 3241 990 3301 necessitatislimites
1000 3255 1109 3320 praeter-
1163 3243 1277 3323 ἀκριόῶς
1292 3243 1316 3300 οἱ
1331 3242 1374 3302 nt
1384 3245 1432 3313 τῆς
1446 3241 1543 3322 πείρας
1563 3245 1656 3316 αὐτῆς
1674 3245 1802 3311 ἐλθόντες
1812 3243 1850 3301 ui
1871 3239 1897 3279 ·’

392 3341 459 3416 ibit3
473 3339 554 3417 idque
561 3335 662 3418 optime
677 3333 765 3393 sciunt
781 3333 821 3391 illi
836 3333 883 3411 qui
904 3333 942 3391 rei
957 3333 1109 3413 periculum
1161 3338 1276 3394 ἐντεῦθεν
1295 3338 1396 3401 ἑαυτοῖς
1414 3333 1537 3401 τικόντες
1551 3337 1725 3414 νοσημάτων
1740 3333 1898 3408 εἴδη,κάαά

391 3434 510 3490 iecerunt
522 3455 529 3487 ε
542 3431 694 3489 innumeras
705 3426 775 3485 enim
786 3424 1000 3484 sibimorborum
1010 3427 1111 3506 species
1127 3453 1145 3500 c
1161 3429 1210 3500 λὴν
1232 3424 1281 3497 τὴν
1304 3426 1414 3497 ἀήθειαν
1436 3426 1645 3503 ὑπομείναντες.
1667 3429 1741 3488 Ἀλλ’
1761 3427 1800 3487 ότι
1817 3428 1855 3504 μὲν
1871 3446 1898 3479 τε

393 3535 561 3604 pepererunt,
577 3521 724 3600 ingensque
743 3532 804 3576 sunt
825 3517 966 3576 fastidium
977 3519 1106 3598 perpessi.
1162 3515 1899 3597 σθήσεσθεταῖςήμετέραιςπαραινέσεεινοῦκάμφιίαάε

392 3617 497 3676 Verum
507 3612 672 3687 nondubito,
684 3611 749 3690 quin
758 3609 957 3668 hortationibus
971 3609 1037 3668 meis
1051 3631 1108 3669 mo·
1162 3600 1220 3668 οἶδα
1230 3608 1281 3688 χίρ
1294 3611 1368 3687 ὑμῶν
1383 3607 1412 3666 τὸ
1425 3608 1573 3680 πειθήνιον.

391 3726 448 3765 rem
458 3705 574 3785 geratis:
590 3703 653 3763 novi
668 3702 739 3761 enim
754 3723 836 3781 quam
852 3701 1026 3778 obsequentes
1039 3701 1107 3761 sitis.

433 3800 459 3857 5.
481 3797 664 3869 Quamobrem
674 3793 720 3853 hic
746 3793 827 3851 finem
852 3791 978 3851 hortandi
998 3792 1106 3864 faciens,

354 3889 355 3894 '
392 3911 540 3949 sermonem
551 3902 706 3949 convertere
716 3887 783 3945 libet
794 3885 890 3963 adeos,
901 3885 947 3964 qui
962 3886 989 3944 in
1002 3886 1053 3944 hac
1064 3885 1106 3945 ln-

392 3981 474 4039 ciiera
498 3993 574 4039 nocte
596 3979 667 4037 dono
690 3976 779 4036 divini
804 3976 974 4056 baptismatis
1003 3976 1107 4057 dignati

391 4066 802 4148 sunt;adhesnempepulchras
810 4067 937 4126 Ecclesiae
947 4068 1063 4149 plantas,
1072 4068 1108 4129 ad

390 4164 470 4222 flores
478 4160 641 4243 spirituales,
654 4157 691 4217 ad
701 4179 784 4217 novos
796 4158 897 4217 Christi
920 4159 1028 4220 milites.
1049 4163 1107 4221 Nn·

391 4255 548 4315 diustertius
562 4251 686 4311 Christus
696 4248 829 4331 pendebat
836 4250 864 4309 in
877 4272 965 4324 cruce,
981 4252 1027 4311 sed
1038 4275 1107 4314 nunc

391 4347 550 4422 resurrexit,
559 4345 653 4403 eodem
663 4364 771 4421 quoque
780 4342 860 4402 modo
870 4343 900 4401 hi
914 4343 1108 4407 nudiustertius

1201 3798 1254 3857 Χαί
1272 3795 1315 3855 διά
1337 3803 1413 3856 τοῦτο
1432 3799 1547 3856 ἐνταῦθα
1570 3796 1624 3870 τὴν
1646 3801 1712 3881 περί
1739 3799 1825 3858 τούτω
1841 3793 1876 3864 στί

1160 3884 1329 3970 παραίνεσιν,
1343 3887 1408 3967 πρός
1423 3886 1481 3954 τοὺς
1495 3887 1568 3947 κατίι
1584 3888 1636 3961 τὴν
1659 3891 1745 3951 νύκτα
1767 3891 1810 3963 τὴν

1161 4003 1204 4061 ρον
1221 3979 1319 4052 ταύτην
1334 3978 1543 4048 καταξιωθέντας
1556 3986 1611 4052 τῆς
1622 3989 1672 4042 τοῦ
1682 3983 1755 4042 θείω
1771 3993 1791 4032 ί.
1822 3981 1846 4039 ,’
1882 4017 1887 4030 .

1161 4075 1260 4155 δωρεᾶς
1283 4073 1378 4155 τρέψαι
1396 4072 1528 4153 βούλομαι
1541 4072 1590 4131 τὸν
1605 4075 1706 4154 λόχον,
1725 4076 1760 4135 τί
1775 4074 1836 4134 καλά
1851 4074 1884 4127 π’
1904 4101 1905 4111 ι

1161 4171 1208 4238 τῆς
1221 4165 1384 4238 Ἐκκλησίας
1400 4163 1482 4245 φυτά,
1497 4165 1532 4224 eh
1545 4165 1616 4238 ἄνθη
1637 4167 1673 4226 τά
1694 4158 1904 4246 πνευματιιί,ττλ

1161 4258 1233 4326 νίους
1247 4263 1291 4318 τοῦ
1310 4259 1425 4339 Χριστοῦ
1441 4257 1623 4338 στρατιώτας.
1642 4260 1706 4340 Πρὸ
1728 4264 1776 4330 τῆς
1790 4257 1864 4339 χδίςδ

1161 4349 1262 4421 σπότης
1279 4351 1306 4406 ἐν
1321 4352 1427 4429 σταυρῷ
1439 4347 1602 4428 ἐτύγχανεν,
1614 4353 1675 4410 ἀλλ’
1691 4351 1789 4422 ἀνίστη
1801 4357 1851 4409 νύν·
1872 4344 1896 4398 '-

324 4462 326 4466 2
394 4452 533 4518 apeccato
547 4436 746 4510 detinebantur,
769 4432 817 4492 sed
837 4455 909 4493 nunc
924 4456 986 4494 cum
1000 4436 1108 4496 Christo
1161 4441 1206 4500 καί
1221 4431 1364 4521 οότοι,πρδ
1376 4443 1423 4510 τῆς
1437 4438 1561 4518 χθὲςθπδ
1570 4446 1623 4514 τῆς
1633 4443 1771 4525 ἁμαρτίας
1785 4441 1904 4516 malerei,

393 4524 614 4601 resurrexerunt,
635 4526 681 4584 itte
701 4542 811 4605 corpore
823 4539 944 4585 mortuus
960 4540 999 4585 est
1017 4542 1043 4587 et
1064 4550 1108 4588 re·
1161 4531 1230 4592 ἀλλά
1245 4537 1289 4591 νῦν
1305 4531 1501 4604 συνανέστησαν
1518 4538 1557 4613 τῷ
1574 4536 1712 4617 Χριστῷ·
1728 4541 1820 4600 ἐκεῖνος
1833 4531 1902 4603 aium

393 4621 520 4694 surrexit,
545 4620 574 4677 hi
597 4639 645 4698 per
667 4630 806 4696 peceatum
823 4617 922 4676 mortui
949 4632 1024 4676 crant
1041 4633 1066 4677 et
1093 4615 1684 4706 εῃἀπέθανεκαίάνίστη,οὗτοιᾶμαρτίρ
1700 4617 1769 4698 ἦσαν
1782 4618 1902 4691 ποιμένες.

392 4726 503 4792 peccato
516 4708 818 4768 resurrexeruntTerra
833 4705 1110 4790 itaquehoctempore
1161 4715 1205 4773 καί
1222 4716 1275 4775 ἀπὸ
1298 4715 1428 4797 ἁμαρτίας
1446 4715 1610 4788 ἀνέστησαν.
1625 4717 1661 4777 Ἡ
1685 4718 1736 4796 μὲν
1756 4710 1798 4777 ὧν
1817 4706 1900 4794 φῇιτί

392 4804 464 4862 reris
479 4823 561 4876 rosas,
576 4800 634 4859 iilia
654 4812 679 4857 et
706 4798 774 4857 alios
793 4797 870 4858 nohis
885 4799 963 4858 flores
984 4802 1106 4881 profert:
1159 4807 1204 4866 τὸν
1220 4807 1311 4888 καιρδν
1330 4812 1420 4867 τοῦτον
1440 4813 1486 4866 τοῦ
1508 4808 1589 4888 ἔαρος
1612 4810 1679 4891 ῥόδα
1696 4810 1743 4869 καὶ
1764 4809 1790 4866 ta
1807 4806 1844 4866 ui
1859 4802 1900 4859 itit

391 4919 466 4975 aquae
476 4909 564 4955 autem
573 4892 655 4952 hodie
668 4892 726 4973 ipsa
739 4905 809 4950 terra
824 4891 904 4971 longe
917 4894 1048 4953 amoenius
1060 4916 1108 4955 no·
1160 4903 1225 4975 ἡμῖν
1239 4899 1375 4958 ἐκδίδωσιν
1390 4900 1456 4970 ἄνθη
1467 4924 1473 4935 ·
1486 4900 1521 4958 τί
1537 4899 1633 4979 μέντοι
1658 4903 1745 4961 ὕδατα
1764 4894 1898 4978 etpumia

393 4989 433 5047 bis
448 5003 555 5070 pratum
561 4984 712 5046 ostendunt.
728 4985 783 5043 Nec
791 4984 909 5061 mireris,
917 4985 1026 5064 dilecte,
1039 4987 1063 5047 si
1072 5010 1106 5047 er
1158 4996 1208 5068 tit
1218 4990 1389 5071 τερπνότερον
1402 4996 1467 5069 ἡμῖν
1481 4993 1605 5070 λειμῶνα
1621 4993 1747 5062 ἀνέδειξε
1759 4990 1894 5067 tutetur

260 5081 297 5165 ⁰⁰.
305 5092 381 5162 ‘Q’
389 5081 465 5158 aquis
479 5094 553 5158 prata
568 5077 679 5137 floribus
693 5075 820 5135 distincta
834 5076 982 5157 prodierint
997 5102 1004 5135 :
1020 5101 1105 5159 neque
1159 5083 1255 5160 μοίρης,
1271 5082 1407 5163 ἀφαπητὲ,
1419 5087 1442 5143 εἰ
1457 5085 1511 5144 ἀπὸ
1525 5090 1578 5144 τῶν
1595 5087 1702 5146 ὑδάτων
1717 5078 1890 5164 urpach*

224 5160 353 5263 ριχιφριιιι
389 5172 458 5231 enim
475 5185 543 5228 terra
556 5171 591 5229 ab
601 5169 677 5228 initio
694 5167 840 5227 secundum
862 5171 1000 5250 propriam
1022 5186 1102 5231 natu·
1156 5177 1363 5257 ἀνεδείχθησαν·
1378 5177 1438 5235 οὐδὲ
1453 5177 1506 5258 γάρ
1521 5177 1547 5245 ἐξ
1565 5182 1656 5260 ἀρχῆς
1677 5168 1888 5258 ἡρῆχαςὰςίρά

253 5239 264 5277 ⁵
386 5285 444 5323 ram
463 5260 605 5320 herbarum
620 5260 740 5339 germina
761 5257 901 5340 fundebat,
921 5262 969 5323 sed
989 5264 1100 5325 Domini
1156 5267 1228 5328 κείαν
1244 5270 1319 5348 φύσιν
1333 5267 1380 5340 τὴν
1397 5269 1516 5348 βλάστην
1532 5268 1710 5338 {stammas
1726 5251 1884 5349 seomidi
