3764 5992
588 448 623 494 ιιι
651 444 899 510 ascensiones,
924 445 998 494 nau.
1491 431 1561 525 947

132 570 236 652 ίληψις,
256 569 319 650 περί
337 562 369 642 ἡς
388 570 445 630 νυνὶ
464 572 510 631 καλ
534 571 583 646 τὴν
604 572 788 654 πραγματείαν
805 576 823 624 Β
840 569 950 649 quando
961 569 1042 630 etiam
1055 568 1091 630 ad
1108 568 1258 652 discipulos
1269 590 1332 630 suos
1345 569 1496 709 inpressos,
1511 593 1563 654 pa-
1571 592 1640 637 Ιοιινι.
1656 607 1696 641 το.

131 656 177 710 θα·
191 649 302 729 πίμπτη
323 649 351 709 δὲ
368 653 420 711 τῶν
435 653 531 730 ἑορτῶν
545 655 621 724 ἐστι,
637 651 729 712 καθότι
742 650 789 712 καί
841 670 899 710 cem
912 649 968 709 illis
979 649 1056 729 quasi
1072 649 1216 731 premium
1228 649 1315 709 dedit.
1331 650 1377 711 Ua
1397 671 1422 725 e,
1433 650 1490 711 sine
1503 651 1561 712 ulla
1573 677 1627 722 m,
1640 675 1678 739 ¹4·
1758 668 1761 675 ·

143 730 232 812 ἡμέρα
242 734 289 801 fit
302 729 446 806 ἔὸδομάδυς
459 730 590 811 ἐπράχθη.
604 731 656 791 Διθι
669 736 748 791 τοῦτο
762 730 790 791 δί
842 729 1036 805 controversia,
1050 741 1136 789 mater
1144 729 1203 788 haec
1224 729 1365 803 festorum,
1376 743 1402 790 et
1414 729 1559 792 celeberri-

132 833 151 867 ιν
173 789 319 888 ὀφείλομεν,
342 807 434 881 ἐπειδὴ
458 808 573 949 'iffi
591 811 641 883 τἠν
664 809 789 892 ἀπαργὴν
843 829 887 867 ma
911 807 970 868 dies
993 807 1122 868 fidelibus
1144 830 1249 890 semper
1267 822 1306 867 ost
1327 807 1429 871 habita.
1443 809 1561 881 Quintus

132 887 167 947 ιτί
251 888 398 968 υράματος,
420 912 483 947 τουτ
532 913 557 962 ι,
578 889 626 962 τλν
650 880 790 970 σάρκα’ἐν
843 901 933 946 autem
946 888 1074 948 festorum
1095 887 1203 948 dierum
1218 902 1258 947 est
1268 887 1436 948 sanctissima
1449 890 1561 950 Domini

132 911 260 1047 ςλίροιυστός
271 966 397 1050 ἀνήγαγε.
410 970 461 1029 Διδ
470 968 516 1028 καὶ
526 973 541 1028 θ
551 967 697 1035 ἀπόστολος
707 967 791 1049 ἔλεγε·
843 965 878 1028 ad
893 967 971 1026 caelos
982 967 1121 1045 Ascensio,
1136 989 1217 1046 quam
1229 966 1311 1026 modo
1325 966 1491 1029 celebramus
1502 992 1509 1026 τ
1520 983 1562 1030 est

132 1070 164 1128 ιρε
183 1047 229 1106 καί
250 1047 504 1125 ουνεκάθισενὴμθς
520 1049 547 1107 lv
561 1056 615 1117 τοῖς
630 1049 792 1129 ἐπουρανίοις
843 1058 933 1105 autem
941 1046 1182 1106 baecfestivitatum
1189 1046 1296 1138 quinta,
1307 1045 1434 1125 quoniam
1444 1060 1470 1106 et
1480 1048 1561 1127 quin.
1585 1123 1590 1129 .

132 1129 177 1207 πῷ
191 1124 289 1197 Ἰησοῦ.
300 1124 383 1186 Ὅθεν
396 1131 410 1186 θ
424 1125 571 1207 θρχίκακος
585 1127 631 1187 καί
644 1131 692 1199 τῆς
705 1130 792 1213 ἁμαρ-
844 1140 872 1184 to
885 1124 1061 1185 hebdomadae
1075 1124 1120 1185 die
1133 1126 1274 1206 contingit.
1289 1128 1433 1207 Propterea
1441 1126 1561 1188 solenni-

132 1204 445 1278 ετὴςδιάύολος,διθτδν
453 1207 531 1286 όγκον
542 1206 792 1288 τὴςὶπάρσεωςκαί
842 1217 925 1264 tatem
938 1205 1016 1264 istam
1029 1204 1194 1265 celebremus
1207 1218 1323 1287 oportet,
1361 1204 1561 1284 uandoquidem

132 1283 259 1365 ρηροινίας
268 1285 313 1344 τδν
323 1292 413 1366 τῦφον,
428 1285 558 1361 ἐξέπεσεν,
570 1289 625 1345 ἐκεῖ
637 1290 676 1369 τῷ
687 1286 792 1366 μεγέθει
842 1282 924 1344 hodie
946 1284 1081 1366 primitias
1102 1297 1198 1344 nostrae
1220 1226 1366 1359 massanid
1386 1297 1437 1356 est,
1453 1307 1560 1346 carnem

132 1368 171 1422 τοῦ
180 1363 378 1448 φιλανθρωπίας
390 1365 435 1425 τδν
446 1364 489 1425 διδ
498 1370 546 1439 τῆς
556 1365 653 1426 ἐκείνου
663 1367 791 1440 κακίστης
842 1378 960 1423 nostram
982 1364 1009 1423 in
1032 1364 1111 1423 caelos
1128 1363 1252 1424 Christus
1269 1362 1389 1423 sustulit.
1405 1363 1512 1425 Idcirco
1533 1378 1561 1424 et

132 1440 181 1509 ιίας
195 1443 285 1502 διττοῦ
301 1443 462 1526 παραδείσου
478 1445 790 1526 ῖκδληθίνταάνθρωπον
840 1462 856 1501 a
893 1443 977 1503 stolus
1002 1442 1129 1502 dicebat:
1144 1446 1391 1503 Conresuser'tavit
1409 1456 1438 1503 et
1460 1457 1708 1519 consaeptueo.

132 1522 360 1595 ;άντικατίστησε.
372 1525 463 1602 Τιμῆς
475 1516 519 1584 σύν
532 1523 594 1593 ἀξία
607 1523 652 1583 καί
665 1548 787 1604 πνευμα-
861 1544 909 1582 ere
923 1525 998 1602 feeit
1017 1543 1069 1583 nos
1080 1527 1113 1582 in
1125 1523 1297 1601 celestibus,
1310 1527 1342 1581 in
1352 1523 1469 1583 Christo
1479 1525 1561 1587 Iesu.

132 1598 210 1680 ιρείας
219 1602 293 1673 καὶὴ
308 1606 430 1681 παροῦσα
443 1603 520 1683 ἐορτὴ
534 1604 705 1676 καθέστηκεν.
718 1603 787 1663 Ἀλλ’
839 1600 922 1661 Unde
931 1615 1026 1661 auctor
1037 1601 1126 1661 omnis
1136 1602 1201 1660 mali
1214 1615 1241 1660 et
1254 1601 1378 1661 inventor
1386 1603 1489 1682 peccati
1500 1602 1560 1663 dia·

132 1679 191 1739 emt
207 1683 304 1761 ἑορτῶν
329 1681 440 1761 θριθμδν
461 1681 530 1741 κατὰ
551 1682 599 1750 τδς
619 1681 721 1764 ἡμέρας
742 1686 790 1755 τῆς
840 1678 928 1755 bolus,
943 1701 1041 1761 proper
1055 1693 1188 1740 tumorem
1201 1680 1325 1739 elationis
1338 1694 1364 1739 et
1385 1681 1493 1741 fumum
1507 1703 1558 1741 su-

132 1757 192 1825 ιιίας
216 1763 255 1825 ἐν,
268 1763 339 1841 ἀρχῇ
364 1766 411 1819 τοῦ
438 1759 517 1842 λόγου
541 1761 788 1841 ἐμνημονεύσαμεν,
874 1757 1070 1836 rbiae,excidit,
1081 1759 1120 1818 ibi
1128 1756 1496 1838 magnitudinebenignitatis
1504 1781 1560 1821 suae

132 1837 138 1896 l
151 1837 197 1897 καί
211 1838 288 1914 μόνον
302 1839 382 1919 μέχρι
391 1846 438 1900 τοῦ
448 1840 576 1921 παρόντος
589 1840 682 1921 ἑορτάς
691 1840 788 1909 ίδείξα-
803 1842 823 1892 G
859 1838 985 1913 ominem,
996 1839 1113 1930 pessimo
1136 1837 1212 1896 illius
1234 1837 1345 1896 oonsilio
1364 1837 1487 1918 paradiso
1506 1841 1561 1921 eje·

132 1938 152 1972 νν
171 1916 227 1975 ἔστί
246 1917 293 1976 καί
310 1917 359 1985 τὰς
379 1919 462 1987 άλλας
479 1919 523 1979 δύο
543 1920 634 2002 ίσρτίις
651 1924 689 1988 εἰς
709 1921 788 1998 μέσον
840 1930 923 1993 ctum,
940 1917 1064 1977 Christus
1082 1917 1207 1977 restituit.
1222 1916 1304 1975 Omni
1319 1915 1403 1996 igitur
1414 1917 1515 1979 bonore
1534 1933 1562 1979 et

132 1985 195 2066 ,εἶθ’
209 1995 290 2063 οὕτως
304 1996 349 2056 ἐπὶ
359 1996 407 2070 τὴν
423 1999 599 2134 προκειμίνην
613 1998 730 2077 ἱστορίαν
742 2000 788 2060 τὸν
839 1995 959 2077 spiritali
973 1996 1069 2056 chorea
1079 1996 1163 2075 digna
1174 2009 1214 2054 est
1227 2016 1343 2075 praesens
1353 1995 1493 2057 festivitas.
1505 1998 1565 2067 sed,

132 2075 359 2153 ειροιγωγήσωμεν.
375 2074 463 2151 Ἐκτη
480 2100 512 2138 το
523 2101 567 2136 νυν
580 2078 636 2137 ἐστὶ
654 2082 707 2138 τῶν
726 2081 787 2158 ίορ-
858 2075 966 2134 uoniam
980 2089 1079 2156 septem
1090 2075 1220 2136 festorum
1233 2095 1385 2150 numerum,
1400 2097 1451 2156 pro
1459 2076 1561 2136 ratione
1672 2144 1676 2154 ¹

132 2174 176 2226 ιτη
188 2154 357 2235 πανεύρημος
372 2155 461 2236 ἡμίρα
476 2160 524 2228 τῆς
539 2156 729 2236 ἐπιφοιτὴσεως
742 2164 788 2217 τοῦ
838 2096 945 2213 dierum
951 2154 1093 2213 creationis
1112 2153 1219 2228 mundi,
1230 2153 1257 2211 in
1277 2153 1414 2234 principio
1430 2158 1561 2216 sermonis

132 2232 283 2311 θεάματος,
304 2237 363 2294 καθ’
377 2236 409 2308 ἡν
430 2244 485 2303 τοῖς
499 2233 583 2315 άγίοις
598 2235 755 2303 ἀποστόλοις
769 2241 787 2309 ἡ
839 2232 917 2292 vobis
932 2233 960 2293 in
973 2233 1132 2292 memoriam
1149 2230 1320 2309 reduximus,
1334 2233 1453 2311 quinque
1469 2250 1560 2294 autem

132 2313 262 2390 ταγγελίαν
288 2313 495 2394 προσδοκωμένη
524 2313 611 2398 δωρεά
635 2319 683 2374 τοῦ
712 2315 787 2396 άγίου
839 2312 927 2371 solum
950 2313 1080 2372 haetenus
1106 2311 1263 2370 festivitates
1288 2311 1475 2372 ostendimus:
1491 2313 1559 2374 alias

132 2412 171 2458 τος
190 2393 217 2449 ἐν
234 2391 298 2451 εῖδει
311 2392 426 2473 πυρίνων
439 2397 566 2474 γλωσσῶν
585 2393 698 2475 παρθΧ
717 2402 789 2456 ιστοῦ
839 2411 946 2470 quoque
970 2389 1039 2449 duas
1056 2390 1084 2448 in
1104 2389 1225 2449 medium
1247 2388 1414 2451 adducamus
1434 2412 1451 2450 o
1470 2405 1556 2470 ortet,

132 2472 177 2528 νῶν
198 2470 348 2545 ἀπεστάλη,
362 2470 422 2543 ἡτις
434 2473 481 2533 καί
493 2473 659 2547 πεντηκοστὴ
675 2417 719 2532 iel
738 2473 787 2546 τὴν
839 2483 920 2549 atque
931 2471 968 2530 ita
982 2469 1018 2529 ad
1032 2469 1183 2528 institutam
1203 2469 1426 2528 narrationemd
1462 2485 1558 2531 ucatur

132 2547 313 2628 διίύδομάδων
325 2551 433 2629 ουμπλὴ
475 2575 516 2611 σιν
527 2553 680 2631 ὠνομάσθη.
694 2551 787 2611 Ἀναν-
839 2550 933 2609 oratio.
948 2550 1032 2610 Sexta
1047 2548 1132 2628 igitur
1140 2549 1270 2607 festorum
1291 2547 1432 2625 celebritas
1445 2563 1495 2628 est,
1512 2550 1559 2610 be·

132 2650 147 2692 ς
165 2620 209 2686 olo
223 2629 269 2686 καί
289 2627 355 2701 αύτη
372 2575 524 2710 ἑορτλωτοῖς
543 2631 662 2692 εύοεύέσι
675 2629 787 2712 μεγίστη
839 2628 945 2688 nedicta
966 2629 1024 2687 dies
1041 2627 1182 2688 Adventus
1201 2625 1320 2707 Spiritus
1340 2628 1434 2703 sancti,
1448 2629 1558 2707 quando

133 2727 188 2765 κεν.
207 2706 329 2785 (Εόδόμη
346 2709 423 2791 ἑορτὴ
436 2716 454 2783 ἡ
468 2709 676 2792 προσδοκωμένη
698 2709 787 2790 ἡμίρα
838 2708 938 2768 sanctis
953 2706 1082 2789 apostolis
1094 2719 1278 2797 exspectatum
1289 2727 1321 2765 ac
1333 2706 1495 2786 promissum
1508 2708 1558 2769 do·

132 2784 310 2854 resisteretur
324 2793 422 2868 νεκρῶν
455 2789 503 2862 τλν
517 2787 569 2869 γὰρ
582 2788 677 2851 ἐλπίδα
689 2788 787 2864 ταύτην
838 2788 936 2847 numS
957 2787 1034 2846 iritus
1049 2786 1132 2846 sancti
1149 2807 1177 2845 rn
1191 2785 1280 2866 specie
1297 2785 1454 2863 linguarum
1466 2787 1557 2867 ignea-

132 2863 142 2921 l
155 2863 373 2945 ἀπεκδεχόμεθα)
382 2912 391 2942 ,
400 2871 455 2938 ίνη
470 2867 588 2946 μίλλειθ
603 2869 787 2948 φιλάνθρωπος
838 2887 924 2925 ruma
935 2809 1043 2925 {bristo
1051 2865 1168 2925 Domino
1176 2864 1211 2923 de
1219 2865 1292 2923 eaelis
1302 2866 1429 2924 emissum
1439 2880 1488 2941 est,
1498 2889 1557 2946 quae

133 2944 322 3017 υσωπόληπτος
335 2931 460 3019 δικαστὴς
474 2947 588 3027 Χριστδς
600 2953 615 3007 θ
629 2946 699 3016 Θεὸς
709 2943 786 3025 ἡμῶν
837 2959 863 3004 et
871 2948 1027 3006 Pentecoste
1035 2944 1070 3004 ob
1077 2958 1178 3026 septem
1185 2943 1419 3005 hebdomadarum
1427 2946 1559 3036 expletio·

132 3044 169 3079 ναι
188 3021 292 3104 ἑκάστῳ
307 3023 376 3083 κατά
394 3025 428 3085 τά
449 3025 513 3105 ἔργα
525 3029 612 3086 αὐτοῦ.
625 3025 699 3100 Αύτη
715 3027 785 3088 ἐστίν
800 3047 821 3095 1)
837 3046 899 3085 nem
911 3024 1083 3085 denominata
1098 3037 1147 3084 est.
1162 3023 1226 3084 Sine
1238 3024 1419 3084 controversia
1432 3023 1516 3103 igitur
1528 3041 1555 3086 et

133 3123 145 3166 ς
156 3101 336 3177 κατάπαυσις,
353 3106 386 3163 δι’
399 3103 433 3175 ἡν
443 3106 513 3164 καὶθ
526 3104 671 3172 ἀπόστολος
682 3108 787 3177 Παῦλος
836 3103 895 3164 baec
916 3105 1042 3165 omnibus
1055 3102 1108 3185 piis
1123 3103 1241 3163 maxima
1254 3103 1398 3162 solennitas
1410 3105 1554 3164 constituta

132 3179 323 3257 Σπουδάσωμεν
336 3185 459 3242 εἰσελθεῖν
475 3187 512 3251 εἰς
525 3184 626 3256 ἐκείνην
640 3183 688 3256 τὴν
703 3187 786 3246 κατά·
836 3196 884 3244 est.
895 3184 1015 3265 Septima
1028 3181 1168 3259 festivitas,
1183 3204 1243 3262 quae
1258 3197 1440 3264 exspectatur,
1452 3199 1492 3243 est
1502 3187 1555 3244 Re·

141 3257 210 3318 Τότε
224 3259 308 3318 τοίνυν
332 3260 378 3319 καί
400 3262 516 3337 μάλιστα
536 3264 613 3343 toperi
636 3275 723 3345 χαρᾶς
739 3267 785 3326 καί
834 3265 1009 3324 surrectionis
1022 3277 1189 3323 mortuorum
1208 3261 1275 3335 dies,
1296 3264 1373 3342 cujus
1389 3283 1436 3342 spe
1458 3285 1491 3321 ac
1504 3263 1554 3322 de-

132 3360 171 3408 ιης
189 3337 236 3397 καί
257 3340 439 3416 ἀγαλλιάσεως
451 3341 649 3425 πεπληρωμένη
669 3344 724 3403 ύπά
760 3369 784 3405 ει
834 3341 933 3401 siderio
951 3343 1041 3403 cuncti
1062 3341 1154 3402 fideles
1167 3341 1328 3414 detinemur,
1343 3340 1453 3418 quando
1467 3343 1553 3401 veniet

132 3418 208 3476 λουσι
231 3420 413 3499 κληρονομεῖν,
436 3419 469 3480 Ἃ
490 3423 623 3500 ύρθαλμδς
643 3424 722 3481 οὔκε
750 3446 781 3497 ε,
833 3422 967 3480 Dominus
982 3421 1067 3498 etqui
1083 3419 1191 3478 nullum
1209 3439 1384 3498 personarum
1403 3434 1554 3498 respectum

132 3496 295 3572 νύκὴκουσε,
313 3499 359 3558 καί
379 3499 424 3558 ἐπί
445 3498 555 3578 καρδίαν
577 3499 715 3579 ἀνθρώπου
734 3504 782 3563 οὐκ
832 3498 923 3575 habet,
932 3499 1021 3579 judex
1043 3498 1168 3558 Christus
1189 3498 1263 3555 Deus
1282 3511 1382 3568 noster,
1396 3496 1554 3558 redditurus

132 3574 146 3632 l
170 3575 314 3654 ἡτοίμασεν
333 3582 347 3637 θ
363 3576 431 3645 Θεὸς
452 3588 508 3644 τοῖς
530 3580 668 3657 ἀγαπῶσιν
693 3581 780 3642 αὐτόν.
832 3577 978 3657 unicuique
988 3576 1136 3637 seeundum
1146 3596 1226 3656 opera
1238 3597 1295 3635 sua.
1308 3575 1371 3634 Haec
1386 3596 1450 3636 vera
1461 3591 1501 3636 cst
1511 3599 1552 3637 re·

132 3655 275 3731 ἀγαπητοί,
297 3654 430 3734 εὖξιύμεθα
447 3656 493 3716 καί
510 3663 587 3735 ἡμεῖς
606 3659 779 3736 συνεορτάοαι
829 3657 916 3736 quies,
929 3670 1012 3736 atque
1026 3655 1087 3716 ideo
1100 3656 1195 3715 beatus
1206 3655 1342 3734 apostolus
1364 3655 1465 3714 Paulus
1479 3656 1554 3716 dico·

132 3732 183 3802 ίοις
196 3736 222 3794 ἐν
239 3738 277 3814 τῷ
292 3739 411 3816 νυμφῶνι
425 3741 472 3808 τῆς
487 3735 621 3814 βασιλείας
635 3743 686 3799 τῶν
698 3741 778 3819 οὔροι-
828 3736 895 3796 bat:
920 3740 1105 3797 Festinemus
1119 3736 1232 3815 ingredi
1257 3738 1288 3791 in
1304 3734 1390 3792 illam
1410 3740 1550 3815 requiem.
1563 3749 1619 3796 liet.
1632 3749 1655 3812 4.
1666 3767 1703 3801 ιι.

132 3811 199 3870 ιύνσν
212 3814 278 3891 πρὸς
292 3814 356 3892 μίαν
370 3815 482 3895 ἡμέραν,
496 3814 514 3886 ἢ
526 3816 581 3887 δύο,
595 3815 612 3887 ἢ
624 3828 703 3896 τρεῖς,
717 3821 777 3879 ἀλλ’
829 3817 909 3875 Tunc
922 3816 1008 3897 igitur
1017 3816 1061 3874 vel
1071 3814 1188 3874 maxime
1196 3813 1336 3873 celebritas
1346 3814 1435 3873 omnis
1445 3815 1536 3893 gaudii
1539 3862 1549 3895 ,

133 3890 243 3962 υτὴτους
254 3897 359 3960 αἰῶνας.
370 3897 396 3953 Τ
397 3901 517 3974 σιγαροῦν
528 3898 582 3955 τῶν
599 3895 668 3954 ἑπτά
679 3901 777 3979 ἑορτῶν
827 3894 930 3955 laetitiae
947 3908 973 3955 et
984 3893 1171 3956 exsultationis
1185 3891 1294 3974 impleta
1310 3893 1360 3951 erit
1369 3894 1403 3952 iis
1416 3896 1462 3972 qui
1471 3895 1551 3954 hore-

132 3972 297 4050 δειχθεισῶν,
308 3974 353 4031 ἐπί
361 3974 391 4032 τὸ
400 3973 572 4074 προκείμενον
581 3976 776 4057 ἐπανέλθωμεν.
827 3974 913 4035 ditate
931 3973 1106 4056 possidebunt
1123 3995 1165 4046 ea,
1185 3974 1256 4051 Quoe
1269 3973 1370 4031 oculus
1383 3996 1442 4032 non
1454 3978 1583 4050 vidum.
1593 3983 1703 4046 coeno.

138 4051 478 4132 ἡμῖνπερίτῆςπαρσυοης
497 4056 524 4113 ἑο
556 4058 777 4136 ”ς.πη“ςίνούρα-
827 4068 856 4114 et
869 4059 951 4115 auris
966 4077 1025 4113 non
1047 4056 1172 4125 audivit,
1190 4065 1218 4111 et
1234 4057 1266 4110 in
1279 4073 1331 4111 cor
1343 4055 1470 4112 bominis
1491 4077 1551 4114 non

132 4128 182 4187 ιδὲ
191 4133 292 4200 τῆςτοῦ
304 4134 420 4211 Χριστοῦ
431 4078 595 4211 ἀναλὴύετοίς,
604 4135 635 4194 τὸ
646 4134 775 4215 διὴγημα.
827 4137 1053 4208 adscenderunt,
1066 4154 1132 4214 quae
1143 4135 1224 4191 Deus
1244 4137 1423 4211 praeparavit
1442 4136 1479 4191 iis
1500 4139 1553 4213 qui
1598 4163 1604 4169 ·

132 4231 147 4266 ν
161 4208 196 4286 γδι
223 4208 323 4289 είρηκε·
336 4212 390 4271 Καὶ
403 4210 501 4271 ἔκλινεν
514 4210 645 4294 οὐρανοὺς,
663 4216 710 4274 καὶ
724 4238 775 4276 κα·
790 4232 809 4279 Ε
827 4215 955 4305 diligunt
974 4215 1068 4272 illum.
1083 4215 1228 4275 Preccmur
1241 4232 1304 4290 ergo
1319 4224 1345 4268 et
1356 4232 1415 4286 nos,
1429 4211 1551 4272 dileetis-

132 4232 385 4505 euterio:
398 4291 583 4430 tituto·
596 4292 777 4447 θεῖνε
826 4292 1157 4433 terrasteiras
1169 4290 1321 4429 sitiet
1344 4290 1549 4431 stituit

132 4444 225 4506 δεπεν
244 4451 258 4506 θ
312 4449 371 4516 τοὺς
387 4394 472 4518 itote<
491 4397 633 4522 αύτσῦῖίιςδ
652 4400 775 4537 &illinita
826 4452 907 4511 modo
921 4451 956 4511 ad
976 4473 1072 4527 unum,
1091 4450 1161 4511 duos
1175 4449 1219 4508 vel
1239 4462 1293 4508 tros
1313 4392 1545 4511 diesdumtaixat:

132 4550 155 4583 ,α
167 4530 215 4597 τῆς
225 4527 346 4601 θεότητος
356 4528 498 4609 γνωρίζων·
508 4529 632 4598 ὥστεκαὶ
641 4533 775 4611 ἄγνωστος
825 4532 873 4592 sed
889 4532 917 4591 in
930 4533 1093 4622 sempiterna
1112 4529 1220 4589 saecula.
1236 4529 1344 4609 Septem
1360 4529 1450 4608 itaque
1466 4531 1548 4590 sesto-

132 4607 217 4672 ολλοῖς
228 4610 245 4678 ἡ
261 4610 340 4668 αὐτοῦ
350 4609 483 4689 παρουσία
495 4609 538 4669 διὰ
547 4611 578 4671 τὸ
589 4612 712 4672 ταπεινὸν
727 4612 773 4672 καί
824 4633 886 4670 rum
895 4611 1097 4671 celebritatibus
1108 4610 1147 4668 sio
1157 4630 1173 4668 a
1184 4608 1261 4668 nobis
1279 4609 1418 4689 expositis,
1430 4608 1465 4668 ad
1476 4610 1548 4670 illud

132 4684 202 4744 Ιάλιν
222 4686 273 4765 γάρ
286 4693 301 4747 θ
316 4688 392 4754 αὐτὸς
405 4688 544 4768 προρύτης
560 4691 641 4770 λέγει·
670 4692 770 4772 Κύριε,
824 4691 859 4751 de
870 4713 924 4770 quo
933 4692 1024 4770 agitur
1036 4703 1210 4749 revertamur.
1221 4687 1271 4747 Est
1280 4702 1370 4747 autem
1381 4688 1460 4747 nobis
1469 4689 1547 4748 insti-

132 4763 204 4844 ,άσσῃ
218 4771 235 4837 ἡ
249 4767 306 4834 ὁδός
316 4790 383 4837 σου,
399 4768 443 4827 καὶ
456 4771 483 4826 αἱ
496 4770 582 4849 τρίύοι
594 4795 640 4830 σου
655 4773 682 4830 ἐν
694 4770 771 4832 ύδαοι
825 4784 881 4830 tuta
891 4769 1051 4830 narratiode
1059 4769 1183 4850 praesenti
1193 4769 1259 4826 sesto
1268 4767 1436 4847 ascensionis
1443 4765 1545 4829 Christi

139 4842 185 4902 καί
202 4843 237 4903 τά
253 4843 315 4926 ίχνη
330 4871 377 4907 σου
395 4851 424 4908 οὗ
446 4849 655 4925 γνωσθὴσονται.
672 4853 707 4910 El
720 4851 772 4934 γὰρ
824 4852 853 4910 in
878 4853 965 4927 caelos,
977 4849 1012 4909 de
1034 4870 1088 4929 quo
1100 4847 1190 4908 David
1219 4846 1309 4906 dixit:
1322 4850 1365 4907 Et
1388 4849 1622 4914 inclinaverant.
1643 4881 1679 4928 ιγ.

132 4923 215 5001 ρησλν,
228 4927 275 4983 οὐκ
297 4925 329 4983 ἂν
348 4926 392 4986 τδν
407 4925 504 5006 Κύριον
517 4933 565 5000 τῆς
586 4931 772 5008 δόξηςίοταύ-
825 4931 922 5003 coelos,
933 4943 962 4989 et
971 4930 1130 4999 deseendit,
1140 4941 1168 4988 et
1177 4928 1273 5008 caligo
1280 4930 1333 4987 sub
1340 4928 1462 5006 pedibus
1469 4931 1543 5009 ejus.-
1556 4944 1593 4978 ¹0·
1657 4999 1659 5002 Α

132 5003 163 5060 οιὶ
177 5002 259 5062 πάλιν
273 4996 359 5064 εἶπεν·
376 5005 481 5079 ’Enete
491 5008 536 5068 ἐπί
547 5010 693 5090 Χερουύίμ,
709 5013 771 5070 ἐπι·
826 5009 914 5070 divini
929 5009 1031 5070 seilicet
1041 5007 1152 5068 Verbie
1165 5007 1238 5067 caelis
1251 5027 1333 5088 super
1343 5018 1429 5067 terras
1443 5006 1545 5069 adven·

132 5081 147 5139 :l
168 5083 307 5163 πτερύγων
326 5086 439 5164 ἀνέμων.
458 5086 524 5147 Ἐπὶ
541 5089 676 5168 Χερουάιμ
696 5080 773 5162 elne,
826 5104 885 5148 tum
896 5089 1039 5168 designare
1051 5089 1152 5147 volens.
1165 5086 1315 5167 Caliginem
1325 5107 1390 5147 vero
1403 5086 1455 5147 sub
1467 5088 1546 5169 podi-

132 5163 184 5228 ’ντὸς
200 5162 245 5222 καὶ
268 5167 295 5223 lv
317 5166 435 5247 οὐρανοῖς
455 5165 502 5225 σὺν
520 5171 559 5248 τῷ
573 5169 662 5249 Πατρὶ
675 5168 713 5230 ὢν
729 5169 773 5228 ἐπὶ
826 5169 879 5228 bus
893 5171 951 5251 ejus
964 5168 1046 5239 dixit,
1062 5166 1251 5227 indumentum
1264 5165 1417 5228 divinitatis
1446 5189 1545 5230 ercar-

132 5241 202 5320 ιυύίμ
228 5246 371 5325 ἐπωχεῖτο·
399 5245 444 5306 καλ
471 5246 517 5307 σὺν
544 5248 690 5330 ἀνθρώποις
723 5251 775 5332 γάρ
828 5271 888 5308 nem
908 5248 1080 5330 significanst
1095 5246 1247 5327 incognitus
1265 5245 1367 5330 quippe
1388 5188 1474 5330 vulgo
1486 5261 1546 5311 erat
