3764 5992
114 422 176 472 Vlll
792 414 977 463 romonolo.

112 545 283 608 accuratione
296 540 452 604 emendatas
466 539 611 601 edidimus.
627 539 771 615 Qniavero
784 540 925 621 temporis,
940 557 995 619 quo
1013 536 1120 618 scripta
1141 535 1197 597 illae
1209 537 1324 613 lucram,
1347 535 1470 598 ordinem
1494 539 1571 600 nulla
1588 542 1657 609 arte}

112 638 189 700 nullo
197 637 290 698 labore
298 633 404 716 assqrd
416 647 580 716 poteramus,
595 631 738 692 Frontonis
753 630 847 691 Ducai
860 630 956 691 seriem
963 630 1040 710 sequi
1050 630 1141 691 risum
1151 642 1199 690 est.
1209 628 1269 689 Etsi
1278 630 1350 689 enim
1364 631 1474 691 omnino
1481 633 1660 714 conspicuum

109 726 286 810 sitqnnsdam
302 747 395 788 earnm
405 724 614 804 antealiasquae
626 724 685 805 jam
705 722 832 784 inEdito
849 722 1005 805 precedunt
1021 722 1135 804 scriptas
1156 722 1247 798 luisse,
1260 743 1323 782 cum
1337 723 1456 784 maxima
1470 746 1534 805 pars
1547 726 1658 784 illarum

110 821 216 881 nnllam
227 840 284 902 pra
295 840 324 880 se
332 816 643 898 ierattemporisnotam,
652 836 706 875 non
715 815 838 875 consulto
847 815 1011 889 fecissemus,
1023 815 1185 894 siquasdam
1191 836 1307 874 earnma
1317 815 1431 898 pristino
1442 816 1502 878 luco
1511 817 1659 880 amovisse·

111 935 184 987 mus,
197 912 293 974 incerti
305 931 372 971 num
386 909 452 983 illa,
467 905 662 990 quasapriscis
675 907 785 968 sedibus
796 907 1046 985 deturbaveramns,
1061 921 1123 967 ante
1143 906 1211 967 alias
1221 928 1313 967 omnes
1327 919 1466 987 sequentes
1478 909 1548 969 data
1561 924 1657 970 essent.

152 1006 239 1067 Extra
253 1024 397 1065 numerum
410 1001 526 1061 abarum
537 1002 704 1082 praemiserat
718 1001 820 1061 Fronto
832 1001 950 1060 Duceus
966 999 1045 1060 binas
1054 999 1091 1059 ad
1101 1000 1285 1059 Innocentium
1308 999 1476 1081 Episcopum
1502 1005 1657 1062 Romanum

114 1090 263 1180 Epistulas,
274 1115 377 1156 necnon
390 1093 468 1153 illam
480 1113 541 1173 quae
555 1091 591 1151 ad
604 1091 744 1174 episcopos
760 1104 787 1152 et
801 1091 974 1174 presbyteros
989 1092 1018 1152 in
1031 1112 1137 1151 carcere
1149 1091 1293 1151 inclusosa
1312 1093 1507 1173 chrysostomo
1519 1092 1659 1152 exsulante

113 1189 214 1270 scripta
225 1187 289 1263 luit3
300 1187 328 1246 in
339 1185 392 1245 hoc
408 1185 489 1244 etiam
511 1186 644 1244 Dttcaum
657 1183 805 1263 sequimur.
821 1185 927 1246 Verum
937 1197 999 1265 post
1011 1183 1137 1265 epistolas
1158 1183 1432 1264 Chrysostomi,duas
1449 1183 1598 1245 Innocentii
1610 1205 1659 1264 pa·

113 1301 156 1363 pe
168 1302 203 1342 ex
213 1281 362 1343 Sommeno
375 1290 502 1359 exceptas
513 1275 632 1350 edimus,
647 1298 708 1357 qua
722 1279 786 1357 quia
799 1274 836 1336 ad
849 1296 917 1349 rem,
937 1274 1037 1355 quade
1050 1274 1097 1334 hic
1107 1274 1207 1355 agius,
1229 1275 1339 1335 omnino
1350 1277 1494 1357 pertinent,
1505 1277 1592 1336 miror
1604 1297 1658 1355 qno

112 1387 192 1455 pacto
208 1373 236 1433 in
250 1373 329 1454 prius
339 1368 430 1431 Editis
443 1369 548 1430 amimae
559 1369 670 1429 inerint.
694 1368 746 1428 His
754 1367 946 1451 subjunximus
967 1367 1091 1428 Sacram
1111 1366 1224 1428 Honorii
1238 1367 1370 1447 Augusti;
1394 1369 1500 1429 Sacros
1521 1369 1660 1450 appellem

113 1464 237 1526 solebant
255 1462 383 1545 epistolas
399 1460 599 1543 Imperatoriae.
619 1461 652 1521 ln
673 1460 726 1521 hac
749 1469 811 1522 vcro
832 1459 868 1520 de
888 1458 1009 1519 tumultu
1030 1458 1324 1541 Constantinopolitano
1348 1459 1376 1519 in
1398 1460 1525 1541 ejectione
1538 1461 1659 1543 chryso-

115 1555 197 1616 stomi
210 1554 290 1614 unice
300 1553 408 1634 agitur,
430 1553 546 1634 ideoque
564 1573 618 1613 non
631 1551 726 1614 debuit
740 1553 768 1612 in
781 1551 881 1612 hanam
888 1551 1076 1632 Epistularum
1084 1550 1153 1612 serie
1164 1551 1341 1633 praetermitti.
1365 1552 1523 1631 Sequuntur
1534 1553 1660 1613 ducenta

113 1646 294 1728 quadraginta
307 1645 369 1705 dna
375 1644 505 1727 Epistola
518 1644 718 1726 chrysostomi,
730 1664 847 1725 quarum
865 1642 1056 1724 septemdecim
1077 1643 1181 1724 priores
1193 1642 1227 1702 ad
1237 1643 1442 1725 Olympiadem,
1458 1658 1560 1705 catera
1569 1645 1606 1706 ad
1618 1645 1661 1705 di-

113 1752 275 1800 vcrsossunt
284 1737 385 1815 missae,
400 1757 516 1816 qnorum
527 1736 638 1796 uomina
648 1735 732 1808 hahes
743 1734 913 1818 alphabetico
921 1734 1016 1796 ordine
1023 1735 1052 1794 in
1063 1735 1179 1810 Monito,
1189 1735 1237 1794 ubi
1248 1736 1329 1796 mam
1341 1757 1464 1797 numeros
1472 1736 1662 1818 Epistularum

113 1830 151 1892 nd
161 1831 283 1911 singulos
296 1828 606 1910 missammadjecimus.
620 1827 665 1888 Ex
675 1828 719 1888 his
741 1841 832 1887 auum
844 1826 975 1908 Epistolis
988 1826 1107 1907 quinque
1120 1826 1157 1887 ad
1167 1827 1266 1887 calcem
1275 1829 1379 1909 posite,
1393 1829 1523 1889 nimirum
1533 1830 1662 1892 ducente·

114 1921 184 1982 sima
199 1920 338 2001 trigesima
349 1920 472 2002 septima,
481 1918 554 2006 258,
571 1922 641 1995 259,
651 1921 722 1998 ato,
733 1934 760 1979 et
770 1920 839 1997 Pil,
850 1939 903 1979 non
918 1919 1117 2003 chrysostomi,
1131 1918 1177 1979 scd
1190 1921 1339 1980 constantii
1352 1922 1504 2003 presbyteri
1518 1938 1593 2002 sunt,
1608 1923 1663 1986 viri

115 2016 202 2074 sancti
210 2027 240 2074 'et
253 2013 449 2096 Chrysostomo
462 2010 655 2091 addictissimi,
670 2025 702 2073 ut
714 2011 745 2073 id
754 2011 861 2073 ldonito
870 2009 907 2072 ad
916 2009 1024 2073 ιιιάιω
1037 2023 1097 2071 tum
1106 2031 1141 2072 ex
1152 2011 1226 2093 stylo
1236 2025 1295 2072 tum
1304 2013 1465 2075 auctoritate
1478 2014 1588 2076 Godicis
1599 2018 1663 2078 Ve-

114 2105 201 2167 'tioani
210 2105 397 2187 probavimus.

155 2196 341 2279 Epistularum
361 2218 458 2278 agmen
467 2196 570 2258 clandit
584 2196 759 2258 celeberrima
780 2194 880 2257 illaad
897 2191 1045 2255 caesarium
1064 2193 1228 2255 monachum
1248 2195 1371 2278 Epistola
1389 2219 1450 2277 quae
1459 2211 1663 2260 totcuntrover-

115 2289 219 2350 'siarum
235 2309 328 2349 anmm
342 2289 471 2371 prebuit,
486 2303 517 2349 nt
528 2290 557 2351 in
568 2289 675 2350 Monito
688 2303 751 2350 ante
764 2289 886 2351 eamdem
895 2287 984 2369 posito
997 2285 1091 2348 ridere
1102 2287 1175 2347 licet.
1192 2286 1262 2347 Eam
1276 2310 1357 2371 porro
1368 2290 1562 2372 Chrysustomo
1573 2292 1664 2352 allatis

116 2380 222 2441 ibidem
234 2379 365 2441 decausis
385 2379 603 2462 abjudicarimns
619 2405 627 2440 ι
639 2401 770 2463 speroque
774 2381 834 2463 jem
845 2379 953 2440 nullum
970 2379 1006 2441 de
1018 2379 1123 2441 calculo
1136 2394 1228 2439 contra
1237 2382 1348 2443 serendo
1362 2384 1544 2465 cogitatarum
1555 2401 1620 2444 esse.
1632 2385 1664 2446 Si

117 2473 179 2553 quis
189 2473 273 2551 enim,
285 2472 315 2533 in
328 2472 514 2554 cbrysostomi
527 2473 643 2554 γνησίων
657 2494 771 2555 operum
785 2472 899 2534 lectione
908 2493 962 2533 non
982 2473 1089 2554 hospes,
1100 2473 1219 2532 conferat
1229 2473 1349 2553 ejusdem
1357 2475 1486 2558 Epistola
1497 2478 1596 2538 craeca
1608 2479 1664 2538 ira-

116 2578 238 2644 'gmenta,
249 2585 310 2644 quae
321 2585 394 2626 nunc
407 2565 487 2646 plura
497 2566 670 2646 auctioraque
678 2565 787 2639 damus,
796 2586 859 2626 cnm
866 2564 1001 2646 germanis
1010 2557 1197 2647 cbrysostomi
1207 2566 1343 2647 operibus,
1352 2567 1376 2627 is
1387 2568 1556 2630 hauddubie
1568 2571 1665 2633 fatebi-

116 2656 163 2719 tur
174 2658 279 2717 nnllam
292 2658 398 2739 uspiam
406 2671 510 2718 tantam
522 2678 663 2719 occurrere
672 2658 739 2740 styli
748 2657 942 2719 diversitatem.
956 2657 1048 2739 Hujus
1057 2657 1198 2738 Epistola,
1205 2657 1287 2739 paulo
1300 2671 1442 2738 postquam
1451 2661 1526 2742 typis
1534 2661 1611 2721 illam
1618 2662 1666 2722 de·

117 2748 223 2828 decana,
231 2749 419 2832 apographum
430 2763 525 2810 nactus
534 2770 596 2810 sum
604 2748 640 2810 ad
654 2750 738 2810 fidem
747 2749 847 2811 vetem
857 2749 1037 2832 blanuscripti
1047 2763 1212 2823 exsumtnm,
1224 2772 1259 2811 ex
1271 2739 1362 2811 aliout
1374 2751 1483 2812 videtur
1493 2753 1603 2831 codice,
1611 2776 1665 2815 non

119 2841 155 2901 ab
163 2862 195 2902 eo
208 2861 244 2901 ex
256 2861 311 2922 qno
321 2839 462 2902 Emericns
473 2840 599 2922 Bigotius
618 2840 808 2923 apographum
820 2839 1006 2922 descripserat.
1025 2840 1094 2923 Ejus
1102 2840 1149 2902 hic
1158 2842 1248 2903 varias
1261 2843 1387 2903 lectiones
1399 2846 1577 2926 perscribam.
1591 2852 1666 2930 Apo-

120 2931 225 3014 grapbo
236 2931 295 2993 hec
316 2945 380 2993 nota
398 2932 592 3014 premittitur:
607 2934 658 2994 Ee
677 2933 784 2995 codice
806 2935 1030 2994 membranaceo
1050 2934 1127 2994 iiber
1148 2937 1228 2995 lreati
1239 2935 1416 3009 Athanasii,
1441 2937 1668 3022 Archiepiseopt'

122 3023 155 3085 A
157 3024 321 3085 leaaudmoe
331 3029 564 3107 contraimpium
574 3026 785 3108 Apollinarem
796 3026 833 3085 de
842 3025 970 3086 salutari
978 3014 1150 3107 Epiphania
1160 3028 1272 3089 christi
1282 3049 1319 3087 ea
1326 3030 1498 3089 hereditate
1506 3026 1669 3093 doctissimi

122 3120 184 3176 ariri
193 3116 315 3177 Μυσίαι·
324 3115 360 3176 de
372 3116 487 3178 Ilicolis
501 3118 539 3177 de
550 3118 716 3192 Florentia,
729 3119 767 3178 de
777 3138 836 3198 quo
849 3116 977 3207 Muciae
987 3117 1016 3178 S.
1028 3116 1203 3179 Antoninus
1212 3131 1241 3179 et
1251 3119 1315 3178 alii.
1327 3120 1360 3179 ln
1373 3120 1425 3181 hoc
1432 3122 1560 3184 videlicet
1568 3125 1668 3185 codice

122 3206 338 3286 praemittebatur
360 3207 431 3268 liber
445 3207 588 3269 Athanasii
601 3222 695 3270 contra
710 3208 923 3290 Apollinarium,
940 3209 975 3269 de
986 3209 1098 3269 salutari
1108 3210 1227 3272 adventu
1241 3211 1354 3290 Christi,
1374 3213 1422 3292 qui
1437 3228 1477 3274 est
1490 3217 1518 3275 in
1532 3233 1622 3278 nostra
1637 3218 1667 3279 S.

120 3299 268 3359 Athanasii
282 3298 410 3360 Editione
421 3298 492 3361 liber
502 3298 647 3378 sccundus,
661 3321 690 3382 p.
704 3301 774 3377 940,
788 3301 855 3380 quia
867 3300 939 3360 liber
950 3301 997 3361 ille
1009 3300 1155 3381 qnamdam
1165 3301 1247 3363 habet
1256 3325 1318 3363 cum
1333 3303 1669 3387 Epistulaalfinitatem,ut

118 3391 267 3478 inhlonito
278 3391 308 3451 in
323 3390 474 3474 Epistulam
487 3391 524 3453 ad
536 3391 688 3453 Caesarium
699 3390 832 3456 diximus.
847 3395 912 3455 Post
920 3390 998 3451 illam
1006 3403 1098 3451 notam
1106 3392 1227 3471 sequitur
1234 3391 1331 3453 titulus
1345 3418 1353 3453 ι
1365 3398 1474 3476 incipit
1482 3401 1621 3478 Epistula
1632 3403 1667 3460 B.

116 3485 251 3545 -Joaano
266 3488 394 3566 episcopi
404 3484 727 3565 Constantinopolitani
737 3485 780 3545 ad
789 3486 950 3547 carnotim
970 3495 1021 3544 etc.
1031 3495 1062 3542 ut
1079 3482 1110 3541 in
1130 3481 1215 3542 Edita
1228 3498 1320 3544 nostru
1331 3506 1359 3566 p.
1374 3487 1444 3547 ild.
1454 3491 1532 3548 trid.
1547 3479 1568 3552 l.
1586 3492 1604 3551 5
1618 3517 1626 3551 z
1640 3506 1671 3551 et

124 3581 286 3660 ἀιραιφνῶς,
295 3579 328 3637 id
337 3590 382 3638 est
392 3587 600 3638 consummate.
609 3579 701 3637 tosa
710 3574 940 3659 detpeqrc'iec(nic)
946 3619 956 3653 ,
967 3575 1000 3634 id
1012 3578 1268 3658 estcunjunctam5
1279 3576 1392 3637 sortasse
1402 3583 1589 3662 conjunctim.
1596 3580 1669 3646 lbitl.

123 3669 144 3729 l.
157 3667 189 3744 8,
206 3671 260 3728 Me.
277 3691 286 3727 ι
300 3671 343 3730 Et
353 3659 708 3753 dicasforsitanalrejore
717 3668 799 3728 adid
807 3669 889 3751 quud
900 3666 1004 3727 melius
1015 3680 1060 3728 est
1069 3671 1186 3729 uenisse
1199 3681 1235 3728 te.
1250 3667 1407 3750 Lugendum
1420 3677 1552 3757 apep‘ore,
1562 3689 1589 3735 ct
1599 3674 1672 3738 hanc

119 3757 266 3819 lectionem
287 3759 450 3840 praeferrem,
474 3760 528 3820 nisi
549 3759 687 3822 obstarent
700 3759 797 3822 Graeoa
818 3758 954 3842 cregione
968 3759 1066 3843 posita,
1079 3759 1125 3821 nal
1138 3760 1248 3842 φήσειας
1261 3761 1368 3831 πάντως
1389 3766 1420 3823 ἐκ
1439 3765 1541 3841 πλάνης
1559 3767 1626 3849 πρὸς
1639 3769 1671 3830 τὸ

118 3859 244 3933 *κρεῖττον
263 3849 427 3924 ἐληλυθέναι.
633 3931 635 3935 Α
914 3931 917 3936 ⁴

166 3943 198 4004 P.
214 3943 286 4020 tte,
301 3941 337 4020 A,
351 3941 775 4032 desectam'eadirinitateet
786 3954 885 4006 omne.
897 3943 952 4007 Mt·
959 3944 1084 4026 sactae
1101 3932 1212 4007 deitate
1230 3957 1260 4006 et
1278 3950 1387 4009 carnis
1400 3949 1434 4025 d,
1446 3952 1479 4009 ll
1496 3972 1503 4008 ι
1518 3946 1672 4034 Unigeniti

110 4036 312 4115 m'maginatar
320 4034 435 4093 deitati.
446 4034 500 4094 his.
519 4034 672 4116 Unigeniti
681 4038 882 4116 imaginamur
895 4035 1009 4097 deitati.
1031 4035 1093 4111 B,'l
1106 4058 1114 4094 ι
1127 4039 1335 4098 Verumtamen
1346 4059 1400 4099 nos
1412 4043 1601 4104 recordantes
1612 4058 1673 4106 tua

125 4129 280 4187 nouorum
292 4129 535 4188 commotionis.
543 4128 598 4186 lis.
613 4120 823 4188 Verumtamen
843 4147 897 4188 rros
911 4127 1099 4187 recordantes
1120 4130 1192 4189 irene
1205 4131 1356 4191 nobiscum
1373 4145 1434 4191 sate
1446 4137 1589 4196 rationis:
1600 4137 1674 4197 melo

121 4204 269 4280 lectionem
288 4216 377 4279 Editi.
389 4218 467 4294 da:
481 4206 672 4300 mamsestam
691 4223 917 4280 ostentationem
933 4221 1048 4303 facere.
1067 4210 1121 4281 lds.
1138 4213 1331 4304 manifestam
1347 4228 1542 4287 ostensionem
1549 4230 1670 4311 sacae,

124 4311 237 4389 melius,
248 4309 321 4370 etsic
332 4330 381 4369 nos
392 4309 421 4368 in
434 4324 496 4369 nota
510 4308 632 4370 diximus
642 4310 788 4390 legendnm
798 4311 896 4374 videri.

166 4405 199 4464 Ρ.
210 4404 281 4482 tu,
297 4405 355 4479 A,t
376 4426 382 4460 :
399 4405 480 4479 Unus
499 4418 598 4464 autem
615 4408 816 4466 communibus
826 4409 891 4466 istis
913 4406 1079 4466 nominibus
1098 4407 1219 4486 quando
1236 4409 1461 4490 dispensationis
1476 4415 1675 4498 confitendum

127 4510 170 4558 est
184 4499 365 4573 mysterium.
373 4497 427 4556 Ms.
442 4516 515 4556 unos
533 4509 633 4558 autem
646 4500 847 4558 communibus
863 4499 929 4558 istis
943 4501 987 4557 uti
1000 4510 1115 4578 oportet
1125 4503 1295 4562 'nominibus
1308 4508 1429 4585 quando
1447 4507 1677 4587 dispensationis

126 4589 329 4670 confitendum
340 4600 385 4648 est
399 4591 583 4663 mysterium.
594 4587 840 4649 Evidentissimum
847 4588 968 4650 'osthane
982 4610 1039 4650 osse
1051 4611 1145 4653 teram
1157 4591 1311 4674 lectionem,
1327 4598 1350 4657 si
1366 4620 1417 4679 pro
1427 4620 1501 4659 unos
1510 4599 1601 4679 legas,
1612 4601 1677 4662 Nus

127 4685 227 4741 autem
240 4682 442 4741 communibus
463 4682 528 4740 istis
542 4682 588 4741 uti
604 4694 715 4762 oportet
737 4694 787 4740 ete.
803 4681 968 4763 Paulopost:
984 4682 1018 4740 id
1031 4685 1111 4764 quod
1128 4683 1331 4765 blasphemum
1351 4702 1396 4750 est
1412 4703 1440 4750 et
1460 4695 1608 4751 immane.-
1624 4694 1679 4752 sed

126 4773 161 4831 in
173 4770 299 4831 aliorum
314 4773 457 4834 heresum
467 4772 625 4832 declinasti
635 4775 823 4853 impietatem.
833 4774 888 4833 Mu.
901 4771 934 4828 id
952 4771 1033 4851 quod
1045 4771 1246 4852 blasphemum
1259 4788 1303 4835 est
1314 4789 1344 4837 et
1356 4780 1391 4836 in
1402 4780 1554 4840 Mannet?
1567 4781 1622 4841 sed
1644 4785 1679 4840 in

128 4863 257 4924 aliorum
267 4864 410 4925 heresum
420 4864 579 4925 declinasti
593 4865 784 4944 impietatem.
800 4863 865 4923 llaec
877 4856 1058 4943 ldannscripti
1066 4861 1146 4924 lectio
1156 4862 1221 4924 licet
1230 4865 1338 4943 vitiata,
1350 4867 1453 4950 Bigotii
1464 4870 1605 4932 lectionem
1615 4892 1680 4934 oon·

128 4953 238 5016 firmare
250 4953 359 5018 videtur
373 4979 380 5013 ι
392 4968 420 5017 et
430 4959 463 5016 in
473 4948 607 5017 Manetis
616 4968 646 5016 et
656 4958 690 5014 in
703 4956 831 5016 aliorum
840 4957 984 5017 heresum
997 4955 1155 5016 declinasti
1172 4960 1360 5038 impietatem,
1376 4983 1459 5041 quam
1470 4978 1536 5046 puto
1549 4963 1680 5026 sinceriu-

128 5067 197 5107 rem.
211 5050 247 5122 A,
259 5049 292 5106 11
309 5069 317 5105 ι
331 5058 360 5106 et
369 5051 514 5129 quomode
524 5050 672 5109 Dominus
693 5047 776 5108 dicit.
789 5050 843 5108 tos.
853 5060 882 5108 et
900 5047 1023 5130 quando
1033 5048 1185 5110 Dominus
1197 5051 1280 5111 dicit.
1291 5051 1326 5129 B,
1338 5056 1351 5113 1
1369 5076 1377 5114 ι
1390 5057 1578 5137 Nequeenim
1588 5079 1626 5118 err
1634 5063 1681 5120 in-

129 5140 280 5197 habitanti
292 5139 528 5221 defraudabatur
536 5141 657 5200 deitate.
666 5139 722 5198 ms.
736 5143 917 5220 nequeenim
936 5161 972 5200 ea
988 5139 1045 5200 noe
1056 5141 1096 5200 alr
1116 5142 1299 5204 indubitanti
1311 5146 1549 5228 defraudabatur
1557 5149 1679 5212 deitate.

129 5228 176 5291 Sic
189 5229 270 5292 edam
281 5230 348 5311 legit
358 5228 494 5312 Bigutius,
505 5244 536 5292 ut
544 5231 646 5295 ibidem
653 5229 854 5311 aanohrimus,
863 5230 955 5294 etheo
968 5230 1048 5295 lectio
1061 5232 1157 5299 mmor
1169 5255 1226 5297 esse
1235 5235 1352 5301 videtur.
