3810 6000
100 360 172 454 546
417 377 822 437 s..toaun1scnnrsosr.
850 374 1007 428 tamenn.
1034 374 1305 442 constantines.

101 508 234 592 pluviam,
242 518 270 567 et
280 524 366 566 saeros
378 504 489 588 spiritus
502 505 530 564 in
542 502 659 564 aedificia
665 503 819 580 irruentem
873 503 982 582 θομαῑς,
1000 504 1060 564 ἀλλ’
1080 500 1124 564 ίνα
1137 501 1235 584 ἀρετὴν
1253 500 1300 563 καί
1318 497 1416 562 κακίαν
1428 502 1462 563 ἀνι
1478 499 1574 561 τοίνυν
1590 502 1630 564 da·

103 600 151 661 sed
164 614 195 660 ut
207 601 336 660 virtutem
347 611 373 657 et
384 592 483 660 uitium
496 618 532 657 ex
545 597 589 657 bis
599 597 768 676 colligamus,
778 609 819 656 at·
872 595 1008 675 λάθωμεν,
1028 596 1074 655 καί
1094 595 1194 675 ίδωμεν
1211 597 1352 656 κάντεῦθεν
1372 592 1417 657 δτι
1434 595 1482 655 τδν
1500 594 1631 674 ίανιτθνμθ

103 689 243 770 queetiam
251 688 316 748 hinc
324 687 527 770 perspiciamus,
534 707 597 746 eum
605 687 653 767 qui
663 687 758 768 seipse
766 706 819 747 non
873 690 1014 748 ἀδικοῦντα
1029 686 1112 754 ούδιίς
1126 688 1221 747 ἀδικεῖ.
1240 687 1345 748 Οίνκῶν
1367 683 1428 746 uice
1442 690 1458 746 ὑ
1471 685 1543 754 ὑιτδς
1559 686 1632 748 καίτοι

103 781 184 841 ledat
201 802 218 840 a
235 781 341 840 nemine
358 778 431 838 laedi.
447 778 521 859 Ergo
536 800 585 839 nec
603 779 704 861 pluvia
722 798 820 859 magna
875 778 1006 862 δαγδαίιις
1025 780 1181 861 φερόμενος,
1199 778 1299 840 ούτιοί
1318 778 1438 856 ποταμοί
1458 782 1549 860 πολλῷ
1566 779 1631 861 §utiq

105 891 269 951 quamquam
280 869 308 929 vi
320 868 428 941 delate,
441 887 527 946 neque
538 866 651 926 flumina
661 887 760 946 magno
769 867 822 925 im·
873 869 1096 954 προσπίπτοντες,
1120 869 1181 931 ούτι
1198 871 1234 932 τὰ
1253 869 1395 949 πνεύματα
1414 868 1452 929 ed
1474 869 1552 950 ἀηρια
1576 871 1632 948 preb

54 1005 58 1011 -
104 975 169 1044 peto
187 960 329 1038 irruentia,
343 980 430 1039 neque
453 958 520 1018 saevi
537 959 650 1040 spiritus
670 957 822 1039 vehementi
875 964 989 1044 σφοδρᾶς
1009 967 1057 1037 τῆς
1071 962 1155 1045 ῥύμης
1174 962 1379 1047 epactetum
1399 961 1594 1044 παρισόλωσάν
1610 985 1632 1021 τι

105 1075 167 1114 curn
182 1053 284 1113 insultu
298 1051 399 1131 adorti,
415 1064 519 1133 partem
536 1050 623 1109 ullam
637 1049 734 1111 domus
748 1050 823 1110 illius
874 1054 924 1126 τὴν
943 1055 1028 1116 οἰκίαν
1049 1054 1166 1126 ἐκιίνην·
1186 1057 1245 1115 ἀλλ’
1259 1054 1346 1134 ίμιινε
1360 1052 1407 1114 καί
1420 1053 1578 1134 ἀχιίροιτος,
1596 1053 1632 1114 καί

103 1145 313 1218 labefactarunt3
326 1143 374 1203 sed
396 1143 495 1202 mansit
515 1155 541 1201 et
554 1141 785 1224 inexpugnabilis,
797 1156 823 1202 et
876 1145 1015 1220 ἀκίνητος·
1034 1146 1078 1207 ίνα
1099 1145 1201 1226 μάθῃς,
1215 1144 1256 1206 ότι
1268 1145 1315 1206 τὸν
1335 1145 1430 1214 ίαυτδν
1449 1145 1633 1227 οθτροδιδθιεε

105 1238 218 1297 immota
231 1260 238 1294 ι
251 1250 281 1296 ut
294 1234 395 1312 discas,
407 1233 454 1313 qui
467 1233 563 1315 seipse
577 1255 630 1293 non
643 1233 749 1316 prodat,
760 1253 824 1293 eum
875 1237 957 1306 οὐδείς
979 1237 1125 1320 πειρασμὸς
1139 1240 1342 1317 παραπλεῦσαι
1361 1235 1484 1298 δύναται.
1500 1235 1535 1297 Ἡ
1555 1238 1633 1298 aet

106 1328 180 1388 nulla
193 1327 337 1389 tentatione
345 1348 423 1408 posse
434 1325 600 1386 labefactari.
613 1328 648 1384 At
657 1325 703 1385 illa
713 1326 824 1386 alteriue
838 1341 857 1388 u
876 1329 965 1411 ἑτέρου
974 1328 1132 1411 κατιρίρετο
1141 1329 1246 1412 ῥηιδίως,
1257 1332 1287 1389 οιί
1301 1327 1345 1388 διδ
1357 1328 1408 1403 τὴν
1421 1331 1478 1388 τῶν
1494 1332 1635 1409 πειρασρῖιν

104 1421 184 1481 facile
205 1443 297 1481 eversa
309 1434 360 1494 est,
374 1440 426 1480 non
440 1418 477 1479 ob
493 1416 672 1479 tentationum
691 1415 824 1496 impetum
876 1421 1003 1497 ὶπιόολὴν
1023 1415 1077 1503 (·ἤ
1090 1422 1143 1504 γάρ
1158 1421 1190 1482 ἀν
1202 1421 1280 1494 καίὴ
1295 1420 1375 1503 ὑτίρα
1391 1421 1424 1482 εδ
1444 1422 1510 1482 «eet
1527 1420 1635 1501 ίτιθεν),

106 1515 247 1594 (alioquin
261 1514 339 1573 alteri
358 1533 467 1592 quoque
489 1511 562 1571 idern
584 1507 759 1588 accidisset),
778 1509 826 1571 sed
876 1513 947 1575 ἀλλδι
960 1515 1004 1576 διδ
1021 1514 1069 1588 τὴν
1084 1514 1183 1575 σίκιίαν
1204 1515 1294 1576 ἀνοιαν
1306 1537 1314 1553 ·
1327 1516 1359 1574 αθ
1377 1512 1433 1595 γδρ
1446 1513 1540 1586 inibi
1555 1513 1636 1592 dique

105 1606 142 1665 ob
165 1605 251 1686 ipsius
271 1603 428 1665 vecordiam
446 1627 452 1660 :
469 1624 522 1663 non
546 1603 618 1662 enim
641 1602 825 1681 quiaventus
875 1605 1081 1687 προσόπνευσιν,
1107 1605 1152 1667 διδ
1174 1611 1253 1668 τοῦτο
1274 1605 1379 1680 leem,
1404 1606 1467 1666 ἀλλ’
1489 1604 1579 1678 inuiti
1601 1604 1637 1664 tet

105 1697 217 1770 afflavit,
233 1696 294 1757 ideo
319 1696 427 1772 cecidit,
440 1695 487 1756 sed
509 1694 582 1775 quod
604 1716 685 1776 super
702 1715 822 1773 arenam,
876 1700 924 1769 τῆς
937 1698 1050 1778 ψάμμου
1069 1690 1103 1771 ἦν
1124 1699 1344 1777 οἰκοδομηθεῖσα,
1357 1701 1431 1758 ταῦτ’
1449 1696 1523 1759 ίατιν
1539 1697 1583 1758 ieri
1599 1701 1636 1778 pq·

106 1789 159 1849 hoc
171 1803 220 1866 est,
234 1809 315 1871 super
332 1788 472 1869 ignaviam
489 1801 516 1847 et
531 1788 679 1867 nequitiam
692 1788 825 1848 aedificata
876 1788 972 1868 θυμίας
992 1790 1037 1849 καί
1057 1789 1300 1870 πονηρίας,.τοῦτο
1319 1789 1447 1850 πέπονθε.
1467 1790 1523 1850 Καί
1541 1788 1590 1871 ,tp
1601 1787 1637 1849 ιιιί

106 1881 170 1960 fuit,
182 1882 292 1941 ruinam
312 1881 382 1941 feeit.
397 1883 468 1942 Nam
490 1881 566 1962 prius
579 1880 661 1940 etiam
678 1902 761 1960 quam
776 1880 825 1940 illa
875 1881 938 1959 πρὶν
952 1880 970 1954 ἢ
984 1883 1029 1943 τδν
1046 1871 1168 1964 χειμῶνα
1184 1881 1346 1962 προσόαλιῖν
1360 1883 1473 1958 ἐκεῖνον,
1493 1881 1601 1953 amota
1614 1903 1637 1941 τι

106 1987 250 2056 tempestas
266 1974 411 2054 ingrueret,
425 1973 533 2031 infirma
555 1985 612 2032 erat
631 1987 657 2033 et
679 1972 714 2032 ad
731 1994 825 2033 casum
875 1963 908 2044 ἦν
920 1973 966 2031 καί
980 1972 1046 2054 πρθς
1061 1974 1194 2034 τδπισιῑν
1208 1972 1312 2053 ἑτοίμη.
1326 1977 1363 2034 at
1376 1974 1433 2056 γδρ
1453 1975 1637 2035 τοιαῦταιοίιε-

106 2079 210 2146 porata.
225 2064 419 2146 Hujrascemodi
430 2064 502 2124 enim
511 2063 636 2142 edificia,
645 2065 727 2125 etiam
740 2064 825 2125 nemi·
877 2064 972 2142 δομαί,
986 2065 1033 2125 καί
1048 2066 1159 2145 μηδενὸς
1175 2068 1361 2147 ἐνοχλοῦντος,
1377 2066 1635 2147 αὖτόματοιιιατερί·

107 2158 304 2236 ne'iniestante,
314 2158 382 2216 dum
392 2156 563 2217 subtrahitur
573 2178 604 2216 ac
616 2156 719 2218 diffluit
727 2158 826 2243 funda·
879 2179 986 2237 ρονται,
999 2158 1197 2241 ὑποσυρομίνης
1207 2163 1298 2226 αὐταῖς
1308 2163 1357 2232 τῆς
1367 2160 1500 2240 κρηπῖδος
1512 2158 1635 2237 καίπόνιη

107 2263 239 2326 mentum,
253 2271 301 2308 sua
312 2262 406 2331 sponte
419 2263 559 2309 corruunt.
576 2252 610 2309 At
623 2263 653 2309 ut
668 2269 770 2310 aranea
783 2250 826 2310 ul·
877 2247 1058 2331 διαρρεούσης.
1070 2251 1124 2310 Καί
1141 2250 1260 2331 καθάπερ
1274 2254 1302 2310 αί
1317 2249 1367 2329 μὶν
1378 2251 1501 2332 ἀράχναι
1511 2249 1635 2329 despue

107 2355 160 2418 tro,
174 2341 280 2401 nemine
294 2341 360 2423 ipsis
378 2340 483 2418 infesto,
500 2339 700 2420 distrahuntur,
716 2340 826 2402 adamas
878 2340 1058 2414 διαστῶνται,
1070 2343 1181 2419 μηδενὸς
1193 2345 1284 2410 αὐτοῖς
1295 2343 1477 2423 ἐνοχλῶντσς,
1488 2342 1635 2420 θδδάδᾶρες

108 2448 201 2495 contra
212 2424 296 2494 etiam
307 2454 448 2516 percussus
461 2455 515 2493 non
530 2435 682 2514 frangitur:
695 2433 825 2494 sicetiam
840 2450 859 2500 c
878 2432 924 2492 καί
944 2432 1088 2515 παιόμενος
1105 2433 1244 2503 ἀδιοίλυτος
1265 2435 1355 2512 μόνει·
1369 2433 1442 2495 οὑτω
1457 2434 1491 2508 δὴ
1512 2435 1557 2495 καὶ
1571 2432 1632 2513 οίρά

108 2527 155 2607 qui
167 2527 302 2608 semetipsi
314 2547 365 2586 non
377 2525 491 2601 laedunt,
502 2527 551 2587 etsi
561 2526 597 2586 ab
607 2526 721 2587 infinitis
728 2526 828 2587 ren‘an.
878 2524 986 2594 ἐαυτοθς
997 2526 1161 2602 ἀδικοῦντες,
1174 2525 1224 2586 κάν
1235 2526 1287 2587 ὑπδ
1303 2527 1405 2610 μυρίων
1419 2527 1567 2600 παίονται,
1576 2530 1633 2608 irge-

109 2633 165 2692 tur,
179 2619 303 2680 fortiores
318 2618 511 2697 eradunt:qui
527 2639 592 2678 vero
611 2617 746 2701 semetipsi
762 2639 827 2701 pro·
880 2617 981 2700 ρότεροι
1000 2615 1136 2697 γίνονται·
1160 2623 1185 2678 οἱ
1208 2619 1238 2678 di
1262 2617 1372 2687 ὑαυτοίις
1394 2620 1578 2702 προδιδόντες,
1596 2616 1633 2678 κάν

108 2710 189 2791 dunt,
204 2712 255 2773 etsi
273 2731 352 2771 nemo
369 2711 404 2771 sit
419 2711 541 2787 infestus,
555 2733 604 2771 sua
621 2725 716 2794 sponte
731 2710 825 2772 derel·
879 2710 972 2789 μηδείς
990 2714 1004 2771 ὑ
1019 2712 1135 2792 θνσρλῶν
1149 2702 1182 2792 ᾖ,
1196 2711 1343 2791 αὐτόματοι
1354 2712 1501 2794 φύρονται,
1518 2714 1562 2772 καί
1573 2713 1631 2792 διεδ-

108 2818 221 2881 vuntur,
243 2804 372 2875 diffluunt
391 2825 424 2864 ac
446 2816 568 2884 pereunt.
588 2803 827 2875 Quemadmodum
879 2803 983 2885 ῥέουσι,
1002 2802 1049 2864 καί
1063 2805 1233 2865 ἀπόλλυνται.
1256 2803 1363 2887 Ὥσπερ
1385 2806 1434 2866 καί
1453 2811 1470 2867 ὑ
1487 2804 1632 2878 ’ίούδας,ιί
1671 2812 1675 2817 ’

109 2898 196 2960 Judao
209 2918 324 2978 quoqne,
335 2918 388 2957 non
400 2895 481 2956 modo
491 2896 566 2956 nulla
576 2897 717 2956 infestante
729 2897 827 2978 hujus·
879 2894 957 2974 μόνον
966 2895 1068 2965 ούδενθς
1081 2897 1272 2977 ἐνσρλήσαντος
1281 2902 1433 2978 πειρασμῶ
1446 2897 1573 2974 τοιούτω,
1581 2891 1632 2955 tut

109 2990 184 3051 modi
194 2989 350 3069 tentatione,
361 2987 408 3049 sed
417 3009 515 3069 magna
528 2988 609 3048 etiam
624 2987 762 3048 curatione
773 2987 825 3048 ad·
878 2985 924 3045 καί
934 2988 1035 3059 πολλῆς
1050 2987 1202 3057 ἀπολαύσας
1214 2993 1262 3061 τῆς
1273 2987 1433 3072 θεραπείας,
1447 2990 1577 3050 ἀπείλεεν.

107 3083 194 3144 hibita
265 3082 304 3142 it.

149 3128 204 3236 tei
215 3104 272 3238 ¹iiii
285 3175 451 3253 integrarum
470 3171 591 3252 gentium
610 3171 743 3255 exemplis
755 3171 831 3234 banc
918 3169 1014 3230 Βούλει
1025 3193 1067 3230 σοι
1081 3174 1172 3231 τοῦτον
1183 3169 1229 3231 καί
1245 3171 1290 3231 ἐπὶ
1302 3170 1397 3250 δήμων
1412 3168 1632 3255 ὑλακλιίριινδιὺν

108 3269 256 3329 orationem
279 3265 431 3325 illustrem?
444 3263 552 3335 Quanta
567 3264 726 3327 Judaeorum
739 3258 826 3345 gentis
878 3261 1065 3341 διαλόμποντα
1079 3261 1125 3322 τδν
1144 3262 1241 3342 λόγονς
1262 3262 1356 3337 Πόσης
1374 3270 1391 3324 ὑ
1411 3264 1549 3326 Ἰουδαίων
1568 3266 1630 3343 ἧμαι

107 3364 161 3422 suit
174 3358 367 3442 providentia?
381 3360 476 3417 Annon
495 3371 550 3417 tota
561 3357 738 3438 quaevidetur
748 3381 827 3419 erea-
879 3354 1017 3427 ἀπόλαυσε
1036 3355 1172 3435 προνοίας;
1182 3359 1223 3416 Οθ
1240 3365 1315 3416 πᾶσα
1325 3362 1343 3430 ἡ
1353 3355 1478 3436 ὁρωμένη
1491 3357 1571 3426 κτίσις
1581 3353 1631 3435 τρίς

107 3469 168 3515 tura
189 3453 225 3513 ad
245 3472 338 3512 eorum
362 3449 523 3528 obsequium
541 3450 595 3510 tuit
613 3452 786 3533 comparata?
800 3459 861 3512 etl)
878 3447 1024 3528 ὑπηρεσίαν
1038 3451 1124 3508 αὐτῶν
1141 3449 1368 3530 παρεσκευάζετος
1384 3450 1433 3510 καί
1446 3451 1537 3518 καινός
1549 3450 1631 3516 reei-

107 3567 177 3606 nova
190 3543 315 3624 quaedam
326 3542 391 3624 ipsis
401 3563 432 3601 ac
449 3541 520 3601 mira
532 3542 643 3603 vivendi
658 3543 727 3603 ratio
740 3543 827 3604 intro·
878 3550 932 3608 τοῖς
951 3541 998 3600 καί
1017 3539 1086 3610 ξένος
1101 3541 1222 3620 εἰσήγετο
1236 3542 1368 3622 διαγωγῆς
1383 3542 1444 3622 βίον
1463 3536 1631 3624 τρόποςςθίίί

107 3637 206 3695 ducta?
218 3637 310 3714 Neque
324 3634 395 3693 enim
414 3633 449 3692 ad
466 3634 557 3693 iorum
571 3635 725 3713 mittebant,
736 3636 827 3715 itaque
869 3631 930 3713 ’γὰρ
943 3635 979 3698 είς
989 3631 1088 3715 ἀγορὰν
1105 3631 1255 3706 ἐνίόαλλον,
1270 3634 1316 3693 καί
1330 3631 1401 3694 σύτο)
1413 3638 1469 3693 τῶν
1482 3634 1565 3694 ὦνίιιν
1575 3627 1632 3714 ἀτί-

107 3749 160 3786 non
173 3740 312 3787 numerata
323 3726 434 3806 pecunia
448 3725 590 3786 venalibus
604 3728 684 3786 rebus
697 3728 826 3788 frueban-
877 3727 972 3799 λαυον,
999 3729 1047 3785 ούκ
1077 3723 1200 3807 ἀργύριον
1226 3725 1428 3794 κατατιθέντες·
1450 3726 1512 3787 οθδί
1536 3725 1632 3789 erm

108 3834 154 3877 tur
168 3843 174 3876 ε
189 3841 237 3877 nec
248 3818 336 3876 sulcos
348 3817 500 3888 findebant,
512 3839 598 3897 neque
606 3833 728 3879 aratrum
737 3819 826 3880 trabe·
878 3818 995 3896 ἔτεμνον,
1009 3818 1069 3879 οὐδὲ
1083 3820 1192 3900 ἄροτρον
1207 3810 1303 3893 εἷλκον,
1319 3818 1380 3880 etet
1400 3825 1451 3901 γῆν
1477 3820 1631 3902 indm

107 3912 184 3984 bant,
195 3931 243 3969 nec
256 3924 355 3968 terram
372 3908 591 3987 proscindebant,
603 3931 651 3969 nec
671 3910 773 3971 semina
783 3914 826 3994 ja·
878 3909 937 3970 οὑδὲ
957 3911 1099 3993 σπέρματα
1121 3912 1294 3987 κατέύαλλον,
1313 3911 1372 3972 οθδί
1386 3916 1471 3973 ὑετῶν
1492 3907 1632 3975 ἀδίαντοεαί

108 4000 222 4076 ciebant,
234 4021 321 4078 neque
341 3997 442 4079 pluviis
462 3996 618 4077 indigebant
640 4013 666 4059 et
688 4003 777 4062 ventis
800 4016 826 4064 et
878 4001 982 4080 ἀνέμων
996 4003 1109 4063 καὶτῶν
1128 4013 1174 4065 τοῦ
1192 4003 1265 4072 ίτους
1277 4007 1364 4084 ιὺρῶν,
1379 4007 1432 4085 σύμ
1449 4009 1563 4080 ἡλιακῆς
1574 4006 1632 4065 διιεῖ·

108 4095 172 4155 anni
189 4091 374 4174 temporibus,
393 4111 445 4149 non
466 4090 530 4149 solis
547 4090 649 4169 radiis,
671 4113 724 4152 non
744 4116 825 4156 eursu
876 4120 936 4169 νος,
958 4099 987 4156 οθ
1008 4098 1157 4169 σιληνιαίου
1177 4097 1290 4178 δρόμου,
1308 4101 1338 4158 ού
1360 4097 1465 4179 φύσεως
1488 4099 1581 4181 ἀέρος,
1596 4098 1633 4158 νίν

107 4188 188 4265 lunae,
201 4204 255 4246 non
268 4183 337 4244 aeris
349 4196 457 4259 natura,
473 4203 525 4241 non
546 4182 603 4242 ulla
620 4183 777 4265 hujusmodi
796 4209 827 4248 re
877 4188 958 4248 ἄλλου
973 4189 1161 4249 τῶντοιούτων
1180 4189 1297 4258 οὐδενός·
1311 4192 1362 4269 οὐχ
1372 4190 1467 4249 ἀλωνα
1481 4187 1633 4271 παρεντείν-

107 4279 176 4354 olia;
191 4298 244 4337 non
265 4297 355 4335 aream
372 4273 571 4354 preparabant,
587 4296 639 4334 non
660 4277 750 4357 fruges
773 4279 824 4337 tri·
878 4284 930 4353 ζον,
943 4283 973 4340 οὐ
991 4281 1092 4361 καρπὸν
1104 4282 1217 4362 ἔτριόον,
1227 4285 1257 4341 ού
1272 4280 1435 4360 πνευμάτων
1455 4281 1566 4364 ίχρηζον
1582 4279 1633 4360 τρίς

107 4372 262 4443 turabant,
276 4388 330 4427 non
353 4380 446 4426 ventos
469 4364 657 4426 desiderabant
677 4371 712 4427 ad
734 4391 825 4429 secer·
877 4375 908 4434 τδ
933 4375 1066 4455 διακρῖναι
1088 4374 1147 4443 τοθς
1172 4374 1270 4458 πυροὺς
1291 4378 1345 4435 τῶν
1370 4374 1492 4456 ἀχύρων,
1514 4379 1545 4437 ού
1564 4374 1633 4455 μύλην

107 4461 194 4521 nenda
209 4481 291 4542 grana
300 4480 316 4517 a
325 4458 420 4540 paleis,
431 4478 484 4516 non
495 4457 594 4516 molam
603 4460 757 4537 versabant,
771 4480 824 4520 non
840 4478 859 4527 n
877 4467 1010 4548 ἕοπρερον,
1020 4470 1049 4527 οὐ
1064 4467 1188 4528 νλίὸονον
1200 4467 1363 4548 ᾠκοδόμουν,
1371 4471 1402 4527 οὐ
1415 4466 1482 4537 ξύλα
1494 4469 1540 4528 χοὶ
1551 4467 1636 4547 etp&

107 4555 245 4614 clibanum
254 4549 571 4629 aedifioebani‚n0niigna
580 4549 825 4631 eiignemdomttm
876 4558 925 4632 τὴν
947 4559 1031 4619 οἰκίαν
1053 4562 1169 4640 εἰσῆγον,
1189 4561 1235 4618 οὐχ
1258 4561 1468 4641 ἀρτοποςητςχῆς
1487 4559 1585 4620 ἐδύοντο
1600 4556 1634 4617 τί·

45 4635 47 4638 ‚
107 4647 267 4721 inserebant,
279 4665 333 4703 non
347 4643 463 4725 panifiea
474 4644 587 4722 egebant
600 4658 668 4721 arte,
683 4664 736 4703 non
749 4644 820 4724 ligo·
876 4675 960 4732 χνης,
981 4653 1011 4711 οὐ
1032 4651 1168 4730 μάκελλαν
1191 4650 1381 4731 ροτεχείρνζον,
1395 4653 1425 4710 οὗ
1439 4652 1571 4732 δρεπάνην
1584 4646 1636 4721 διό-

107 4761 169 4798 nem
178 4737 340 4808 tractabant,
349 4756 402 4794 non
412 4734 509 4794 falcem
517 4735 660 4813 acuebant,
672 4756 724 4794 non
734 4736 825 4817 aliqua
875 4767 938 4818 νων,
948 4745 995 4804 οὐκ
1005 4743 1087 4816 ἀλλης
1096 4742 1166 4811 τινός
1181 4743 1284 4803 ἐδέοντο
1294 4742 1410 4823 τέχνης,
1421 4747 1567 4825 ὑφαντικῆς
1580 4741 1639 4822 λίην

107 4832 160 4890 alia
181 4828 339 4909 indigebant
356 4841 424 4902 arte,
437 4827 564 4905 textoria,
579 4828 700 4909 inquam,
710 4823 830 4889 archite—¹
877 4836 922 4896 χοὶ
938 4838 1121 4914 οἰκοδομικῆς,
1140 4833 1210 4896 ὴνςοὶ
1226 4839 1274 4908 τῆς
1287 4833 1323 4896 τὰ
1340 4835 1506 4920 emerim
1522 4832 1640 4918 παρομοί-

138 5061 148 5083 ·
160 5043 292 5110 [Dedimus
302 5041 397 5095 ttorent
407 5040 595 5094 Edieetionern
606 5059 682 5111 <pram
692 5059 706 5094 e
716 5045 862 5112 conjectura
921 5045 934 5082 Ι»
951 5042 1116 5107 Manuscripti
1127 5053 1153 5092 et
1164 5041 1242 5099 satu.
1256 5041 1281 5095 in
1294 5060 1375 5110 marg.
1391 5052 1416 5100 σθ
1428 5060 1468 5110 τῆς
1478 5057 1511 5104 τὰ
1522 5053 1644 5116 mm

105 5125 235 5190 proposuit
252 5122 328 5175 Savil·
348 5122 374 5173 in
392 5139 472 5185 marg.
492 5123 610 5183 Munda
627 5133 671 5194 γὰρ
689 5132 725 5176 δν.
745 5123 823 5178 Sat-il.
836 5123 862 5177 in
888 5126 1045 5194 περιεχούσης,
1059 5120 1137 5173 Savil.
1151 5123 1177 5172 in
1195 5133 1266 5173 textu
1285 5131 1323 5177 καί
1341 5137 1383 5185 τῆς
1399 5134 1452 5196 περὶ
1471 5137 1505 5181 τά
1521 5133 1645 5196 ὑποδήματι

104 5213 190 5267 testu,
202 5209 227 5251 et
239 5196 303 5252 (ἰού.
317 5201 345 5251 C,
360 5208 374 5259 ἡ
387 5224 408 5265 7.
420 5200 469 5263 τίν]
887 5207 992 5269 ἀχούσης,
1002 5199 1091 5254 Morti·
1104 5208 1141 5254 καὶ
1153 5212 1193 5264 τῆς
1205 5211 1235 5257 τὰ
1246 5207 1384 5271 ’ὑποδήματα
1395 5213 1550 5277 παρνχνῦαιςς.
