3764 5992
484 467 529 517 oe
554 466 670 516 neren
698 464 842 514 nrnerun
867 462 1015 513 rannus.
1043 459 1207 510 unornane
1233 457 1387 509 nonum.
1681 435 1703 507 5

162 595 249 673 μάντις.
263 594 302 654 Τί
316 594 373 675 γὰρ
388 598 440 666 τῆς
457 594 592 675 τραπέζης
613 591 713 664 ἐκείνης
727 591 868 672 άγιύιερον
888 590 935 669 γε’·
988 585 1059 662 dixi,
1069 586 1159 666 quiad
1171 588 1253 650 istum
1264 586 1375 648 modum
1389 586 1512 648 convivia
1525 585 1700 646 celebrarent.

163 689 217 746 νοιτ’
234 687 281 758 ἂν,
303 686 371 745 ἔνθα
398 685 471 765 μέθη
496 685 545 764 μὲν
567 685 613 745 καί
638 681 773 764 ἀδηφαγία
793 683 839 743 καί
861 693 936 741 πᾶσα
989 681 1065 756 Quid
1074 681 1184 740 enimea
1194 704 1284 742 mensa
1297 682 1424 754 sanctius,
1433 681 1540 741 undeet
1552 678 1667 739 ebrietas
1678 691 1703 738 et

163 777 250 839 θσιτία
266 779 469 852 ἐπὰήλαται,
491 775 633 854 θαυμαστὴ
659 774 737 842 δίτις
759 774 933 847 ἀντεισινήνε-
988 774 1120 834 voracitas
1138 775 1279 854 omnisque
1291 774 1468 856 prodigalitas
1487 787 1595 833 extrusa
1610 784 1661 848 est,
1678 783 1705 830 ct

160 893 211 929 ιται
221 869 284 951 περί
296 873 349 942 τῆς
365 873 491 950 φυλακῆς
504 872 557 928 τῶν
571 876 618 928 τοῦ
633 870 704 928 Θεοῦ
717 866 804 945 νόμων
818 868 935 945 ἅμιλλα,
987 866 1047 926 loco
1061 867 1170 926 illarum
1194 867 1363 927 admirabilis
1384 865 1537 927 introducta
1557 863 1705 946 praestandi

163 959 201 1017 καί
217 968 375 1040 παρστηρεῖ
391 958 443 1038 μὲν
460 958 529 1040 ἀνὴρ
549 958 599 1031 τλν
613 967 738 1039 γυναῖκα,
755 957 826 1025 ὅπως
847 961 882 1027 είς
901 955 936 1016 τὰ
987 955 1075 1017 divini
1091 957 1216 1039 precepti
1239 955 1421 1018 concertatio?
1434 957 1502 1016 dum
1524 957 1568 1017 vir
1579 956 1705 1016 observat

162 1054 200 1120 τῆς
216 1051 360 1132 ἐπιορκίας
373 1051 513 1129 μηδέποτε
528 1050 632 1130 ἐμπέσῃ
652 1049 789 1130 βάραθρα,
810 1052 936 1132 φυλάττει
988 1069 1112 1124 uxomm,
1127 1070 1197 1108 uxor
1214 1050 1318 1115 virum.
1338 1071 1372 1109 ne
1389 1050 1416 1108 in
1431 1049 1578 1130 praecipitia
1593 1044 1704 1128 perjurii
1790 1040 1813 1059 ”

165 1141 265 1221 lipari
289 1143 340 1202 τὸν
367 1145 471 1224 ἄνδρα,
498 1145 544 1203 καὶ
568 1142 698 1213 καταδίκη
722 1147 761 1222 τῷ
785 1143 937 1223 παραύάντι
988 1155 1059 1217 ruat,
1067 1156 1093 1201 et
1101 1144 1201 1202 mulcta
1209 1144 1368 1223 gravissima
1376 1143 1518 1203 constituta
1529 1156 1568 1202 est
1578 1140 1706 1223 praevari·

164 1242 236 1295 κεῖται
254 1235 399 1316 μεγίστη·
414 1238 464 1296 οῦκ
485 1235 673 1316 ἐπαισχύνεται
687 1233 716 1295 δέ
731 1233 788 1295 οθδέ
810 1234 863 1294 ont
883 1236 937 1292 τῶν
990 1237 1082 1310 catori,
1090 1257 1143 1296 non
1151 1235 1251 1318 pudori
1260 1251 1300 1297 est
1307 1234 1706 1315 dominumaservisrcdargui,

165 1326 249 1387 tunm
273 1331 289 1387 ὁ
310 1328 452 1400 δεσπότης
473 1327 642 1409 ἐλέγχεσθαι,
668 1326 728 1386 atat
752 1326 812 1394 reb<
834 1325 939 1392 οἰκέτας
955 1337 971 1383 Β
990 1329 1631 1411 autservosadominiscastigariillecteigitur
1644 1328 1708 1407 quis

167 1422 231 1479 οίιῶ
246 1419 294 1480 ἐπὶ
312 1419 424 1487 τούτοις
436 1421 568 1501 διορθοῦν,
583 1421 641 1479 oon
656 1418 688 1477 ἄν
702 1443 742 1487 τις
755 1419 870 1502 ἁμάρτοι
890 1417 940 1490 τὴν
991 1420 1146 1481 istiusmodi
1168 1421 1280 1482 domum
1290 1424 1341 1483 Dei
1360 1423 1498 1484 ecclesiam
1508 1422 1636 1504 appellet.
1649 1418 1707 1480 Ubi

165 1511 277 1583 τοιαύτην
293 1511 386 1572 οέκίαν
409 1512 554 1584 ἐκκλησίαν
579 1514 649 1572 Θεοῦ
669 1511 835 1592 προσειπών.
849 1508 940 1571 Ὅπου
991 1512 1064 1572 enim
1078 1527 1151 1572 tanta
1162 1513 1301 1586 modestia,
1313 1529 1342 1574 ut
1355 1516 1498 1597 epularum
1514 1528 1633 1596 tempore
1650 1512 1707 1572 sol·

166 1604 206 1684 γλρ
229 1604 395 1685 σωφροσύνη
412 1604 546 1679 τοσαύτη,
565 1607 601 1674 ύις
619 1607 645 1664 ἐν
669 1607 755 1685 καιρῷ
770 1607 871 1685 τρυφῆς
893 1625 940 1680 με·
991 1602 1061 1664 liciti
1074 1605 1128 1665 sint
1141 1605 1262 1667 convivas
1279 1607 1315 1667 de
1332 1608 1435 1669 divinis
1454 1607 1571 1688 legibus,
1585 1605 1709 1684 aliusque

168 1706 252 1778 ριμνᾷν
267 1697 342 1776 θπέρ
364 1701 421 1756 τῶν
447 1695 525 1756 θείων
546 1696 651 1774 νόμων,
667 1695 714 1754 καί
734 1693 795 1762 τοὺς
808 1693 941 1776 παρόντας
992 1697 1123 1756 eumalio
1139 1721 1220 1782 snper
1230 1700 1282 1760 boc
1295 1701 1454 1762 contendat:
1468 1715 1572 1761 centnm
1593 1712 1634 1759 est
1653 1699 1709 1758 de·

166 1789 274 1856 lema<
288 1789 363 1870 ῦπὲρ
378 1790 474 1850 τούτου
485 1789 552 1868 πρὸς
566 1787 695 1860 ἀλλήλαις
709 1786 883 1868 ἀγωνίζεσθαι
896 1787 942 1846 καί
992 1810 1099 1850 monem
1110 1790 1173 1852 inde
1186 1808 1212 1852 et
1222 1794 1373 1872 quamlibet
1388 1795 1488 1855 malam
1500 1793 1647 1875 potentiam
1660 1789 1709 1850 eli-

167 1883 330 1960 ρθυνευιεῖν,
349 1880 479 1954 εὔδηλον,
499 1879 541 1941 άτι
558 1878 660 1958 δαίμων
674 1878 723 1956 μὲν
738 1879 808 1946 ἅπας
823 1879 869 1938 καί
889 1901 941 1939 τιο-
992 1881 1123 1942 minatam
1135 1905 1202 1962 esso,
1214 1885 1407 1965 Christumque
1414 1886 1516 1958 adesse,
1523 1886 1617 1945 laetum
1624 1905 1656 1943 ac
1664 1882 1709 1942 hi-

165 1971 221 2052 νηρὰ
237 1973 356 2051 δύναμις
370 1971 555 2044 ἀπεληλαται,
572 1970 685 2052 Χριστὸς
701 1969 729 2030 δὲ
750 1969 866 2048 πάρεστι
876 1968 939 2050 χαί·
992 1972 1077 2032 larem
1089 1973 1123 2033 de
1137 1975 1185 2034 illa
1204 1977 1319 2059 pulchra
1338 1978 1408 2037 inter
1426 1999 1517 2039 servos
1528 1998 1590 2036 suos
1600 1976 1711 2036 aemula·

167 2083 207 2140 ρον
228 2064 274 2122 ἐπὶ
299 2069 336 2140 τῇ
358 2067 431 2143 καλῇ
462 2067 514 2122 τῶν
541 2061 641 2122 δούλων
667 2062 828 2146 φιλονεικίᾳ,
852 2072 942 2121 πᾶσαν
992 2064 1075 2143 tione,
1091 2088 1252 2148 omnemque
1270 2070 1325 2131 iltis
1352 2071 1462 2151 elargiri
1484 2069 1707 2130 benedictionem.

166 2156 515 2237 ιίποῖςέπιδαψιλευύμενος
528 2154 658 2234 εὐλογίαν.
670 2153 721 2214 ded
734 2154 766 2227 δὴ
783 2162 861 2215 τοῦτο
873 2154 941 2215 ταύ-
993 2160 1167 2242 Quapropter
1194 2162 1292 2223 omisso
1310 2165 1369 2245 jam
1395 2164 1447 2224 hoc
1470 2178 1604 2246 precepto
1626 2162 1711 2237 (novi
1780 2169 1791 2191 ⁴

165 2274 202 2322 ην
226 2250 304 2329 ἀφείς
325 2249 424 2309 λοιπδν
443 2248 492 2321 τὴν
516 2248 624 2320 ἐντολὴν
645 2239 720 2321 (οῖδα
741 2247 794 2329 γὰρ
809 2249 851 2308 ὅτι
870 2251 940 2310 Θεοῦ
991 2251 1063 2312 enim
1073 2253 1126 2313 Dei
1137 2256 1222 2335 gratia
1233 2254 1260 2315 id
1274 2279 1322 2338 per
1336 2258 1489 2318 universam
1503 2258 1598 2318 urbem
1610 2278 1711 2339 propa·

165 2343 246 2422 χάριτι
268 2351 368 2400 πᾶσαν
393 2342 583 2421 ἐπιδραμεῖται
596 2337 644 2411 τὴν
668 2340 751 2400 πολιν
775 2345 836 2419 ύμῖν
856 2339 941 2420 θερμά
993 2358 1086 2423 garum
1108 2346 1155 2422 iri,
1173 2369 1236 2407 cum
1262 2347 1329 2409 adeo
1352 2350 1483 2410 ferventes
1504 2348 1532 2409 in
1556 2349 1710 2431 principiis,

165 2434 285 2516 τωοίμια
298 2432 470 2493 ἀναλαύοῦσι
481 2433 527 2492 καί
542 2430 628 2512 ἀρχὴν
643 2432 777 2514 ἰσχυράν),
791 2434 832 2513 ἐφ’
849 2431 942 2513 ῖτίραν
957 2454 975 2502 c
992 2434 1115 2516 adeoque
1125 2453 1274 2500 constantes
1284 2461 1331 2501 vos
1338 2440 1508 2516 exhibeatis),
1515 2440 1550 2500 ad
1559 2439 1636 2500 aliud
1643 2462 1712 2522 prae·

168 2526 371 2604 μετσύάσομαι,
396 2523 446 2596 τὴν
472 2528 521 2596 τῆς
551 2526 631 2605 ὀργῆς
655 2524 809 2606 ὑπερορίαν.
832 2524 942 2606 Ὥσπερ
994 2541 1102 2608 ceptum
1116 2530 1247 2604 transibo,
1257 2529 1331 2611 quod
1350 2545 1390 2590 est
1409 2530 1443 2591 de
1459 2545 1594 2591 contemtu
1607 2531 1662 2590 irae.
1672 2532 1712 2591 Ut

166 2617 208 2698 ηθρ
217 2618 262 2676 ἐπὶ
275 2623 329 2688 τῆς
342 2616 456 2696 κιθάρας
464 2617 513 2675 οῦκ
523 2616 600 2696 ἀρκεῖ
614 2616 692 2695 μόνον
707 2615 761 2675 ἀπδ
775 2626 837 2695 μιᾶς
848 2628 942 2699 νευρᾶς
993 2619 1066 2679 enim
1086 2621 1114 2679 in
1128 2621 1231 2682 cithara
1247 2622 1376 2682 nonsatis
1390 2636 1430 2682 est
1444 2623 1522 2682 unico
1535 2644 1617 2683 nervo
1629 2623 1712 2682 conli-

167 2711 204 2782 τὴν
219 2707 358 2790 μελῳδίαν
380 2709 563 2788 ἐργάσασθαι,
585 2708 654 2769 ἀλλὰ
673 2710 762 2777 πάσας
781 2708 883 2769 ἐπιέναι
903 2711 942 2771 δεῖ
993 2732 1053 2771 cere
1066 2711 1221 2788 melodiam,
1232 2714 1280 2774 sed
1290 2736 1382 2776 omnes
1392 2713 1565 2797 percurrendi
1573 2728 1644 2789 sunt,
1651 2735 1712 2775 con·

169 2800 227 2878 perd
248 2806 354 2879 ῥυθμοῦ
378 2807 427 2860 τοῦ
451 2800 647 2882 προσήκοντος·
661 2799 730 2860 οὕτω
751 2800 797 2860 καί
823 2801 867 2861 tet
894 2806 942 2874 τῆς
994 2804 1123 2864 cinnitate
1143 2807 1367 2886 congruentirita
1383 2829 1490 2886 quoque
1503 2807 1531 2867 in
1545 2807 1628 2866 animi
1653 2807 1712 2868 vir·

169 2893 227 2951 ιετθ
239 2892 335 2972 ψυχὴν
350 2896 449 2972 ἀρετῆς
469 2894 518 2951 οῦκ
532 2899 607 2972 ἀρκεῖ
621 2891 698 2972 μόνος
716 2898 783 2973 ἡμῖν
799 2896 836 2961 είς
855 2917 942 2966 σωτη-
994 2911 1065 2972 tute,
1078 2918 1131 2957 non
1145 2919 1199 2958 una
1212 2900 1258 2959 lex
1273 2899 1377 2959 sufficit
1396 2900 1474 2959 nobis
1490 2898 1665 2977 adsalutem,
1681 2913 1712 2959 ut

172 2984 219 3061 ρίαν
232 2976 268 3051 εἷς
279 2985 381 3063 νόμος,
398 2983 520 3066 καθάπερ
530 2984 611 3066 ίφθην
624 2983 721 3058 εἰπὼν,
736 2985 805 3047 ἀλλὰ
821 2988 860 3046 δεῖ
872 2987 943 3046 πάν·
994 2989 1071 3071 prius
1091 2989 1162 3064 dixi,
1176 2990 1222 3050 sed
1242 3012 1333 3051 omncs
1348 3004 1441 3051 exacte
1462 2990 1618 3072 praestanda
1636 3004 1710 3066 sunt,

171 3099 209 3140 τις
223 3075 319 3143 αὖτοὺς
345 3076 417 3154 μετὰ
432 3075 570 3156 ἐκριύιίσς
589 3078 748 3159 φυλάττειν,
774 3081 796 3136 εί
822 3077 853 3151 δὴ
879 3077 942 3157 μίλ-
995 3080 1019 3140 σί
1035 3080 1144 3159 quidem
1165 3082 1279 3142 velimus
1293 3083 1366 3143 omni
1380 3083 1521 3142 harmonia
1535 3082 1671 3143 dulciores
1686 3095 1713 3143 et

170 3171 250 3245 ἐοιμεν
269 3168 324 3241 τὴν
347 3167 456 3239 ἁπάσης
480 3167 607 3252 ἁρμονίας
626 3168 695 3242 ἡδίω
709 3169 755 3229 καί
774 3170 944 3251 χρησιμωτί-
995 3173 1117 3233 utiliores
1128 3173 1252 3235 modulos
1264 3175 1402 3237 conficere.
1413 3173 1518 3235 Didicit
1528 3196 1558 3235 os
1568 3189 1645 3235 tuum
1659 3195 1713 3236 non

172 3285 212 3341 ραν
232 3261 370 3342 μελῳδίαν
386 3259 551 3340 ἐργάζεσθαι
570 3258 676 3340 Ἐμαθί
688 3284 735 3322 σου
748 3262 781 3324 τδ
797 3262 885 3341 στόμα
904 3262 941 3343 μὴ
992 3265 1207 3345 jurareicdocta
1219 3280 1258 3325 est
1271 3266 1714 3354 tualinguadta,etNon,ubique

170 3354 293 3430 θανόντες
316 3353 460 3426 ἐπαιδεύθη
487 3358 505 3425 ἡ
531 3357 638 3433 γλῶττα
662 3353 706 3414 ναί
732 3352 831 3416 καλοῦ
857 3355 942 3435 λίγειν
997 3359 1112 3417 sonare?
1126 3357 1218 3418 Discat
1234 3358 1314 3417 ctiam
1328 3358 1481 3418 convicium
1493 3379 1572 3419 omne
1584 3356 1713 3433 aversari,

170 3450 318 3526 τανταροῦ,
350 3444 469 3504 Μαθίτω
496 3446 542 3505 καί
569 3445 701 3526 λοιδορίαν
732 3446 978 3527 ἀποστρέφεσθαι)
997 3449 1179 3529 majoremque
1187 3471 1280 3510 curam
1288 3449 1324 3510 ad
1333 3451 1386 3511 hoc
1397 3465 1562 3532 praeccptum
1572 3449 1713 3518 adhibere,

170 3537 287 3609 ίπαταν,
317 3536 365 3596 καί
392 3537 503 3597 πλείονα
530 3538 615 3618 ιπερὶ
638 3538 687 3610 τὴν
713 3538 821 3613 ἐντολὴν
845 3539 942 3613 ταύτην
997 3538 1215 3619 quandoquidem
1230 3555 1257 3601 et
1270 3543 1371 3622 majore
1390 3541 1482 3601 labore
1500 3563 1568 3622 opus
1580 3555 1628 3601 est.
1643 3542 1714 3600 Nam

168 3630 293 3709 εἰσφέρειν
317 3628 450 3702 σπουδὴν,
472 3623 563 3701 ἐπειδὴ
584 3629 631 3689 καί
642 3629 762 3698 πλείονος
774 3637 840 3710 ἡμῖν
859 3633 944 3691 δεῖται
995 3631 1226 3694 illicconsuetudo
1249 3635 1306 3694 sola
1327 3634 1459 3694 vincenda
1475 3635 1526 3693 luit
1538 3633 1581 3692 :in
1597 3633 1635 3692 ira
1648 3653 1714 3693 vero

168 3725 208 3780 καὶ
231 3724 326 3781 πόνου.
348 3721 425 3782 Ἐκεῖ
452 3721 499 3800 μὲν
521 3722 574 3802 γάρ
597 3723 735 3795 συνηθείας
761 3725 944 3807 περιγενέσθαι
996 3725 1150 3783 nervosiore
1169 3724 1303 3804 industria
1325 3747 1392 3806 opus
1415 3739 1470 3795 cst;
1486 3725 1620 3796 violentus
1642 3725 1714 3785 enim

168 3816 241 3889 μόνον
266 3814 339 3887 ἔδει,
356 3813 401 3872 ἐπί
416 3813 444 3873 δέ
465 3819 512 3886 τῆς
534 3819 615 3896 ὀργῆς
639 3816 815 3898 εύτονιοτίρας
836 3819 875 3877 δεῖ
896 3823 943 3890 τῆς
996 3815 1108 3874 allectus
1123 3829 1171 3890 est,
1180 3829 1204 3875 et
1218 3815 1384 3898 tyrannicus,
1394 3831 1420 3876 et
1429 3816 1543 3876 subinde
1555 3815 1656 3898 abripit
1669 3816 1715 3878 vel

169 3908 302 3976 στεαεῒής·
322 3907 477 3987 τυραννικὸν
501 3906 553 3987 γὰρ
573 3907 605 3966 τδ
627 3908 725 3981 πάθος,
748 3908 794 3968 καί
816 3909 944 3977 πολλάκις
997 3927 1041 3966 cos
1060 3907 1106 3985 qui
1118 3906 1242 3986 vigilant,
1257 3921 1282 3967 et
1298 3907 1335 3968 ad
1347 3908 1509 3968 barathrum
1523 3908 1612 3990 ipsum
1626 3907 1715 3990 perdi·
1794 3915 1797 3920 ’

168 3998 316 4077 παρστύρει
333 3996 419 4064 ί’τοῦς
440 3997 582 4078 νήφοντας,
605 3999 650 4058 καὶ
673 4000 739 4081 πρδς
757 4001 788 4062 τδ
813 4001 943 4083 βάραθρον
997 3996 1078 4058 tionis
1089 3996 1210 4059 deducit.
1220 4000 1299 4058 Ferte
1312 3999 1396 4079 igitur
1412 4000 1596 4081 prolixitatem
1608 4021 1713 4060 sermo·

169 4092 228 4149 abab
250 4091 368 4168 κατάγει
388 4093 437 4159 τῆς
457 4091 599 4159 ἀπωλείας.
619 4092 776 4173 ’λνάοχεσθε
794 4093 879 4154 τοίνυν
897 4100 943 4155 τοῦ
996 4089 1048 4149 nis.
1061 4088 1330 4171 Absurdumquippe
1343 4105 1383 4150 est
1399 4112 1461 4150 cnm
1481 4089 1602 4170 quotidie
1617 4090 1715 4152 vulne·

171 4184 267 4259 μηκως
288 4188 344 4242 τῶν
368 4183 463 4261 λόγων.
490 4182 543 4242 Καί
559 4183 611 4264 γδιρ
635 4185 733 4244 ἄτοπον
756 4187 814 4244 καθ’
828 4185 942 4257 ῖκάστην
997 4183 1065 4241 reris
1086 4183 1114 4241 in
1135 4182 1204 4256 soro,
1215 4182 1242 4240 in
1257 4181 1371 4257 aedihus,
1383 4183 1418 4242 ab
1435 4181 1567 4259 amicis,a
1584 4182 1714 4263 cognatis,

168 4278 266 4356 ἡμέραν
280 4276 540 4357 τραυματιζομένως
555 4278 582 4334 ἐν
597 4280 720 4357 ἀγοραῖς,
732 4280 759 4336 ἐν
775 4276 882 4352 οἰκίαις,
892 4278 943 4338 bal
997 4274 1033 4333 ab
1044 4273 1171 4345 inimicis,
1181 4295 1196 4331 a
1205 4273 1314 4346 vicinis,
1325 4295 1340 4332 a
1350 4273 1443 4348 servis,
1455 4273 1490 4332 ab
1502 4295 1597 4350 uxore,
1609 4295 1625 4331 a
1644 4273 1713 4349 filio,

170 4368 260 4444 φύσιν,
274 4368 329 4426 ὑπὸ
344 4371 495 4444 συγγενῶν,
518 4367 570 4427 ὑπὸ
588 4371 706 4448 ἐχθρῶν,
729 4369 779 4428 ῦπδ
802 4369 942 4448 γειτόνων,
997 4364 1359 4447 apropriiscogitationibus,
1367 4366 1487 4425 nesemel
1498 4365 1607 4444 quidem
1617 4365 1644 4423 in
1653 4364 1716 4424 nni·

170 4458 217 4516 lna
236 4461 368 4530 οἰκετῶν,
384 4460 436 4519 bno
458 4460 594 4536 γυναικὸς,
618 4459 670 4520 ύπδ
692 4460 812 4534 παιδίου,
836 4462 887 4521 ὑπὸ
905 4465 943 4521 ol·
996 4480 1074 4520 versa
1086 4455 1256 4517 hebdomada
1272 4455 1307 4516 de
1320 4455 1439 4517 remedio
1451 4457 1561 4518 illorum
1570 4456 1716 4519 vulnerum

170 4552 244 4608 κείων
258 4555 417 4630 λογισμῶν,
435 4551 502 4629 μηδὲ
524 4551 594 4621 ἅπαξ
608 4556 656 4624 τῆς
670 4554 815 4631 ίύδομάδος
836 4555 942 4627 ἁπάσης
958 4564 977 4612 E
998 4572 1090 4610 curam
1101 4547 1412 4629 admitterezpraesertim
1424 4570 1487 4609 cum
1502 4548 1619 4608 sciamus
1632 4546 1716 4606 istum

169 4646 230 4723 ὑπὲρ
252 4648 301 4714 ’.ἧς
317 4644 460 4723 θεραπείας
481 4649 536 4704 τῶν
559 4645 718 4724 τραυμάτων
739 4644 845 4705 ἐκείνων
864 4669 944 4728 φρον-
996 4638 1228 4702 curandimodum
1239 4660 1286 4698 nec
1297 4653 1399 4712 sumtu,
1410 4651 1459 4698 nec'
1470 4638 1563 4698 dolore
1581 4650 1713 4697 constare.

169 4737 260 4805 τέξειν,
274 4737 321 4794 καὶ
335 4743 420 4795 ταῦτα
441 4736 543 4804 εἰδότας
564 4740 599 4803 ὡς
619 4737 751 4805 ἀδάπανός
764 4762 792 4797 τε
808 4738 854 4798 καὶ
869 4737 941 4798 ιἰνιύ-
996 4735 1056 4793 Non
1071 4732 1143 4791 enim
1164 4752 1236 4790 nunc
1253 4732 1354 4790 serrum
1372 4730 1399 4789 in
1413 4730 1538 4789 manibus
1557 4728 1716 4790 babeotscd

170 4829 238 4894 ‘intas
253 4819 328 4894 οὗτος
351 4834 400 4899 τῆς
421 4827 565 4907 θεραπείας
583 4833 597 4887 ὁ
618 4828 723 4907 τρόπος.
747 4829 817 4890 Οθδέ
839 4829 891 4912 γάρ
911 4831 941 4890 τδ
998 4824 1113 4886 verbum
1127 4845 1176 4905 pro
1196 4823 1274 4892 ferro,
1289 4823 1385 4900 quovis
1406 4836 1493 4880 tamen
1512 4824 1582 4880 ferro
1594 4822 1715 4900 acutius,

170 4921 281 4998 σιέτζρεον
304 4925 330 4980 ἐν
350 4918 473 5002 τῇχειρί
492 4920 601 4999 κατέχον
621 4927 683 4992 νῦν,
702 4920 771 4981 ἐλλδι
784 4921 861 5001 λόγω
883 4922 941 4981 ἀντὶ
999 4933 1026 4978 et
1043 4917 1163 4998 cujusvis
1177 4915 1278 4997 peccati
1292 4913 1460 4994 putredinem
1475 4913 1717 4991 exscindens3sine

169 5011 284 5091 σιδηρίου
298 5010 541 5093 μεταγειρίζομαι,
555 5010 672 5092 σιδηρίου
697 5013 745 5091 μὲν
764 5013 862 5079 παντὸς
879 5012 942 5072 ὄντα
1000 5011 1093 5072 dolore
1103 5023 1190 5068 tamen
1203 5007 1270 5087 ejus,
1283 5005 1328 5064 cui
1338 5005 1387 5064 ista
1401 5005 1497 5068 inrisio
1506 5005 1614 5066 fit.Non
1625 5005 1717 5086 ignem

171 5103 325 5183 τομώτερον,
338 5107 385 5165 καί
400 5114 495 5163 πᾶσαν
509 5108 558 5175 τῆς
573 5103 703 5186 ἁμαρτίας
716 5105 878 5167 ἐκκύπτοντα
894 5106 942 5180 τὴν
999 5104 1027 5163 in
1041 5103 1137 5162 dextra
1151 5098 1248 5173 babeo,
1271 5096 1319 5157 sed
1331 5096 1482 5157 doctrinam
1498 5098 1561 5176 igne
1572 5097 1718 5159 vehemen-

203 5291 213 5312 ’
229 5277 285 5345 ling.
299 5289 351 5346 rapi,-
363 5293 415 5341 τεξν.
1001 5279 1014 5318 b
1031 5276 1092 5342 lieg-
1106 5277 1157 5332 τοὺς
1170 5280 1205 5340 μὴ
1217 5284 1336 5344 νήφοντας,
1347 5287 1402 5338 qnae
1414 5269 1488 5322 lectio
1504 5286 1556 5323 non
1568 5267 1717 5336 metuenda,
