3810 6000
484 560 669 626 ,ιντιιοιῑιιι
697 562 775 612 rear
802 564 833 610 tn·
863 562 1037 617 exsistunt.
1209 556 1211 561 ’
1456 546 1525 619 503

90 708 161 768 ματα
177 688 223 748 καί
236 687 353 769 χαλεπὸν
371 688 402 747 τ“ο
420 687 574 761 κλυδώνιον,
591 688 636 748 καί
656 687 754 769 δόρατα

90 779 243 857 ιευασμένα·
262 777 338 858 κάγὼ
359 782 396 844 ne
417 778 581 857 κυθερνήτης
602 781 628 836 ἐν
646 778 755 859 μεγάλῳ

93 896 117 945 ι,
130 871 274 947 καθέζομαι
287 870 331 929 ἐπὶ
341 869 389 937 τάς
400 868 447 927 δύο
457 868 580 949 πρύμνας
593 877 639 928 τοῦ
652 868 754 941 πλοίου,

90 963 130 1023 ἐπὶ
147 962 196 1034 τὴν
209 961 328 1021 παλαιάν
345 963 391 1020 καλ
404 960 465 1020 νέαν
479 960 627 1033 Διαθήκην,
642 961 687 1019 καὶ
698 969 755 1025 ταῖς

809 686 899 747 hastas
908 711 914 746 ι
924 702 951 748 at
960 709 1010 769 ego
1022 691 1185 769 gubernator
1195 710 1292 772 magna
1304 692 1445 772 ingruente
1458 708 1526 754 tem-

809 792 920 857 pestate,
936 779 964 839 in
978 779 1085 839 duabus
1097 781 1201 861 navigii
1217 782 1358 864 puppibus
1372 783 1463 858 sedeo,
1474 786 1527 844 sci·
1559 792 1563 801 '

808 869 882 947 licet,
891 870 918 930 in
928 873 1021 933 Veteri
1032 887 1058 931 et
1068 875 1147 934 Novo
1159 875 1343 946 Testamento,
1356 889 1435 954 atque
1445 876 1526 936 remis

808 973 993 1042 tempestatem
1016 965 1142 1046 depello:
1159 987 1212 1025 non
1236 967 1317 1026 remis
1342 964 1457 1046 ligneis,
1479 967 1527 1027 sed

90 1077 92 1115 :
111 1057 267 1131 ἀπωθοῦμαι
288 1051 336 1126 τὴν
350 1053 445 1123 ζάλην·
459 1056 489 1112 οὐ
503 1059 561 1118 ταῖς
580 1051 683 1118 κώπαις
696 1058 755 1116 ταῖς
764 1052 962 1141 ,numeranda
976 1077 1056 1115 cruce
1067 1056 1179 1116 Domini
1191 1070 1375 1138 tempestatem
1389 1058 1416 1116 in
1433 1079 1526 1137 pacem

90 1168 118 1217 ς,
138 1143 208 1203 ἀλλὰ
221 1148 260 1223 τῷ
277 1148 384 1227 σταυρῷ
398 1148 435 1225 τῷ
450 1144 532 1222 τιμίῳ
551 1150 597 1202 τοῦ
618 1141 754 1201 Δεσπότου
773 1158 792 1201 a
810 1157 944 1203 converto.
956 1145 1193 1227 Dominusjubet,
1206 1162 1231 1206 ct
1252 1162 1396 1208 coronatur
1415 1170 1524 1208 servus:

90 1238 169 1305 ληνελς
183 1234 291 1313 εἰρήνην
304 1233 486 1316 μεταστρέφω.
494 1234 632 1303 Δεσπότης
643 1232 754 1303 κελεύει,

90 1328 138 1394 θισς
154 1333 348 1405 στεφανοῦται·
361 1324 405 1384 διὰ
418 1332 495 1384 τοῦτο
509 1325 587 1384 αύτθν
602 1326 654 1402 (οὗ)
667 1346 756 1402 παρα·

90 1418 178 1485 ιαθτδς
191 1417 317 1498 διαδολιρ.
330 1418 345 1448 *
355 1416 405 1476 Ἓν
419 1416 449 1496 (l.
464 1416 507 1490 ἂν)
519 1416 546 1476 δὲ
557 1419 604 1475 οὐκ
618 1416 719 1474 οἴδασιν
729 1419 754 1475 ol

90 1534 119 1571 τοι
133 1510 175 1569 ότι
197 1509 242 1569 διὰ
264 1515 311 1567 τοῦ
340 1508 489 1587 ἀκαθάρτου
510 1508 540 1566 ab
564 1505 753 1589 καθαρώτατον

97 1609 268 1684 φανεροῦται,
282 1600 401 1679 Ἀδελφοί
408 1643 418 1674 ,
442 1607 513 1677 τρεῖς
535 1604 596 1678 ὑμῖν
617 1598 754 1664 ὑποθέσεις

90 1738 98 1771 ,
115 1694 215 1766 πίστιν,
236 1693 395 1773 πειρασμὸν,
409 1690 590 1770 σωφροσύνην.
605 1693 640 1750 El
662 1689 753 1766 λέγετε

91 1784 238 1863 ὑπομένειν,
251 1785 404 1862 μιμήσασθε
414 1784 459 1842 τὸν
471 1783 601 1863 μακάριον
615 1781 751 1860 adpetit,

90 1875 249 1959 ’ρηκμσκότα
268 1878 301 1953 τῇ
321 1874 413 1957 ἡλικίη
435 1875 482 1934 καλ
496 1872 613 1953 καρποὺς
635 1871 751 1952 ὡρίμους

90 1990 132 2027 νον.
146 1971 179 2029 El
193 1969 221 2028 δὲ
231 1966 323 2046 λέγετε
334 1967 482 2050 πειρασμὸν
493 1966 646 2044 ὑπομένειν,
661 1972 749 2042 μιμεῖ-

100 2062 228 2141 μακάριον
243 2059 381 2120 'lde-To
392 2064 469 2118 αὐτοῦ
483 2060 579 2140 τρόπον
594 2059 693 2130 οίδατε,
704 2055 750 2115 καὶ

809 1233 924 1312 ideoque
940 1257 993 1295 non
1012 1239 1115 1296 eumin
1134 1238 1237 1298 diaboli
1260 1261 1355 1298 manus
1376 1240 1524 1299 traditan

809 1325 933 1403 ignorant
957 1327 1095 1403 homiues,
1117 1351 1165 1389 vas
1190 1331 1367 1411 purissimum
1389 1331 1525 1391 immundi

808 1418 1008 1496 comparatione
1022 1421 1199 1501 conspicuum
1211 1422 1290 1480 steri?
1300 1424 1416 1497 Fratres,
1430 1422 1524 1503 hypo-

808 1507 895 1567 theses
904 1509 982 1568 robis
996 1524 1048 1570 tres
1062 1534 1142 1593 pono,
1153 1513 1247 1587 fidem,
1257 1514 1442 1589 tentationem,
1455 1534 1522 1574 con·

808 1598 955 1660 tinentiam.
967 1602 996 1660 Si
1010 1603 1107 1663 dicatis
1119 1605 1201 1664 fidem
1213 1625 1263 1664 vos
1274 1606 1415 1682 sustinere,
1427 1605 1523 1665 imita-

806 1690 874 1750 mini
887 1693 998 1753 beatum
1011 1696 1159 1770 Abraham,
1171 1697 1218 1775 qni
1232 1696 1266 1755 ad
1280 1710 1443 1757 senectutem
1456 1719 1524 1778 per-

806 1783 891 1860 venit,
903 1798 929 1844 et
943 1800 1063 1846 maturos
1076 1789 1177 1869 accepit
1191 1790 1305 1848 tructus.
1320 1789 1350 1849 Si
1363 1787 1460 1849 dicatis
1474 1810 1525 1851 vos

806 1875 979 1936 tentationem
1004 1880 1149 1956 sustinere,
1165 1881 1310 1940 imitamini
1332 1881 1443 1939 beatum
1456 1882 1521 1943 tob.

806 1966 873 2046 Ejus
887 1988 974 2028 mores
990 1970 1091 2043 nostis,
1105 1985 1131 2030 et
1150 1972 1309 2051 patientiam
1329 1970 1459 2048 audistis,
1474 1993 1524 2032 nec

805 2057 934 2137 ignoratis
946 2062 1055 2139 qualern
1075 2063 1186 2122 sortitus
1204 2065 1240 2123 sit
1261 2065 1351 2124 finem.
1369 2063 1417 2123 Sin
1432 2063 1524 2123 uelitis

90 2153 185 2232 ομονὴν
210 2152 358 2224 ἠκούσατε,
384 2152 429 2211 καὶ
453 2151 579 2217 τὸτέλος
605 2153 683 2209 αὐτοῦ
704 2153 750 2209 οὐκ
768 2170 786 2215 n
805 2151 994 2210 continentiam
1003 2155 1522 2236 sustiuere‚imitaminibeatumloseplr,

100 2250 169 2324 ύμῖν.
186 2248 220 2305 Εἰ
240 2244 269 2304 δὲ
292 2245 381 2305 θέλετε
404 2242 575 2326 σωφροσύνην
600 2242 751 2319 ὑπομένειν,

90 2342 134 2397 σθε
147 2338 191 2396 τὸν
207 2336 338 2418 μακάριον
355 2334 470 2416 Ἰωσὴφ,
492 2334 536 2394 τὸν
557 2335 692 2415 πραθέντα
711 2337 749 2399 είς

90 2452 125 2501 ον,
140 2428 185 2487 καὶ
203 2430 275 2507 λιμῷ
290 2428 440 2504 τηκομένην
454 2425 587 2504 Αἴγυπτον
604 2422 748 2502 ἐλευθερώ-

93 2520 240 2601 Προσετίθη
262 2518 315 2598 γάρ
338 2522 409 2597 αὐτῷ
423 2517 572 2598 πειρασμὸς
596 2520 626 2576 ἐκ
648 2517 748 2595 πόρνης

90 2611 128 2681 lae
139 2616 177 2693 τῷ
193 2612 272 2691 ἔρωτι
282 2610 494 2686 δεδουλωμένης,
505 2610 565 2681 ἥτις
577 2611 649 2689 αὐτῷ
663 2633 747 2691 παρε-

90 2705 277 2783 ,·Κοιμήθητι,
291 2703 420 2782 λέγουσα,
437 2705 495 2778 μετ’
511 2704 586 2778 ἐμοῦ.
605 2701 749 2764 Ἐόούλετο

90 2796 270 2879 ςσωφροσύνης
288 2795 364 2854 αὐτὸν
388 2798 581 2874 ἀπογυμνῶσαι
601 2798 677 2875 έντῇ
701 2799 748 2855 Αἰ·

90 2896 107 2962 ἡ
127 2889 276 2972 Αἰγυπτία·
299 2891 412 2963 ἐνταῦθα
432 2885 460 2944 δέ
480 2891 494 2945 ὁ
511 2886 663 2965 Αἰγύπτιος.
676 2887 747 2945 Ἀλλ’

90 2982 147 3055 νίκη
159 2984 205 3042 τὸν
219 2982 294 3060 άγιον
305 2979 450 3048 ίσκελισεν,
469 2977 529 3036 οὗτε
547 2971 621 3046 οὗτος
641 2986 748 3039 τοῦτον·

90 3074 141 3149 den
161 3080 228 3152 θροῦ
247 3076 297 3143 τῆς
319 3070 465 3153 ἐλευθερίας
478 3075 496 3141 ἡ
510 3069 683 3150 σωφροσύνη,
703 3071 749 3129 καί

90 3173 184 3239 ινωνὴ
199 3164 331 3242 εὐγένεια,
354 3164 467 3234 καὶτῆς
490 3163 625 3244 βαρόάρου
645 3168 662 3233 ἡ
683 3165 749 3222 άκο-

805 2242 850 2319 qui
862 2242 989 2303 venditus
999 2257 1037 2303 est
1049 2245 1077 2305 in
1087 2247 1240 2328 AEgyptum
1251 2245 1401 2319 ducendus,
1412 2260 1438 2306 et
1450 2247 1523 2306 lame

803 2334 980 2393 tabescentem
1005 2336 1155 2416 AEgyptum
1181 2338 1318 2397 liberavit.
1348 2338 1392 2396 llli
1419 2338 1521 2418 quippe

804 2425 915 2483 tentatio
936 2425 1025 2483 oblata
1050 2440 1089 2485 est
1112 2450 1159 2507 per
1181 2428 1347 2487 meretricem
1360 2428 1519 2509 AEgyptiam

803 2536 894 2574 amore
902 2516 960 2596 ejus
967 2530 1083 2596 captam,
1092 2518 1210 2598 quoeipsi
1219 2517 1362 2594 assidebat,
1369 2520 1452 2577 cata
1461 2539 1518 2575 me·
1528 2545 1633 2609 ηαδ,
1646 2564 1669 2609 7,

803 2628 880 2676 cum,
893 2605 995 2668 dicens.
1009 2609 1124 2667 Volebat
1138 2611 1209 2668 enim
1225 2630 1286 2668 eum
1300 2631 1316 2667 a
1333 2610 1454 2669 castitate
1466 2611 1516 2669 ab·

802 2698 901 2758 ducere
910 2699 937 2758 in
948 2700 1068 2780 AEpypto
1077 2701 1206 2781 AEgyptia
1217 2724 1223 2758 ι
1233 2702 1278 2761 hic
1291 2723 1357 2761 vero
1369 2701 1518 2783 AEgyptius
1553 2724 1671 2786 rneopur,

802 2789 885 2849 adest.
897 2793 1001 2851 Verum
1015 2812 1099 2869 neque
1116 2791 1163 2850 illa
1183 2805 1306 2851 sanctum
1319 2793 1515 2874 supplantavit,
1524 2787 1569 2831 ¹¹¹⁸·
1688 2792 1692 2799 ’

803 2902 889 2961 neque
902 2882 976 2941 hunc
989 2882 1043 2941 ille.
1062 2883 1117 2942 Sed
1135 2884 1264 2964 apparuit
1284 2883 1367 2943 simul
1384 2883 1519 2943 libertatis

802 2974 989 3055 temperantia,
1003 2975 1124 3034 filiorum
1137 2976 1276 3054 nobilitas,
1287 2990 1314 3035 et
1324 2976 1448 3036 barbara
1460 2997 1520 3034 mu·

803 3067 876 3126 lieris
888 3066 1089 3126 incontinentia.

90 3351 152 3433 ιφολ,
169 3356 184 3410 θ
204 3349 322 3421 κλέπτης
336 3352 383 3408 οὐκ
403 3347 513 3428 ἔρχεται
536 3348 602 3407 ὅπου
622 3346 749 3424 καλάμη,
767 3370 785 3415 0
844 3342 874 3395 θ.
891 3338 1008 3407 Fratres,
1020 3339 1065 3396 sur
1078 3357 1131 3396 non
1145 3337 1297 3417 ingreditur
1311 3357 1353 3413 eo,
1367 3336 1415 3395 ubi
1429 3336 1517 3417 palea,

90 3465 152 3515 ιτος,
174 3442 220 3501 καὶ
241 3441 326 3509 ξύλον·
349 3442 408 3499 ἀλλ’
423 3440 487 3499 θ’που
502 3446 590 3497 κεῖται
603 3438 715 3519 χρυσὸς,
731 3438 749 3511 ἢ

90 3533 145 3609 ἢῆ
159 3533 337 3613 μαργαρίτης·
353 3531 465 3598 ούτωςθ
484 3530 605 3597 διάόολος
624 3533 671 3589 οὐκ
693 3534 749 3591 εἷο·

90 3626 164 3689 ,ὅπου
177 3627 289 3707 πόρνος,
310 3624 328 3696 ἢ
347 3624 474 3702 βέόηλος,
486 3623 504 3694 ἢ
518 3623 625 3704 ἅρπαξ,
638 3622 655 3695 ἢ
668 3624 749 3682 πλεο-

90 3721 173 3779 ·θλλ’
194 3718 260 3776 ὅπου
283 3719 307 3774 οί
331 3716 377 3775 τὸν
400 3714 499 3795 ἔρημον
520 3715 577 3793 βίον
606 3715 749 3795 διάγοντες.

90 3812 119 3885 l,
134 3809 281 3889 βωλόμεθα
303 3809 460 3886 ίφαπλῶσαι
478 3806 528 3877 τὴν
550 3809 670 3885 γλῶτταν
684 3808 750 3888 πρὸς

90 3900 180 3972 ratem
198 3899 278 3959 Ἀλλὰ
291 3899 318 3957 τί
341 3898 428 3968 είπω;
445 3895 563 3963 Ἰεζάόελ
579 3897 748 3979 θορυδεῖται,

90 3994 135 4063 dar
144 3992 250 4074 φεύγει·
261 3990 395 4070 Ἡρωδιὰς
405 3988 588 4070 εὐφραίνεται,
600 3988 646 4047 καλ
659 3987 749 4047 Ἰωάν-

90 4084 213 4165 peieret·
227 4090 244 4156 ἡ
259 4082 394 4161 Αἰγυπτία
419 4082 561 4161 ψεύδεται,
584 4080 630 4139 καί
649 4080 748 4162 Ἰωσὴφ

90 4184 160 4248 ξιτατ.
173 4176 239 4237 ’Etr
252 4167 296 4236 οθν
316 4173 455 4255 ἐξορίσωσί
477 4196 526 4250 με,
543 4173 586 4231 τὸν
598 4172 693 4230 Ἠλίαν
706 4196 748 4250 μι-

91 4292 99 4307 ·
120 4268 166 4329 tto
186 4271 222 4335 είς
244 4267 369 4348 βόρθορον
393 4265 508 4343 βάλωσι,
533 4264 576 4323 τὸν
596 4262 747 4344 Ἱερεμίαν·

93 4360 234 4433 θάλατταν,
251 4360 295 4418 τδν
316 4358 455 4440 προφήτην
471 4356 580 4415 Ἰωνᾶν·
593 4355 638 4414 ἐάν
653 4358 699 4415 καὶ
711 4361 748 4425 είς

90 4450 279 4524 ,τδνΔανιήλ·
304 4450 350 4511 ἐὰν
368 4448 496 4508 λιθάσωοί
520 4471 569 4526 με,
595 4448 746 4527 Στέφανον·

803 3430 905 3490 frenum
913 3474 923 3507 ,
936 3444 962 3489 et
972 3428 1077 3508 lignum
1092 3430 1205 3506 adsunt;
1221 3430 1269 3489 sed
1283 3429 1330 3487 ubi
1344 3449 1459 3501 aurum,
1476 3450 1521 3486 ar·

804 3535 930 3599 gentum,
945 3535 991 3580 aut
1005 3521 1151 3599 margarita
1166 3545 1172 3577 :
1188 3521 1227 3579 sic
1241 3534 1267 3578 et
1280 3518 1405 3577 diabolus
1421 3539 1473 3577 non
1488 3540 1519 3577 eo

804 3612 967 3689 ingreditur,
981 3612 1030 3670 ubi
1044 3625 1184 3680 scortator,
1199 3624 1246 3668 ant
1261 3610 1396 3689 profanus,
1412 3622 1457 3666 aut
1472 3630 1520 3666 ra·

803 3725 877 3784 pan,
892 3717 940 3762 aut
958 3724 1071 3774 avarus3
1085 3700 1133 3761 sed
1155 3702 1200 3758 ubi
1226 3700 1284 3771 illi,
1302 3700 1349 3777 qui
1371 3699 1520 3758 solitariam

804 3808 888 3873 agunt
897 3794 990 3853 uitam
1000 3795 1116 3865 Fratres,
1124 3793 1285 3851 rolumusne
1294 3790 1521 3869 linguamacucre

803 3888 932 3946 adversus
945 3883 1231 3965 lmpe1·atricem?Sed
1241 3883 1308 3963 quid
1319 3883 1427 3943 dicam?
1438 3886 1519 3945 Jeza-

804 3977 847 4036 bel
861 3976 1008 4036 tumultum
1016 3976 1123 4055 agitet
1134 3975 1225 4035 llelias
1236 3974 1323 4054 sugit:
1334 3974 1520 4034 Herodiaslae·

805 4082 890 4141 tatur,
912 4080 938 4126 ct
950 4070 1067 4129 loannes
1080 4066 1198 4125 uinculis
1212 4066 1371 4146 stringitur:
1388 4065 1520 4147 AEgyptia

804 4159 942 4235 mentitur,
953 4158 1084 4239 etJoseplr
1097 4157 1123 4217 in
1138 4179 1270 4217 carcerem
1280 4157 1411 4216 turditur.
1424 4159 1453 4218 Si
1464 4158 1520 4216 ita-

803 4274 857 4331 que
871 4272 913 4310 mc
927 4250 956 4309 in
970 4250 1097 4309 exsilium
1111 4250 1243 4327 miserint,
1255 4250 1362 4310 Heliam
1374 4249 1519 4325 imitabor;

804 4345 826 4403 si
843 4344 872 4402 in
887 4363 991 4402 coenum
1006 4342 1177 4422 projecerint,
1192 4341 1353 4414 Jeremiam3
1368 4340 1390 4398 si
1405 4341 1432 4399 in
1446 4361 1520 4398 mare

804 4434 1043 4516 praecipitaverint,
1053 4435 1150 4493 Jonam
1161 4432 1335 4512 prophetam
1347 4431 1368 4489 si
1381 4430 1409 4489 in
1420 4431 1519 4503 lacum,

90 4545 280 4625 οαιρσλίσωσι,
301 4541 426 4613 Ἰωάννην
447 4542 491 4600 τδν
514 4541 678 4621 πρόδρομον·
703 4541 747 4600 ἐὰν
768 4558 786 4602 0
804 4526 944 4585 Danielem
950 4525 991 4601 ;si
1003 4523 1193 4603 lapidaverint,
1204 4522 1385 4602 Stephanum,
1400 4521 1423 4579 si
1433 4521 1520 4600 capite

90 4660 141 4711 tet,
153 4638 276 4695 Παῦλον·
291 4634 335 4694 ἐὰν
350 4633 480 4715 πρίσωσι,
492 4632 535 4691 τδν
547 4630 671 4690 ‘linetae
686 4631 749 4691 Εἴθε

90 4728 184 4809 πρίονι,
198 4726 241 4786 ἵνα
258 4733 304 4785 τοῦ
318 4731 431 4803 σταυροῦ
442 4729 486 4782 τοῦ
499 4723 579 4782 πόθου
597 4723 749 4783 ἀπολαύσω.

90 4820 253 4901 ινματοιμένη
274 4820 386 4894 πολεμεῖ
407 4815 451 4874 τὸν
473 4815 630 4893 ἀσώματον·
655 4819 750 4885 ἡλου·

100 5006 149 5081 τὴν
165 5003 284 5083 καθαράν
296 5003 342 5061 καλ
361 5002 473 5060 ἄσπιλον
484 5000 656 5070 Ἐκκλησίαν.
670 5000 750 5059 Ἀλλά

91 5095 159 5168 adel
172 5093 276 5154 καθίσει
289 5094 380 5172 χήρα,
394 5092 433 5150 ἔτι
453 5093 550 5158 ζῶντος
572 5097 617 5150 τοῦ
640 5090 748 5172 ἀνδρός·

90 5190 104 5261 l
127 5178 167 5261 el,
191 5184 238 5245 καλ
259 5191 392 5266 χηρεῦσαι
412 5182 496 5249 θελεις
513 5183 559 5254 τὴν
574 5183 747 5256 Ἐκκλησίαν.

90 5376 121 5427 η.
133 5354 233 5408 ridetur
254 5362 278 5409 τί
288 5358 326 5419 lt,
339 5358 376 5406 oie
388 5352 442 5417 alb]

803 4616 997 4691 truncaverim,
1010 4618 1138 4675 loannem
1148 4617 1357 4686 praecursorem,
1367 4613 1387 4671 si
1397 4613 1520 4671 verbera-

803 4709 904 4782 verint,
923 4707 1052 4779 Paulurn;
1073 4705 1095 4763 si
1107 4725 1178 4762 serra
1190 4703 1332 4777 secuerint,
1344 4703 1449 4761 lsaiam.
1460 4703 1521 4762 Uti-

804 4823 867 4860 nam
885 4821 949 4859 vero
963 4820 1034 4857 scrra
1050 4797 1153 4874 lignea,
1171 4808 1200 4853 ut
1220 4816 1310 4853 arnore
1329 4796 1417 4853 crucis
1431 4796 1516 4853 fruar.

805 4895 939 4974 Corporea
950 4894 1135 4969 incorporeum
1147 4901 1369 4966 oppugnataque
1381 4888 1484 4946 balneis
1494 4900 1520 4945 ct

803 4982 947 5061 unguentis
957 4981 1067 5052 fruitur,
1078 5000 1137 5055 quae
1149 4999 1211 5037 cum
1221 4978 1281 5038 viro
1290 4978 1519 5059 circumplicatur,

803 5081 906 5139 bellum
924 5076 993 5155 gerit
1012 5074 1141 5132 adversus
1155 5093 1250 5151 puram
1269 5086 1295 5131 et
1319 5073 1520 5132 immaculatam

803 5178 961 5239 Ecclesiam.
972 5181 1008 5235 ,tr
1017 5175 1087 5234 enirn
1097 5173 1144 5232 illa
1152 5174 1210 5254 jam
1219 5170 1303 5235 vidua
1314 5173 1428 5254 sedebit,
1440 5174 1520 5234 etiam
