3764 5992
845 502 1025 553 nrtsrotn.
1636 483 1708 582 ⁶⁸7

167 622 267 703 γίνεται
283 625 328 682 τοῦ
340 624 434 684 δεινοῦ.
445 625 494 687 Διὸ
506 627 653 707 παρακαλῶ
667 649 713 686 σου
724 623 773 698 ris
785 626 937 704 τιμιότητα,
995 641 1083 688 tatum
1096 628 1306 711 estnegleotum
1321 630 1404 712 jaoet,
1419 650 1452 692 ac
1471 650 1520 693 nec
1540 630 1709 695 modicorum

166 717 212 776 καί
227 719 325 795 ἰατροῖς
344 716 477 796 διαφόροις
500 716 546 777 καλ
567 716 704 797 ἐμπείροις
725 717 772 779 καλ
789 720 939 801 φαρμάκοις
991 741 1050 800 ope,
1059 719 1182 781 necteris
1192 721 1490 802 temperie,necrerttm
1498 721 1708 784 mariarum

165 812 297 888 χρῆσθαι,
311 817 366 875 τοῖς
378 807 412 866 τά
426 815 536 868 τοιαῦτα
551 810 667 889 διορθῶν
680 809 841 888 δυναμένοις.
858 811 937 872 Ἐπεί
991 811 1068 892 copia
1079 812 1198 872 fruitur:
1213 826 1314 892 quanta
1323 812 1389 872 ltlnc
1408 812 1572 874 aoesbitstis-
1583 826 1613 875 οῖ
1633 815 1709 897 peri-

166 901 212 958 κα1
224 905 302 978 ἡμεῖς
315 900 367 982 πρὸ
381 899 482 959 τούτων
492 905 544 962 τῶν
558 901 653 982 ὀλίγων
671 906 787 982 ἡμερῶν,
799 903 937 982 εὖεμπτώ-
991 903 1046 963 culi
1064 904 1179 965 aooessio
1196 905 1254 981 fist,
1267 905 1352 966 velim
1369 919 1457 967 tecum
1472 917 1589 987 reputes.
1599 905 1708 978 Qum·

166 1017 218 1059 τως
238 999 303 1070 ἡμῖν
321 991 425 1073 ἔχοντος
444 1000 490 1052 τοῦ
507 993 642 1075 στομάχου
657 994 723 1076 πρθς
740 993 800 1061 τοὺς
813 994 937 1072 ἐμίτους,
991 997 1085 1056 obrem
1098 1009 1125 1056 te
1143 1017 1201 1069 oro,
1216 1010 1247 1056 ut
1268 1010 1294 1057 et
1307 998 1397 1058 varios
1414 996 1568 1078 peritosque
1585 996 1708 1059 meditus

166 1087 198 1142 ἐκ
213 1089 260 1156 τῆς
275 1089 320 1142 τοῦ
333 1083 407 1164 άίρος
417 1083 621 1159 καταστάσεως,
635 1090 709 1165 τῇτε
719 1086 786 1166 άλλη
799 1086 938 1170 ἐπιμελείρ
988 1087 1130 1162 adhibeas,
1139 1101 1165 1147 et
1177 1087 1211 1147 iis
1221 1087 1424 1149 medicamentis
1435 1087 1532 1162 nuris,
1541 1088 1709 1171 qunltujus·

166 1176 342 1257 χρησάμενοι,
355 1176 400 1235 καλ
413 1180 453 1256 τῷ
464 1177 598 1258 φαρμάκῳ
609 1180 647 1256 τῷ
660 1176 853 1258 ἐπεσταλμίνῳ
864 1176 938 1258 παρὰ
989 1178 1064 1239 modi
1078 1178 1186 1238 morbos
1196 1178 1295 1259 pellere
1303 1193 1402 1259 queant
1412 1203 1420 1238 ι
1430 1176 1651 1259 φυευάοφιιῖᾶω
1660 1199 1710 1241 nos

165 1271 214 1338 τῆς
227 1267 320 1350 κυρίας
336 1291 385 1345 μου
403 1266 471 1339 Ι’τῆς
489 1266 676 1346 κοσμιωτάτης
694 1267 876 1347 Συγκλητίου,
892 1268 938 1329 καί
955 1276 974 1324 C
989 1271 1070 1331 etiam
1085 1269 1179 1352 paucis
1192 1286 1254 1331 ante
1265 1270 1374 1351 dicbus,
1396 1293 1459 1332 tum
1473 1272 1510 1331 ob
1524 1272 1595 1333 aeris
1609 1284 1711 1333 statum

166 1363 196 1418 οὖ
217 1360 350 1431 δεηθέντες
370 1358 449 1418 πλέον
463 1358 571 1437 ἢτριῶν
590 1361 699 1443 ἡμερῶν
716 1359 781 1419 αὗτδ
796 1361 940 1436 ἐπιθεῖναι,
990 1363 1120 1445 proclivis
1143 1363 1222 1423 nobis
1245 1363 1282 1423 ad
1306 1364 1426 1425 vomitus
1447 1363 1602 1424 stomachus
1623 1377 1709 1443 esset,

166 1450 356 1530 διωρθιθσαμεν
370 1452 448 1509 αὐτοῦ
459 1451 507 1523 τὴν
519 1451 664 1510 ἀσθένειαν.
681 1452 838 1531 Παρακαλῶ
852 1452 938 1512 τοίνυν
991 1468 1074 1534 atque
1086 1454 1181 1516 etaliis
1196 1454 1343 1515 curationis
1354 1455 1508 1535 generibus,
1525 1468 1552 1515 et
1562 1454 1711 1536 pltarmaco

166 1542 213 1601 stoi
235 1543 316 1614 αὐτήν
331 1566 361 1602 σε
380 1542 531 1622 χρήσασθαι
551 1541 648 1622 τούτῳ,
670 1542 716 1602 καὶ
736 1543 939 1623 παρασκευάσαι
989 1566 1031 1620 eo,
1044 1544 1269 1624 quodadomina
1277 1568 1337 1606 mea
1349 1546 1712 1607 lectissimaetornatistitns

166 1634 249 1693 πάλιν
264 1639 328 1712 ἡμῖν
342 1633 369 1702 ἐξ
384 1637 463 1694 αὐτοῦ
476 1637 638 1715 πεμφθῆναι.
658 1634 711 1693 itui
730 1634 782 1715 γὰρ
799 1635 844 1695 καὶ
858 1636 939 1695 πάλιν
990 1636 1130 1718 Syncletio
1152 1637 1264 1697 missum
1279 1650 1330 1714 est,
1350 1638 1394 1698 usi
1420 1659 1547 1715 essemus,
1568 1658 1618 1698 nec
1639 1637 1712 1698 ultra

167 1725 351 1805 αἰσθανόμενοί
369 1750 439 1793 τινος
453 1729 621 1805 ἀνατροπῆς,
634 1726 715 1785 πάλιν
735 1729 808 1806 αὐτῷ
824 1726 940 1808 ίχρησά-
990 1741 1046 1788 tres
1059 1727 1119 1788 dies
1140 1727 1210 1787 illud
1223 1727 1362 1789 adhibere
1382 1728 1461 1790 uoltis
1481 1748 1589 1790 necue
1607 1727 1712 1805 tonsu,

167 1824 254 1896 μεθα,
268 1819 313 1878 καί
330 1819 361 1878 τὸ
375 1829 429 1878 πᾶν
449 1818 647 1898 διωρθώσαμιν.
665 1818 718 1878 Καὶ
729 1816 780 1898 γδιρ
793 1818 942 1898 φλεγμονὰς
991 1820 1078 1901 ipsius
1088 1820 1299 1880 imbecillitatem
1307 1820 1485 1882 correximus.
1500 1821 1596 1900 ltaque
1605 1833 1634 1881 te
1643 1840 1712 1900 quo·

166 1910 341 1970 καταστέλλει
354 1909 402 1978 τὰς
417 1912 494 1990 ἐντῷ
507 1909 596 1989 βάθει,
616 1908 707 1970 νοτίδα
729 1911 872 1987 ἀνιμᾶται,
894 1910 940 1969 καὶ
991 1933 1043 1990 que
1053 1911 1148 1972 hortor
1157 1925 1236 1991 atque
1249 1933 1297 1972 oro
1308 1926 1340 1972 ut
1355 1912 1399 1972 his
1418 1910 1515 1989 utaris,
1529 1911 1632 1991 desque
1643 1931 1712 1994 ope·

167 2002 327 2085 συμμέτρως
344 2003 401 2064 ἐστὶ
421 2002 528 2084 θερμὸν,
543 2003 589 2061 καί
607 2001 681 2063 τόνον
702 2000 832 2073 ἐντίθησιν
850 2003 880 2062 οὗ
895 2000 941 2060 τὸν
992 2024 1051 2061 ram
1061 2002 1256 2084 uthujusmodi
1264 2003 1490 2063 medicamentum
1498 2002 1590 2064 udnos
1599 2023 1711 2065 rursum

166 2097 298 2175 τυχόντα,
312 2096 357 2155 καὶ
373 2095 456 2176 ὄρεξιν
471 2095 593 2176 διεγείρει
604 2094 653 2168 τὴν
667 2095 732 2173 πρὸς
745 2093 780 2154 τὰ
793 2093 881 2167 σιτία,
895 2092 941 2152 καί
992 2093 1125 2154 mittatur.
1138 2095 1209 2154 Nam
1222 2114 1285 2153 cum
1296 2094 1442 2174 quamdam
1457 2094 1590 2155 stomachi
1597 2094 1713 2157 subver-

167 2188 268 2246 τοθτων
292 2188 416 2247 ἁπάντων
442 2194 507 2264 ἡμῖν
531 2190 558 2247 ἐν
582 2186 683 2266 ὀλίγαις
707 2185 820 2265 ἡμέραις
847 2193 941 2268 πεῖραν
958 2184 1093 2257 „sionem
1126 2206 1236 2245 rursum
1261 2187 1448 2265 sensissemus,
1476 2185 1572 2248 eodem
1601 2206 1713 2249 rursum

166 2279 311 2359 παρέσχεν.
328 2281 445 2352 Ποίησον
461 2279 547 2338 τοίνυν
563 2280 767 2360 παρακληθῆναι
782 2278 828 2337 τὸν
841 2275 941 2337 δεσπά-
993 2275 1107 2336 remedii
1130 2297 1228 2356 genere
1241 2276 1294 2351 usi,
1309 2277 1412 2338 malum
1432 2276 1714 2360 omninoptodigari·

167 2395 217 2445 την
242 2396 292 2450 μου
310 2373 354 2432 τὸν
374 2372 583 2450 αίδεσιμώτατον
603 2371 734 2452 Θεόφιλον
754 2369 798 2429 τθν
820 2366 941 2447 κάμητα,
992 2390 1062 2428 mus.
1077 2367 1187 2449 Quippe
1208 2381 1234 2427 et
1251 2367 1476 2430 inflammationes
1491 2369 1590 2431 inimo
1605 2381 1713 2451 pectore

167 2464 238 2524 ὥστε
249 2464 328 2524 πάλιν
340 2464 367 2532 ἐξ
377 2467 456 2525 αὐτοῦ
466 2463 666 2524 κατασκευάσαι
681 2468 746 2543 ἡμῖν
757 2462 804 2522 καὶ
814 2465 940 2522 inuecti·
991 2461 1114 2522 conditas
1122 2459 1209 2534 sedat,
1221 2473 1248 2520 et
1263 2460 1390 2542 pituitam
1406 2461 1545 2538 exhaurit,
1563 2474 1591 2522 et
1603 2461 1711 2523 modiu-

166 2557 223 2614 λαι.
241 2557 294 2616 Καὶ
306 2557 343 2634 μί,
358 2580 387 2616 σε
403 2556 519 2615 λυπείτω
530 2557 561 2616 rit
574 2559 685 2615 ἐνταῦθα
700 2559 772 2633 ἡμᾶς
788 2554 940 2634 χειμάζειν·
992 2554 1128 2614 cricalore
1140 2551 1285 2635 praeditum
1300 2566 1348 2629 est,
1364 2565 1390 2612 et
1400 2551 1604 2633 vigoremltaud
1614 2553 1712 2634 tulpa-

168 2647 215 2705 καί
229 2647 280 2728 γὰρ
299 2650 390 2728 πολλῷ
408 2651 470 2728 ῥᾷον
488 2647 534 2706 καί
553 2647 724 2728 ὑγιεινότερον
744 2654 789 2708 νῦν
807 2643 825 2717 ἣ
846 2644 941 2727 πίροαι
993 2668 1050 2706 rein
1061 2646 1152 2723 affert,
1165 2643 1323 2705 etoiborum
1332 2644 1484 2726 appetitum
1497 2643 1616 2705 excitat:
1630 2656 1713 2723 atque

169 2738 337 2816 διακείμεθα·
350 2737 418 2798 ὥστε
433 2740 456 2798 εί
469 2738 514 2797 καὶ
528 2737 595 2812 atiel
612 2738 661 2811 τὴν
682 2737 867 2819 προσήκουσαν
883 2741 941 2798 ἐπι·
992 2738 1092 2798 harum
1102 2736 1225 2797 omnium
1233 2757 1323 2796 retum
1335 2735 1622 2818 nobispaucisdisltus
1631 2754 1713 2818 expe·

171 2830 279 2907 μελειαν
292 2833 395 2903 ἐποιοῦ,
410 2833 501 2911 πολλῷ
520 2829 550 2889 ἂν
567 2830 673 2905 άμειναν
686 2830 856 2902 instinct]
873 2826 941 2897 titt
992 2829 1138 2889 timentum
1157 2827 1284 2910 praebuit.
1307 2829 1362 2888 Fac
1378 2827 1464 2908 igitur
1481 2827 1609 2889 dominus
1635 2848 1713 2889 meus

169 2925 284 2999 ἀθυμίας
303 2921 354 3003 φῂς
371 2922 494 3003 τετέχθαι
508 2945 550 2981 σαι
563 2923 597 2982 τὰ
612 2921 776 3000 νοσήματα,
788 2925 846 2989 πῶς
859 2920 940 2982 non
992 2942 1054 2981 cum
1061 2920 1158 3002 primis
1164 2918 1332 2982 venerandus
1339 2918 1612 3001 Theophilusiitmes
1618 2939 1713 2981 exors·

168 3013 310 3083 ἐπιστολάς
329 3018 415 3086 ζητεῖς
429 3018 492 3095 παρ’
506 3019 594 3092 ἡμῶν,
610 3013 693 3092 μηδὲν
714 3017 832 3074 ἐντεῦθεν
846 3017 882 3081 αῖς
895 3016 940 3074 sis-
958 3022 977 3069 i.
992 3027 1050 3090 tur,
1062 3026 1093 3073 ut
1102 3012 1180 3073 nobis
1188 3033 1297 3073 rursum
1316 3010 1388 3071 idem
1402 3011 1629 3074 medicamentum
1649 3030 1713 3073 oon·

170 3109 266 3186 θυμίαν
289 3109 503 3191 καρπωσαμίνη,
523 3111 582 3168 ἀλλ’
600 3106 667 3167 οὕτω
687 3109 720 3186 τῇ
739 3106 871 3189 τυραννίδι
892 3109 941 3179 τῆς
949 3156 986 3194 ,72
994 3105 1080 3183 ficiat,
1092 3102 1220 3184 atquead
1232 3124 1280 3164 nos
1289 3103 1389 3164 mittat.
1399 3104 1456 3164 Nec
1466 3103 1593 3165 vcroltoc
1604 3104 1713 3164 nomine

170 3200 282 3278 ἀθυμίας
300 3205 492 3278 βαπτισθεῖσιι,
507 3205 544 3270 ὡς
558 3200 603 3259 καί
617 3203 753 3278 ἐπιθυμεῖν
772 3206 816 3260 νῦν
834 3202 883 3270 τῆς
896 3201 939 3258 ἐν·
958 3196 1174 3274 Adiserucieris,
1201 3195 1274 3275 quod
1294 3216 1351 3256 nos'
1364 3195 1411 3256 hic
1437 3195 1587 3257 hiememus
1604 3195 1712 3258 tmulto

169 3299 259 3353 τεῦθον
279 3292 447 3371 ἀποδημίαςς
469 3294 529 3353 Οὐκ
550 3282 626 3353 οἶσθα
645 3291 705 3358 iso<
724 3291 770 3350 καλ
793 3290 942 3371 ἀρρωστίας
991 3289 1066 3349 enim
1076 3288 1188 3350 meliore
1197 3309 1270 3348 nunc
1280 3302 1363 3368 atque
1372 3287 1566 3364 commodiore,
1575 3309 1657 3368 quam
1667 3308 1712 3350 sn·

169 3393 257 3444 κεῖται
270 3384 362 3463 μισθὸς
375 3387 402 3443 ἐν
417 3383 566 3466 εὐχαρίστῳ
582 3386 672 3464 ψυχῇ,
692 3386 733 3442 Οὐ
750 3382 879 3450 πολλάκις
898 3405 941 3443 σοι
992 3381 1093 3463 puriori
1114 3402 1196 3454 anno,
1222 3379 1381 3441 valetudine
1404 3400 1498 3440 sumus
1511 3403 1518 3438 s
1530 3400 1613 3458 qnare
1634 3379 1657 3440 si
1682 3392 1713 3440 tu

168 3477 215 3537 καὶ
229 3476 379 3558 rupissent
396 3478 430 3536 δι’
442 3479 587 3536 ἐπιποθῶν
597 3476 693 3548 ταύτης
704 3475 782 3535 ἐνεκιι
790 3475 941 3555 διείλεγμαι
995 3495 1110 3553 quoque,
1121 3493 1204 3552 qtiam
1222 3492 1273 3552 par
1283 3484 1344 3544 est,
1353 3491 1448 3530 curam
1460 3469 1578 3530 adhibet
1586 3470 1714 3547 es,multo

168 3576 217 3641 τῆς
228 3569 391 3642 θπσθίαιωςς
404 3570 474 3629 Ἀλλ’
489 3567 579 3641 ἐπειδὴ
593 3568 656 3636 ίσως
669 3567 690 3639 λ
710 3571 724 3628 ὁ
741 3572 794 3627 τῶν
814 3569 940 3649 πραγμαί-
992 3565 1089 3625 melius
1103 3564 1215 3625 valeres.
1223 3561 1305 3635 Quod
1319 3561 1342 3622 si
1355 3561 1481 3621 exanimi
1493 3560 1622 3621 moestitia
1634 3581 1710 3622 mor·

168 3685 223 3719 των
236 3662 330 3742 ὄχλος,
349 3660 367 3732 ἢ
386 3660 453 3733 αὐτὴ
473 3665 521 3732 τῆς
541 3658 719 3744 ἀρρωστίαςὴ
732 3658 821 3739 φύσις,
835 3659 899 3720 ’καὶ
913 3663 940 3720 αἱ
991 3659 1042 3717 bos
1053 3671 1114 3717 tuos
1128 3668 1218 3715 ortum
1231 3653 1343 3714 duxisse
1356 3655 1406 3728 ais,
1420 3651 1516 3732 ecquid
1530 3673 1651 3713 rursnsa
1663 3672 1712 3715 no·

168 3753 316 3826 ἐπάλληλοι
325 3752 493 3834 παρυπάταις
505 3753 552 3811 οὐκ
565 3751 628 3812 ἐῶσί
646 3775 676 3812 αι
690 3754 817 3824 διηνικῶς
832 3749 947 3812 ἔναυλον.
992 3747 1035 3808 bis
1050 3747 1177 3829 epistolas
1190 3745 1317 3824 requiris,
1331 3766 1394 3805 enm
1411 3744 1476 3804 hinc
1489 3742 1527 3804 ad
1545 3743 1710 3805 alacritatem

167 3844 238 3925 ἔχειν
259 3848 310 3904 τῶν
326 3843 477 3927 ιιίρημένόεν
496 3843 545 3919 τὴν
565 3843 683 3922 μνήμην,
706 3843 785 3903 άκοοι
806 3843 887 3904 πάλιν
907 3841 942 3903 τά
993 3838 1077 3900 animi
1090 3837 1160 3898 nihil
1172 3837 1276 3896 nunus
1291 3835 1404 3916 ceperis,
1417 3855 1513 3897 verum
1520 3834 1646 3897 moeroris
1658 3854 1711 3896 un·

202 4052 215 4091 Β
232 4050 326 4102 Omnes
342 4049 448 4101 omuino
467 4050 528 4102 llas.
546 4062 586 4109 τῆς
602 4054 760 4115 κοσμιωτάτης
779 4049 924 4111 Συμκλητίαυ,
951 4037 1094 4104 hubent,et
1105 4040 1140 4091 its
1150 4054 1249 4107 quoque
1260 4037 1381 4103 Suillius,
1392 4049 1418 4089 et
1426 4036 1479 4089 duo
1489 4053 1520 4088 ex
1531 4036 1592 4114 llas.
1602 4052 1618 4087 a
1628 4036 1710 4087 Fron·

168 4128 237 4180 Etiiti
248 4137 411 4196 εαμληταιῆς,
423 4127 493 4196 quod
504 4127 653 4196 dignitatem
665 4126 776 4193 utiquam
787 4121 928 4191 significare
951 4132 1011 4172 tone
1021 4121 1114 4172 Ducteo
1124 4118 1285 4183 memoratis,
1294 4119 1337 4184 qui
1349 4127 1434 4167 nmen
1445 4115 1552 4168 fortasse
1562 4131 1593 4166 ea
1604 4130 1711 4200 numero

166 4220 320 4273 putaverunt
338 4207 424 4259 Billins
439 4219 465 4259 et
480 4210 577 4258 Fronto
596 4208 713 4268 Dircaeus,
724 4206 768 4271 qni
786 4213 927 4269 postremus
951 4200 1062 4265 quinque
1077 4197 1136 4247 llas.
1155 4206 1300 4247 nostrorum
1317 4192 1431 4244 luerint:
1450 4204 1477 4244 et
1494 4191 1620 4246 hostete
1634 4189 1710 4245 fursee

166 4284 233 4336 itanc
252 4284 328 4337 habet
346 4299 454 4339 notam:
475 4292 633 4352 ευρκλητιιῆς.
651 4284 693 4333 Ita
712 4281 885 4333 Penestianae
903 4293 927 4332 et
951 4279 1073 4329 Matrona
1084 4292 1176 4328 nomen
1186 4272 1305 4336 arbitror,
1313 4271 1477 4342 Syncletion,
1488 4271 1525 4324 vel
1536 4269 1709 4341 Syncletium,

168 4363 289 4416 Sombuci
307 4367 413 4414 turriam
432 4362 506 4414 lectio
519 4383 527 4413 .·
540 4364 629 4413 αιἰίαο
645 4363 695 4412 alii
712 4364 778 4411 Mss.
791 4368 926 4425 Σαμιλητίαυ
951 4368 979 4407 ut
997 4353 1157 4424 Glycerium,
1169 4350 1385 4416 Eustochium
1402 4348 1451 4400 alia
1469 4347 1549 4399 multa
1566 4345 1711 4415 huiusmodi

167 4443 284 4490 mendose
297 4461 372 4491 :nam
383 4454 410 4492 ut
419 4448 565 4510 Συγκλητιιας
574 4440 683 4493 Senator
692 4452 730 4491 est
742 4441 813 4509 apuil
819 4440 926 4490 Plutur·
951 4434 1062 4484 nomina.
1075 4430 1129 4482 aits
1140 4430 1229 4493 tectio,
1243 4434 1405 4494 Συγκλητικῆς,
1418 4444 1432 4476 ³
1443 4424 1553 4476 llb¹⁸fll⁸
1563 4424 1658 4477 Gl'flssl!
1667 4425 1709 4476 lss·

166 4518 242 4567 chum
253 4531 277 4568 et
287 4519 440 4586 lucianum,
452 4532 514 4570 teste
525 4520 637 4584 Budoeo,
651 4521 686 4570 εἰσ
697 4525 834 4585 nussim-nn
844 4518 927 4571 Senn-
950 4510 1028 4564 ducta
1039 4511 1127 4575 fuerit,
1140 4508 1230 4576 quibus
1240 4511 1324 4559 notior
1334 4505 1477 4576 syncletica
1485 4543 1492 4566 ,
1500 4520 1556 4571 qun
1566 4504 1591 4554 itt
1602 4502 1711 4555 Sancto·

167 4600 228 4646 roris
244 4597 490 4666 uzoth'pltilinus
504 4617 538 4650 es·
552 4599 635 4649 Dione
652 4601 679 4648 t'n
697 4598 815 4661 Nerone,
825 4611 885 4664 μισῶ
903 4618 928 4651 σε
950 4608 1007 4641 ΠΜ
1025 4587 1148 4650 [41001111
1165 4599 1192 4638 ‘l
1209 4587 1234 4637 1¹¹
1252 4586 1350 4635 Mfflssh
1367 4584 1489 4634 oecu‘ill·
1508 4583 1568 4634 ΗΜ
1582 4591 1668 4632 ΝΜ
1683 4581 1709 4633 ¹¹¹

166 4688 263 4745 καῖααρ,
276 4683 310 4731 δτι
321 4683 466 4742 maiman
477 4683 513 4732 st:
525 4676 574 4729 Odi
595 4688 620 4727 te
636 4678 728 4742 Casas,
739 4674 809 4743 quod
819 4676 927 4727 Smntor
950 4667 1049 4720 duobus
1059 4667 1139 4719 solunt
1155 4667 1216 4717 tiss.
1228 4661 1345 4714 habetur.
1356 4662 1545 4713 memoratoria
1557 4661 1616 4711 vlu
1627 4658 1711 4730 Chry·
1765 4734 1768 4739 Ι
1843 4642 1847 4649 ’

120 4745 127 4759 ’
164 4772 208 4805 es:
219 4758 376 4822 nequeenim
388 4755 530 4806 audiendus
543 4767 579 4806 est
589 4754 806 4822 Sylbtugius,qui
814 4753 924 4816 mavult,
950 4749 1055 4800 sostomi
1073 4763 1117 4813 per
1134 4741 1275 4796 Palladium
1292 4759 1350 4808 esp.
1370 4744 1400 4793 tt
1419 4738 1563 4809 syncletius
1577 4740 1710 4807 episcopus

164 4832 234 4900 quod
247 4834 445 4896 Senatorium,
457 4835 485 4884 nt
498 4845 545 4900 est,
559 4834 669 4888 Senones
680 4834 833 4883 studiosior:
844 4834 926 4899 siqui·
948 4822 1186 4894 Trajnnopolitanus
1197 4840 1202 4870 :
1215 4822 1263 4872 viri
1280 4836 1373 4871 nomen
1391 4830 1430 4870 est
1441 4807 1598 4887 Spoletini,
1611 4817 1710 4871 leminea

164 4912 220 4960 dem
236 4915 330 4980 periret
344 4915 416 4962 istius
431 4912 496 4962 dieti
513 4913 583 4980 lepos
596 4932 604 4961 .·
616 4923 680 4962 cure
703 4910 774 4980 apud
789 4908 926 4960 Poeassiusn
949 4903 1119 4973 syncletium,
1132 4900 1236 4968 perinde
1254 4911 1331 4966 atque
1349 4897 1483 4967 Glycerius
1501 4911 1528 4950 et
1547 4897 1707 4970 Glycerium

164 4989 222 5056 tego
232 4991 259 5037 in
273 4987 405 5039 Cannensi
412 4978 502 5058 pugni
512 4991 614 5056 periisse
626 4994 784 5055 Σαριλητικαύς
794 4998 925 5058 τριάκοντα,
950 4983 1104 5050 Epiphanius
1125 4992 1151 5032 et
1170 4977 1355 5046 Epiphaniam,
1374 4993 1451 5044 quant
1469 4987 1624 5044 postremam
1636 4976 1709 5053 ¹infra

164 5066 235 5132 quod
244 5065 384 5134 Eutropius
400 5066 505 5117 dixerut
521 5068 655 5118 Senatores
672 5067 751 5119 XXX.
765 5070 797 5117 tt
810 5064 927 5117 existimo
951 5072 1115 5112 memoratam
1126 5056 1222 5110 videbis
1230 5060 1256 5108 in
1265 5054 1370 5123 epistola
1378 5053 1490 5122 quadam
1500 5056 1641 5110 Constantii
1651 5073 1710 5123 pre-

165 5143 216 5194 hoc
231 5161 284 5195 este
302 5158 426 5196 matronae
445 5145 576 5212 cujusdam
594 5162 687 5198 nomen
705 5142 835 5212 proprium
854 5165 859 5195 :
874 5146 928 5212 jain
951 5138 1057 5211 sbyteri.
1076 5137 1253 5189 Tillemontius
1267 5137 1343 5186 etiam
1362 5144 1521 5203 Συγκλητιαης,
1532 5149 1559 5188 nt
1580 5135 1708 5206 tagebertus

165 5225 271 5287 «pastio
281 5236 318 5275 est
332 5241 362 5274 ex
374 5222 473 5276 duabus
483 5223 646 5285 lectionibus,
658 5235 715 5275 utra
731 5226 763 5276 sit
775 5223 845 5276 alteri
856 5236 928 5275 ante·
952 5221 977 5272 in
991 5217 1085 5283 lidius,
1096 5235 1143 5283 pro
1154 5217 1255 5268 nomine
1265 5217 1369 5281 proprio
1379 5213 1477 5266 habuit.
1509 5284 1512 5293 Ι

166 5299 277 5352 serenda
292 5302 386 5355 Omnes
395 5304 454 5355 Μαι.
469 5303 547 5356 nostri
560 5319 664 5354 numero
673 5304 783 5371 quinque
795 5309 930 5371 ευμληιὶαυ
983 5314 994 5339 ⁸
1014 5299 1107 5352 Omnes
1119 5297 1169 5347 Μαι
1191 5302 1228 5348 καί
1239 5303 1262 5350 si
1274 5299 1358 5371 πολλαὶ
1369 5304 1516 5367 περιστάντα
