3764 5992
106 353 173 440 184
274 329 279 340 ⁸
419 374 450 422 s.
476 374 616 423 rosuurs
642 371 824 422 cunrsosr.
855 365 1317 422 ancurnr.oousranr1nor.'

99 494 252 574 attrahere,
281 506 422 577 propterea
440 518 504 558 eum
528 496 570 556 illi
592 517 622 556 os
645 495 815 566 obturasset,
873 495 945 576 αύτῷ
958 489 992 553 τδ
1005 493 1072 577 ύπίρ
1085 492 1135 567 clo
1149 493 1224 564 ἀξίαν
1235 495 1404 576 ρῦίγγισθσι.
1414 496 1505 558 Τοίίτο
1518 498 1547 558 δὲ

100 589 189 670 ejecit,
206 609 291 668 neque
304 587 369 650 sivit
382 610 412 648 ea
424 588 561 670 proloqui,
577 609 643 666 ¹quoe
656 586 817 668 dignitatern
826 630 864 670 ,ἢ
872 587 1021 646 ἀκολουθῶν
1033 591 1072 667 τῷ
1086 586 1175 669 οἰκείῳ
1188 588 1548 670 commaculentur

100 693 127 738 et
137 693 246 758 captum
255 681 312 760 ejus
321 679 498 740 excedebant.
516 679 669 739 llocautem
681 678 815 760 praestitit,
835 687 855 733 Α
874 676 955 745 ιόντες
968 677 1068 758 ἔλεγον,
1083 678 1203 758 Οἴδαμίν
1218 703 1247 740 σε
1262 679 1302 749 τίς
1314 671 1383 756 aba
1402 681 1477 762 ἅγιος
1496 688 1544 742 τοῦ

101 784 133 830 ut
145 771 255 831 Domini
270 771 312 831 sni
321 770 442 851 vestigiis
454 770 604 831 insisteret:
618 791 681 830 narn
691 770 728 830 ad
739 770 819 830 illum
872 768 917 828 καί
938 767 1011 848 ὅμως
1029 774 1114 829 ταῦτα
1136 770 1260 851 λέγοντας
1278 770 1371 841 αὐτοὺς
1394 773 1548 845 ἄπηλαυνεν

18 861 182 934 pometiam
206 864 358 922 aecedentes
386 862 537 923 dicebant:
556 863 668 922 Scimus
686 875 726 940 te,
753 867 820 943 quis
871 884 930 920 νετο
941 861 969 921 δὲ
984 868 1061 923 τοῦτο
1075 865 1112 930 είς
1131 861 1294 943 κατηγορίαν
1307 868 1361 924 τῶν
1382 864 1548 946 ἀναισχύντιι

100 958 151 1030 sis,
174 969 293 1015 sauctus
316 956 383 1027 Dei,
403 969 430 1014 et
447 969 537 1014 tamen
560 954 619 1015 haee
637 954 756 1014 dieentes
775 975 820 1014 eos
873 954 963 1026 δαίων,
976 952 1018 1013 ὅτι
1031 955 1127 1012 ἐκεῖνοι
1143 953 1190 1031 μὲν
1201 956 1261 1013 καθ’
1276 953 1393 1029 ίιισίαιην
1406 954 1513 1038 ἡμέραν
1528 962 1548 1016 οι

99 1044 231 1126 ejiciebat
250 1045 281 1104 ld
295 1067 359 1107 vero
380 1046 462 1105 fiebat
474 1045 503 1106 in
516 1045 713 1105 accusationem
725 1045 818 1126 impu·
872 1046 983 1125 δρῶντες
995 1045 1041 1105 καὶ
1055 1044 1138 1125 μυρία
1151 1043 1289 1127 παράδοξα
1311 1047 1454 1125 γινόμενα,
1474 1047 1548 1118 ἠπίτι

99 1134 223 1195 dentium
235 1136 403 1213 ludaeorum,
424 1137 499 1215 quod
512 1137 553 1196 illi
565 1135 675 1215 quidem
688 1136 821 1197 miracula
873 1135 901 1197 δὲ
915 1137 1036 1214 δαίμονες
1053 1136 1240 1218 ἐπεγίνωσκον,
1262 1136 1309 1196 καί
1331 1139 1398 1199 Υίδν
1417 1138 1499 1199 αὐτὸν
1516 1145 1548 1201 ro'

100 1227 222 1305 quotidie
241 1243 376 1288 cernentes
395 1243 420 1289 ct
434 1228 574 1289 innumera
595 1228 722 1310 prodigia
735 1228 817 1302 fieri,
873 1228 1035 1308 ὡμολόγουν.

101 1338 154 1378 non
175 1317 312 1379 crederent
332 1344 339 1376 ι
361 1312 608 1380 daemones‘autem
628 1335 820 1401 agnoscerent,

101 1431 215 1490 eumque
226 1412 278 1471 Dei
292 1412 394 1471 Filium
407 1413 560 1472 faterentur.

141 1506 170 1565 5.
185 1503 286 1564 Sedad
296 1504 393 1564 seriem
402 1503 522 1564 instituti
530 1505 659 1566 sermonis
670 1505 819 1567 redeamus.
914 1491 983 1554 Ἀλλ’
996 1494 1041 1554 ἐνί
1059 1493 1108 1568 ’ἦν
1122 1496 1277 1557 αἷναλανίίαν
1298 1496 1487 1577 {nuncupo
1503 1505 1546 1560 ααῧ

100 1598 140 1657 Ut
155 1595 238 1676 igitur
250 1595 368 1672 discatis,
384 1619 437 1677 quo
451 1613 528 1678 pacto
540 1598 719 1679 diligentibus
730 1601 820 1658 Deum
872 1582 933 1644 Ἵνα
942 1585 1027 1645 ννίννν
1039 1587 1140 1664 μάθητε
1149 1588 1221 1657 ὅσαις
1229 1598 1284 1657 ταῖς
1296 1591 1421 1668 ἀγαπῶσι
1431 1591 1475 1650 τὸν
1485 1591 1548 1653 Θιόν

102 1688 191 1748 omnia
210 1702 387 1770 cooperentur
400 1689 428 1748 in
442 1690 557 1767 bonnm,
584 1704 668 1751 totam
681 1691 760 1751 vobis
774 1691 819 1750 hi·
873 1689 993 1758 ανννργαῖ
1006 1680 1042 1746 νίς
1056 1680 1163 1758 epatu,
1182 1683 1326 1760 ίνναΥναῖαν
1344 1691 1434 1742 ααααν
1453 1687 1548 1762 ίαῑνίί

102 1779 211 1839 storiam
232 1780 454 1861 operaepretium
475 1782 556 1841 fuerit
570 1782 687 1858 recitari,
711 1796 741 1841 ut
758 1783 821 1842 inde
872 1793 916 1829 ναν
936 1769 1035 1843 ταύτην
1058 1770 1107 1844 ‘ll
1131 1772 1258 1851 ίαναρίανν
1278 1775 1323 1831 ίνα
1337 1773 1384 1834 καί
1405 1776 1522 1835 ἐνταῦθα
1543 1801 1548 1816 “

101 1871 266 1950 cognoscatis
286 1893 339 1950 qno
351 1886 430 1952 paeto
445 1887 504 1952 post
517 1872 641 1949 verbera,
654 1887 716 1954 post
728 1895 821 1933 carce·
873 1859 944 1927 ὅπως
961 1861 1029 1938 μανία
1047 1861 1095 1930 τίις
1115 1863 1234 1943 πληγὰς,
1254 1865 1324 1943 μναίῑ
1346 1866 1377 1925 τί)
1401 1867 1548 1951 &omnips

101 1985 169 2040 rem,
190 1963 280 2023 omnia
302 1963 352 2022 Dei
366 1963 451 2042 gratia
471 1963 497 2023 in
511 1965 614 2023 bonum
628 1964 749 2023 mutarit.
766 1963 820 2024 Sed
873 1953 970 2032 ἀγαθὸν
994 1955 1100 2015 ἅπαντα
1121 1960 1208 2025 αὖααῖς
1224 1959 1368 2036 perficiet
1383 1964 1401 2033 ἡ
1414 1968 1460 2021 τοῦ
1474 1964 1542 2023 Θεοῦ

101 2053 252 2125 rideamus,
273 2075 326 2132 qua
341 2055 443 2113 ratione
455 2055 549 2114 beatus
564 2054 592 2115 id
607 2057 694 2114 Lucas
707 2054 817 2128 indicet,
837 2055 856 2102 Β
873 2046 944 2106 Ἀλλ’
954 2045 1053 2125 ἴδωμαι
1070 2051 1126 2116 πῶς
1139 2054 1217 2110 ταῦτα
1230 2049 1361 2111 δείκνυσιν
1378 2052 1548 2134 ὁμαιαίριαςι

12 2163 92 2224 ¹⁶⁴4·
102 2144 195 2204 dicens
208 2169 215 2202 ε
231 2147 305 2204 Cum
323 2158 421 2204 autem
436 2147 497 2204 tale
509 2159 683 2226 proeoeptrrm
694 2150 821 2226 accepis-
873 2138 967 2217 λέγων·
982 2140 1172 2223 Παριηελίαν
1185 2140 1213 2200 δὲ
1227 2141 1353 2215 τοιαύτην
1370 2144 1485 2224 εἰληφὼς
1495 2148 1509 2203 ί
1520 2145 1548 2204 δι·

101 2249 145 2296 set
159 2240 286 2296 carceris
306 2250 413 2310 custos,
434 2241 513 2296 misit
536 2241 632 2296 cosin
654 2241 821 2297 interiorem
873 2230 923 2300 λαέ
937 2229 1031 2292 ίὸαλιν
1055 2232 1148 2300 aocet<
1169 2236 1205 2300 εἷς
1228 2233 1277 2307 τὴν
1293 2235 1426 2318 ίσιασέραν
1443 2234 1548 2315 ’φυλακαί

102 2349 258 2400 carcerem,
276 2341 304 2388 et
313 2330 401 2410 pedes
412 2348 511 2388 eorum
521 2332 642 2389 strinxit
653 2329 743 2410 ligno.
757 2329 822 2388 Ani·
873 2320 933 2390 τοὺς
951 2322 1035 2390 πόδας
1053 2325 1139 2383 αὐτῶν
1155 2324 1324 2404 ἠσφαλίσατο
1340 2328 1379 2393 είς
1396 2326 1429 2387 rt
1449 2325 1531 2395 ξύλον.
1547 2329 1548 2386 ζ

102 2419 242 2479 madverte
254 2435 397 2500 quopaeto
410 2433 560 2500 augeantur
573 2421 655 2497 mala,
673 2435 702 2480 ut
713 2435 821 2502 aposto·
873 2416 932 2481 πῶς
954 2412 1113 2474 ἐπιτείνεται
1132 2415 1168 2474 tlt
1186 2416 1274 2488 δαινίι,
1297 2415 1341 2476 ἵνα
1364 2417 1410 2477 καί
1424 2423 1442 2490 ἡ
1456 2423 1548 2496 ὓπομυι

101 2513 190 2572 lorum
204 2513 284 2573 etiam
294 2513 423 2595 patientia
437 2514 484 2573 fiat
495 2514 637 2587 illustrior,
651 2528 677 2573 ct
691 2515 821 2575 immensa
875 2505 1030 2566 ἅπααναλων
1054 2507 1230 2588 λαμπροτέρα
1251 2507 1376 2588 γίνηται,
1392 2510 1440 2570 καί
1454 2515 1471 2582 δ
1483 2510 1548 2591 itm

102 2604 153 2663 Dei
170 2604 257 2665 virtus
278 2605 404 2665 omnibus
422 2605 561 2665 manifesta
579 2604 720 2665 reddatur.
750 2605 823 2665 Audi
875 2600 945 2657 Θιαῧ
962 2594 1073 2676 δύναμις
1091 2597 1242 2672 ααταίδηλας
1261 2600 1345 2659 ἅπασι
1365 2607 1497 2682 καταστῇ.
1515 2600 1548 2662 'rb

4 2735 25 2762 v.
70 2751 75 2761 ,
101 2697 247 2775 veroquid
260 2696 494 2774 sequaturzaddit
507 2697 591 2773 eninr,
607 2699 710 2756 Media
724 2711 822 2757 autem
875 2688 921 2748 καί
940 2688 971 2747 αὖ
990 2688 1058 2760 {lito
1073 2688 1186 2769 Ἐπαγαι
1199 2690 1269 2772 γαρ,
1283 2689 1360 2752 ίίατα
1383 2691 1411 2753 δὲ
1433 2694 1465 2752 τί
1484 2717 1548 2772 μισα

103 2800 188 2846 νοσσία
214 2788 328 2846 Paulus
350 2801 378 2847 ct
401 2788 478 2847 Silas
510 2801 626 2848 orantes
657 2790 824 2855 laudabant
876 2780 983 2849 Παῦλος
996 2781 1042 2839 καί
1061 2781 1145 2848 Σίλας
1165 2781 1374 2864 προσευχόμενοι
1394 2781 1493 2862 ὕμνουν
1512 2785 1548 2845 τδι

103 2879 211 2938 Deum.
229 2877 303 2939 Vide
318 2877 439 2937 animum
453 2877 612 2955 excitatum,
630 2878 694 2938 ride
710 2879 824 2960 vigilem
875 2869 949 2950 Ὅρα
972 2871 1061 2953 ψυχὴν
1081 2875 1278 2954 ἐπαραμένην,
1297 2874 1346 2954 ὅρα
1361 2875 1480 2935 διάνοιαν
1500 2875 1548 2957 wig

103 2982 219 3029 mentem
229 2993 236 3026 :
248 2991 281 3029 ne
291 2982 390 3029 temere
401 2983 657 3051 pratereamusqnae
667 2969 741 3032 dicta
751 2986 824 3049 sunt,
877 2962 915 3040 μὴ
928 2965 1019 3033 ἅπλῶς
1032 2964 1262 3044 παραδραμωμιν,
1284 2966 1436 3046 ἀγαπητοί,
1456 2967 1487 3027 τὸ
1505 2970 1548 3048 είρι

103 3061 282 3122 dilectissimi.
296 3062 356 3122 Non
375 3062 446 3121 enim
457 3061 516 3122 sine
528 3082 608 3123 causa
619 3076 725 3144 tempus
734 3064 824 3146 ipsum
876 3056 918 3115 Οὖ
933 3055 983 3137 γίιρ
995 3059 1053 3137 clxii
1067 3057 1112 3117 καί
1128 3055 1173 3115 σαι
1191 3057 1283 3138 καιρὸν
1306 3063 1371 3136 ἡμῖν
1393 3058 1548 3138 immutire

102 3151 255 3231 designavit
274 3152 377 3229 dicens,
401 3155 504 3214 Medic
526 3168 625 3214 autem
652 3169 750 3229 nocte,
778 3156 824 3216 sed
840 3165 860 3214 c
876 3150 952 3223 πὼν,
979 3150 1056 3211 Κατὰ
1081 3150 1110 3211 bl
1135 3151 1166 3210 τὸ
1190 3151 1371 3231 μεσονύκτιον,
1400 3154 1471 3214 ἀλλὰ
1497 3157 1548 3234 βω]

104 3243 185 3321 quod.
196 3244 277 3304 vellet
291 3244 440 3323 ostendere,
464 3245 494 3304 id
509 3260 614 3326 gestum
633 3268 690 3306 esse
711 3269 742 3307 eo
758 3261 825 3317 tem·
877 3241 971 3318 δεῖξαι,
995 3243 1050 3318 ὅτι,
1070 3242 1114 3301 ὅτε
1135 3251 1189 3309 τοῖς
1212 3243 1302 3312 σίλλοις
1325 3245 1425 3305 ἅπασιν
1450 3246 1514 3320 ἡδὺς
1536 3250 1548 3307 δ

104 3356 180 3417 pore,
203 3356 257 3414 quo
278 3336 380 3396 ceteris
402 3336 527 3395 omnibus
546 3336 635 3396 dulcis
654 3337 763 3399 advenit
782 3361 825 3399 so·
876 3334 1035 3415 “ἓφίσσαιαι
1046 3335 1093 3394 καὶ
1104 3335 1218 3412 κοιμίζει
1228 3336 1263 3394 τίς
1277 3338 1412 3418 βλέφαρα,
1426 3337 1543 3417 μάλιστα

104 3447 195 3502 mnus,
209 3440 235 3486 et
246 3425 389 3509 palpebras
400 3427 530 3508 consopit,
544 3441 570 3486 et
579 3449 633 3507 quo
646 3428 678 3507 ii,
689 3430 825 3512 precipue
877 3427 904 3484 ἓν
916 3426 1019 3495 ὀδύναις
1032 3428 1143 3494 παλλαῖς
1154 3432 1322 3497 καθεστῶτας
1334 3430 1403 3497 eltis
1419 3430 1490 3491 κατίι
1502 3430 1545 3491 τίαν

104 3519 152 3599 qui
169 3520 262 3581 multis
279 3519 419 3580 doloribus
432 3541 465 3580 ac
478 3519 607 3581 molestiis
621 3535 684 3581 sunt
701 3522 823 3602 obsessi,
877 3520 974 3578 ἐκείνω
998 3524 1044 3577 τοῦ
1066 3518 1147 3578 ὕπνου
1169 3519 1363 3596 artaxarem,
1377 3523 1438 3583 τότε
1452 3522 1547 3597 τοίνυν,

104 3633 198 3672 somno
210 3612 311 3693 corripi
328 3613 413 3672 solent
428 3636 435 3669 :
450 3626 508 3672 tum
525 3612 620 3694 igitur,
646 3613 745 3694 inquit,
763 3635 825 3675 enm
877 3608 920 3669 ὕιε
934 3610 1061 3671 πάντοθεν
1079 3610 1247 3692 περιεγίνετο
1257 3618 1275 3684 ἡ
1287 3618 1333 3673 τοῦ
1345 3612 1427 3674 ὕπνου
1446 3616 1548 3697 τυραννὶ

103 3702 226 3781 undique
234 3702 322 3763 somni
334 3703 376 3763 vis
389 3703 576 3765 dominaretur
586 3718 612 3765 et
623 3704 738 3786 vigeret,
759 3720 825 3766 tunc
877 3705 971 3762 ἐκεῖνοι
991 3701 1207 3784 Προσευχόμενοι
1224 3703 1321 3781 ὕμνουν
1346 3703 1390 3765 τὸν
1417 3707 1499 3782 Θεὸν,
1521 3710 1548 3766 τί

105 3793 147 3853 illi
164 3794 290 3855 Orontes
309 3796 406 3854 Deum
421 3795 598 3868 brudabant,
621 3810 647 3855 et
663 3795 714 3856 hoc
729 3818 783 3857 ουκ
797 3797 825 3857 ίιτ
878 3792 955 3853 αὐτὸν
978 3795 1086 3875 σίγσίπης
1110 3792 1234 3873 μέγισται
1261 3797 1357 3875 δεῖγμα
1385 3804 1463 3858 τοῦτο
1488 3820 1548 3859 roro

105 3884 185 3944 illum
213 3885 331 3945 caritatis
361 3886 513 3945 maximum
540 3886 675 3946 indicium
698 3887 822 3949 edebant.
877 3885 1006 3967 Καθάπερ
1018 3886 1070 3966 γδιρ
1080 3891 1157 3964 ἡμεῖς
1172 3887 1224 3946 ὑπὸ
1238 3888 1400 3968 ἀλγημάτων
1419 3895 1548 3969 σωματικί

105 3977 176 4036 Nam
188 3975 419 4056 quemadmodum
433 3998 480 4037 nos
493 3978 597 4057 quoties
611 3979 751 4039 doloribus
765 4002 825 4041 eor·
876 3979 1030 4060 χλούμενοι,
1051 3978 1101 4051 τὴν
1119 3982 1171 4037 τῶν
1187 3977 1303 4057 γνησίων
1316 3980 1457 4040 συνουσίαν
1469 3985 1547 4054 ἐπιζη

106 4070 181 4150 poris
209 4069 380 4144 divexarnur,
409 4070 624 4151 propinquorum
654 4092 826 4153 congressum
877 4070 920 4130 ίνα
938 4077 968 4132 ἐκ
987 4078 1036 4145 τῆς
1050 4070 1115 4153 πρὸς
1129 4071 1241 4140 ἐκείνους
1257 4071 1394 4141 bruitico<
1409 4073 1458 4147 τὴν
1472 4074 1548 4135 ἐπίτσ

104 4163 275 4243 requirimus,
289 4177 320 4222 ut
333 4163 507 4223 intentionem
519 4162 621 4223 doloris
635 4164 747 4226 illorum
760 4167 826 4228 allo·
877 4164 971 4238 ὀδύνης
979 4161 1250 4245 παραμυθησώμεθα·
1264 4161 1332 4223 οὕτω
1345 4163 1392 4224 καί
1406 4169 1431 4224 οἱ
1447 4156 1548 4244 ὕγιοιυί

106 4256 171 4334 quio
191 4255 362 4336 mitigemus:
375 4255 414 4315 sic
434 4255 515 4315 etiam
537 4254 565 4315 bi
586 4257 672 4317 saneti
691 4260 825 4320 amore‘in
841 4276 861 4325 Ι)
877 4256 951 4338 πίθῳ
972 4260 1011 4339 τῷ
1026 4257 1087 4336 περί
1107 4257 1152 4315 τὸν
1176 4254 1316 4327 Διαπίτην
1336 4257 1547 4336 multotum

106 4346 255 4406 Dominum
266 4346 434 4423 inflammati,
445 4369 477 4406 ae
487 4368 575 4407 sacros
585 4349 701 4430 hymnos
713 4351 825 4412 offeren-
877 4347 963 4430 ἱεροὺς
979 4347 1078 4426 ὕμνους
1093 4346 1283 4428 ἀναφέροντες,
1297 4346 1355 4407 οὐδὲ
1369 4346 1493 4419 αἴσθησιν
1505 4351 1548 4411 ua

106 4453 155 4514 tes,
169 4460 320 4498 nesensum
332 4437 442 4517 quidem
456 4438 565 4498 illarum
584 4440 768 4500 molestiarum
780 4465 825 4503 ca·
876 4445 929 4501 τῶν
942 4443 1040 4501 ὀδυνῶν
1052 4439 1168 4513 ἐκείνων,
1181 4439 1240 4500 ἀλλ’
1252 4439 1308 4500 δλσι
1319 4445 1367 4512 τῆς
1377 4441 1514 4523 ἱκετηρίας
1525 4444 1548 4524 ἐγ

108 4531 225 4611 piebant,
244 4530 291 4589 sed
307 4531 355 4589 toti
369 4530 396 4588 in
412 4531 559 4589 orationem
575 4530 775 4607 incumbebant,
798 4549 824 4595 et
876 4535 921 4593 καὶ
936 4533 984 4608 τὴν
1000 4531 1155 4611 θαυμαστὴν
1178 4530 1279 4604 ἐκείνην
1294 4531 1431 4613 ὑμνῳδίαν
1451 4534 1548 4616 ἀνίριρ

106 4623 258 4680 mirabilem
271 4622 349 4680 illurn
363 4622 530 4703 hymnorum
543 4637 651 4682 cantum
665 4624 821 4705 offerebant,
875 4625 966 4685 λοιπὸν
979 4623 1107 4697 ἐκκλησία
1122 4622 1222 4704 ἐγίνετο
1234 4622 1265 4680 τὸ
1279 4623 1471 4704 δεσμωτήριον,
1485 4626 1531 4685 καί
1544 4633 1548 4684 l

106 4735 138 4773 ae
158 4714 283 4794 deinceps
309 4736 399 4774 carcer
416 4714 526 4773 ecelesia
546 4714 638 4786 fiebat,
665 4728 691 4776 et
712 4716 823 4779 illorum
876 4717 944 4785 ἅπας
955 4717 1078 4798 ἡγιάζετο
1096 4715 1140 4775 διδ
1154 4717 1202 4784 τῆς
1219 4715 1353 4794 ὑμνῳδίαις
1363 4719 1417 4775 τῶν
1433 4715 1516 4798 ἁγίων
1531 4720 1548 4776 l:

107 4817 260 4864 sauctorum
275 4818 354 4863 cantu
366 4818 437 4863 totus
450 4805 496 4864 ille
507 4807 583 4865 locus
595 4807 822 4874 sanctificabatur.
875 4809 930 4870 Καί
940 4800 973 4880 ἦν
988 4811 1051 4868 ίδεῖν
1062 4805 1201 4886 θαυμαστὰ
1215 4807 1260 4865 καί
1275 4807 1413 4888 παράδοξα
1427 4809 1548 4888 πράγμα·

109 4901 148 4955 Ac
160 4895 252 4955 videre
265 4912 322 4956 erat
336 4918 378 4957 res
396 4898 478 4957 miras
492 4912 518 4958 et
530 4899 680 4977 inusitatas,
700 4899 823 4963 homines
876 4902 993 4983 θρώπους
1005 4904 1042 4981 τῷ
1052 4900 1121 4980 ξύλῳ
1130 4896 1360 4976 προσδεδεμένους,
1369 4899 1500 4962 καλούδίν
1510 4904 1548 4980 tp·

107 4985 182 5066 ligno
192 4988 326 5067 alligatos,
342 5010 428 5068 neque
438 5003 527 5050 tamen
541 5011 595 5070 quo
604 4992 697 5052 minus
706 4991 823 5074 hymnos
876 4994 969 5075 μίνους
978 4994 1044 5074 πρὸς
1051 4992 1099 5064 τὴν
1107 4990 1282 5073 ὕμνιμδίιιν.Τ
1283 4989 1312 5050 δν
1319 4991 1372 5074 γὰρ
1382 4991 1512 5074 νήφοντα,
1523 5019 1548 5056 ru

144 5178 154 5202 ν
172 5165 232 5231 ling.
242 5172 371 5234 ίρίπταται.
