3764 5992
315 432 352 479 tt(
380 432 494 497 toton,
525 432 652 480 ssutus
678 431 791 479 annuc
818 431 970 479 sumans·
999 433 1043 481 DE
1070 393 1268 483 MUTATiONB
1293 435 1466 486 NOMINUM.
1497 442 1519 487 i·
1638 419 1701 493 125

160 558 210 619 liei
230 554 283 636 γὰρ
303 556 353 616 καὶ
373 547 450 625 οὗτος
473 557 520 617 καὶ
538 551 621 639 μυρία
644 555 756 636 ναυάγια
779 555 932 634 ὑπέμεινεν,
983 556 1132 618 onerariam
1156 557 1338 637 deduxerint,
1352 579 1522 642 nequaquam
1548 562 1609 623 illos
1635 566 1705 626 male

161 654 213 709 αλλ’
229 651 273 709 ὅτε
293 654 333 717 είς
347 648 395 708 τόν
407 650 503 729 λιμένα
517 651 652 731 καταίρειν
663 648 774 728 ἔμελλε,
789 651 931 730 πεπληρω-
982 650 1087 710 functos
1099 670 1156 709 esse
1168 671 1278 710 munere
1287 672 1336 711 sno
1344 651 1473 731 dicimus,
1485 674 1548 713 eum
1561 654 1600 714 rei
1613 655 1704 718 exitus

162 742 234 820 μίτην
247 741 374 822 ἐπήγαγε
389 747 443 802 τῶν
457 743 572 823 φορτίων
585 742 634 816 τὴν
648 742 758 802 ὁλκάδα.
772 741 826 802 Καὶ
840 740 933 821 ὥσπερ
983 740 1074 800 omnia
1096 762 1156 819 quae
1182 756 1370 823 praecesserant
1392 744 1584 806 occultaritzet
1609 769 1704 808 rursus

161 832 279 899 θῚσέδας
299 834 378 894 mssa
399 833 522 914 ὠφέλησε
543 835 597 916 πρδ
619 833 712 895 τούτου
737 833 857 913 μαθητὴς
879 834 934 910 ὢν,
982 831 1113 909 athletas,
1127 832 1191 893 licet
1212 833 1348 903 multoties
1368 835 1468 896 tuerint
1489 844 1551 898 ante
1570 841 1703 920 superati,

163 916 212 986 dm
222 925 360 1008 προδότης
368 926 528 1005 γενόμενος·
541 926 667 987 οθτωκαλ
680 917 756 995 οὗτος
766 927 841 988 οὐδὲν
851 951 934 1007 παρε·
984 924 1066 984 modo
1080 925 1110 984 in
1128 947 1158 986 ea
1179 947 1270 1007 pugna
1289 927 1414 1004 vincant,
1428 928 1457 988 in
1478 929 1582 1008 quade
1605 951 1705 992 corona

164 1017 241 1090 όλάὸη
257 1017 313 1098 πρὸ
332 1016 429 1077 τούτου
442 1017 557 1093 διώκτης
568 1017 621 1088 ὢν,
633 1017 702 1096 μετὰ
717 1018 746 1078 δέ
761 1024 846 1079 ταῦτα
860 1018 934 1096 γενό
983 1019 1083 1096 agitur,
1092 1038 1262 1097 nequaquam
1272 1032 1422 1100 propterea
1433 1040 1492 1098 qnae
1500 1036 1704 1102 precesserunt,

163 1133 230 1187 μενος
243 1110 448 1190 είιαγγελιστης.
463 1109 607 1188 Ἐγκώμια
620 1110 730 1171 Παύλου
747 1111 835 1171 ταῦτά
852 1115 934 1187 ἐστιν,
983 1108 1103 1168 victoriae
1125 1110 1269 1191 praeconiis
1293 1108 1495 1174 defraudamus.
1518 1113 1566 1174 Sic
1589 1127 1617 1173 et
1640 1134 1706 1195 erga

164 1205 201 1262 aa
218 1201 312 1274 ἐιηιδὴ
335 1202 492 1282 κατέσκαψε
506 1200 556 1274 τὴν
571 1201 752 1276 Ἐκκλησίαν,
775 1204 835 1262 ἀλλ’
856 1204 934 1271 αὐτὸς
939 1255 976 1295 tot
984 1198 1099 1259 Paulum
1123 1221 1172 1260 nos
1194 1220 1329 1281 geramus.
1352 1203 1423 1262 Nam
1442 1216 1469 1264 et
1489 1203 1547 1284 ipse
1562 1205 1706 1285 naufragia

166 1293 337 1365 ολιὴνπόλεν
351 1293 525 1374 ᾠκοδόμησεν
537 1318 544 1331 ·
556 1297 606 1359 ,osia
626 1294 720 1368 ἐπειδὴ
739 1296 869 1376 ἐπόρθησε
888 1295 933 1357 τόν
948 1311 969 1356 Λ
983 1312 1078 1373 passos
1104 1306 1143 1352 est
1166 1293 1307 1352 innumera
1320 1293 1382 1353 :sed
1394 1315 1457 1354 cum
1472 1294 1508 1354 ad
1520 1310 1629 1376 portum
1651 1319 1707 1378 ap-

166 1386 244 1463 λίγσι,
258 1387 322 1445 ἀλλ’
336 1385 431 1459 ἐπειδὴ
445 1386 582 1466 πορθήσας
594 1387 638 1447 τὸν
651 1386 748 1466 λόγον,
762 1388 840 1456 αθτδς
855 1387 933 1448 αὐτὸν
983 1384 1113 1465 pulsnt-ns
1133 1407 1232 1446 navem
1246 1386 1308 1463 fuit,
1320 1387 1446 1446 refertam
1462 1388 1598 1448 mercibus
1612 1409 1706 1449 onera·

168 1478 235 1537 πόλιν
249 1475 366 1548 ηὔξησεν
379 1501 388 1514 ·
401 1481 449 1538 οὐκ
468 1477 562 1550 ἐπειδὴ
576 1478 797 1557 ίπολίμησετοθς
819 1479 935 1540 duceud-
984 1476 1053 1537 mam
1076 1475 1202 1541 deduxit.
1225 1476 1261 1537 Et
1281 1476 1512 1557 quemadmodum
1532 1479 1612 1541 tuda
1635 1479 1708 1539 nihii

168 1575 231 1644 λαις,
242 1573 292 1630 obs
303 1570 397 1643 ἐπειδὴ
411 1571 571 1653 διεσπάραξε
581 1572 630 1644 τὴν
644 1570 755 1652 ἀγέλην,
768 1575 827 1632 ἀλλ’
842 1572 933 1644 ἐπειδὴ
982 1571 1097 1652 profuit,
1120 1571 1286 1653 discipulum
1309 1573 1387 1653 prius
1408 1573 1501 1648 fuisse,
1517 1594 1580 1633 eum
1607 1572 1709 1633 deinde

171 1661 353 1743 ἐισαπαρόξας,
367 1661 479 1745 ὕστερον
493 1664 571 1731 αὐτὸς
586 1662 667 1736 αὐτὴν
681 1662 866 1744 συνεκρότησε.
984 1664 1070 1723 sactus
1085 1663 1120 1723 sit
1132 1663 1269 1745 proditor:
1279 1663 1316 1724 ita
1329 1685 1377 1725 neo
1394 1665 1439 1725 isti
1452 1664 1601 1746 quidquam
1614 1665 1708 1726 nocuit

984 1770 1062 1815 antea
1087 1770 1309 1838 persequutorum
1333 1756 1427 1834 fuisse,
1455 1778 1518 1817 cum
1543 1756 1708 1837 evangelista

983 1847 1111 1929 deinceps
1120 1847 1317 1908 eraserinilaec
1330 1848 1410 1908 Pauli
1423 1863 1485 1908 sunt
1497 1849 1641 1930 praeconia,
1652 1868 1706 1908 non

984 1939 1058 2020 qnod
1075 1939 1224 2000 Ecclesiam
1249 1939 1424 2016 subverterit,
1448 1939 1497 1999 sed
1519 1939 1593 2020 quod
1618 1940 1707 2021 ipsam

985 2052 1080 2092 rursus
1093 2031 1234 2097 adiu-arta
1244 2055 1250 2089 :
1259 2051 1314 2090 non
1327 2030 1401 2110 quod
1416 2029 1531 2092 verbum
1551 2030 1603 2090 Dei
1618 2051 1707 2112 oppo-

984 2123 1236 2205 gnaritsedquod,
1246 2137 1389 2204 postquam
1399 2123 1514 2185 verbum
1523 2137 1707 2205 oppugnant,

984 2216 1043 2297 ipse
1055 2214 1126 2276 ittud
1140 2237 1235 2275 rursus
1248 2214 1471 2296 amplificaverit:
1480 2236 1534 2275 non
1549 2214 1622 2294 quod
1638 2238 1708 2298 apo-

986 2307 1061 2367 stolis
1073 2307 1178 2368 bellum
1191 2307 1332 2382 intulerit,
1347 2328 1401 2366 non
1416 2307 1489 2386 quod
1504 2326 1613 2388 greg·
1627 2308 1708 2370 dissi·

986 2399 1121 2482 paritsed
1129 2399 1269 2480 qood,nbi
1279 2399 1530 2483 dissipasset,illum
1540 2400 1598 2482 ipse
1608 2400 1708 2463 deinde

727 2537 728 2540 ,
988 2493 1168 2572 congregarit.

201 2583 231 2642 Τί
255 2581 351 2642 τούτου
376 2581 590 2662 παραδοξότερον
612 2582 707 2662 γίνοιτ’
733 2582 782 2658 όν;
803 2583 838 2644 Ὁ
859 2585 937 2651 λόκος
1031 2585 1058 2645 5.
1069 2583 1142 2657 Quid
1157 2584 1209 2644 hoc
1219 2584 1408 2645 admirabilius
1421 2584 1481 2644 fieri
1495 2585 1598 2668 possit?
1613 2587 1708 2668 Lupus

172 2674 254 2751 θγίνπο
270 2672 393 2751 ποιμήν·
409 2674 470 2733 orb
485 2665 561 2753 αἷμα
581 2677 634 2734 τῶν
652 2675 795 2756 προόείτων
811 2676 939 2754 ἐκπίνων,
989 2691 1082 2759 pastor
1099 2692 1139 2737 est
1156 2677 1309 2756 sactusaqni
1321 2676 1480 2756 sanguinem
1503 2677 1598 2739 ovium
1617 2677 1709 2738 absor-

172 2766 299 2839 νέόιθιιπε
311 2766 345 2825 εδ
358 2756 431 2843 αἷμα
441 2769 537 2826 ἑαυτοῦ
549 2765 649 2845 ἐκχίων
663 2765 731 2847 θπίρ
741 2771 788 2839 τῆς
799 2770 852 2826 τῶν
868 2792 938 2850 προ-
988 2770 1081 2848 tiebat,
1095 2768 1254 2850 sangninem
1275 2790 1356 2829 snum
1369 2790 1419 2850 pro
1432 2769 1518 2829 salute
1537 2770 1633 2830 ouium
1646 2773 1710 2830 sun·

172 2856 244 2916 όόεειν
265 2855 415 2940 σωτηρίας.
437 2856 534 2916 Boebes
559 2863 651 2936 μαθεῖν
666 2860 725 2925 πῶς
741 2856 772 2919 τὸ
793 2850 861 2937 αἷμα
885 2865 938 2921 τῶν
989 2862 1053 2922 dere
1068 2884 1123 2922 non
1144 2861 1270 2923 cessavit.
1286 2860 1339 2923 Vis
1351 2860 1540 2942 tuintelligete
1554 2883 1608 2940 quo
1627 2876 1712 2944 pacto

172 2949 298 3027 εροόίτινν
331 2947 461 3020 ἰξίπινε;
484 2953 541 3015 πῶς
574 2948 720 3029 ᾑμαγμόνη
746 2941 779 3023 ἦν
808 2955 887 3011 αὐτοῦ
920 2957 938 3025 ἡ
989 2956 1146 3035 sangninem
1159 2952 1709 3036 ouiumabsorberet?quopactosangni-

170 3043 279 3119 γλέισσσ,
301 3042 409 3106 Σαῦλος
431 3039 460 3099 εδδ
481 3039 520 3099 ἔτι
533 3040 655 3118 ἐμπνέων
669 3042 781 3113 ἀπειλῆς
795 3041 841 3100 καλ
860 3042 938 3125 φόνου
989 3070 1050 3108 nem
1062 3049 1121 3129 ejus
1132 3046 1227 3127 lingua
1235 3045 1487 3106 stillaretPSaultts
1499 3048 1708 3107 autemodlmc
1717 3064 1771 3111 Ace.
1783 3078 1806 3124 9.
1823 3079 1843 3110 ι.

169 3137 198 3200 είς
213 3135 273 3202 τοὺς
295 3132 421 3211 μαθητὰς
432 3137 480 3190 τοῦ
499 3131 606 3213 Κυρίου.
628 3132 698 3193 Ἀλλ’
713 3124 813 3200 σίτοιό
826 3138 938 3209 ἀπειλῆς
987 3146 1104 3221 spirans
1120 3143 1217 3198 minas
1240 3151 1269 3198 et
1290 3137 1398 3196 caedem
1420 3141 1453 3196 ιἰι
1474 3139 1632 3219 discipulos
1647 3137 1707 3197 Do-

168 3224 205 3284 εεί
214 3224 297 3306 ρόνσν
309 3223 454 3303 ἐμπνέων,
466 3223 552 3284 καὶτὸ
564 3215 632 3302 αἷμα
644 3229 698 3285 τῶν
718 3224 800 3304 ἁγίων
819 3227 937 3307 ἐκχέων,
988 3238 1070 3293 mini.
1083 3235 1207 3291 Attamen
1216 3228 1323 3310 isteqni
1335 3230 1422 3289 minas
1431 3243 1457 3288 et
1466 3228 1566 3290 casdem
1576 3229 1707 3311 spirabat,

168 3317 271 3377 ίιυοσον
289 3321 351 3384 πῶς
364 3317 396 3376 τὸ
417 3307 484 3392 αἷμα
505 3315 537 3375 τὸ
562 3318 656 3376 ἑαυτοῦ
670 3315 772 3399 ἐξέχεεν
797 3317 863 3401 ὑπὲρ
882 3323 936 3379 τῶν
952 3333 969 3380 o
987 3334 1013 3379 et
1035 3334 1189 3379 sanctorum
1212 3319 1371 3398 sauguinem
1392 3317 1534 3391 frendebat,
1561 3319 1627 3381 andi
1651 3339 1707 3398 quo

166 3409 248 3487 όγίιον.
262 3412 300 3470 Et
313 3407 387 3468 κατὰ
400 3408 556 3488 ἄνθρωπον,
569 3409 664 3488 φησίν,
685 3411 890 3491 ἐθηριομάχησα
907 3415 935 3471 ἐν
986 3425 1065 3493 pacto
1075 3411 1235 3492 sanguinem
1252 3431 1332 3471 suum
1346 3431 1396 3490 pro
1416 3411 1516 3470 sanctis
1529 3411 1663 3471 funderet.
1675 3412 1707 3472 Si
1720 3434 1739 3467 ι.
1751 3421 1805 3468 σοι.
1820 3420 1856 3469 ι5.

166 3501 280 3582 Ἐφίοιρ·
296 3501 346 3562 καλ
365 3499 465 3575 πόλιν,
479 3502 547 3559 Καθ’
572 3500 674 3581 ἡμέραν
693 3501 853 3574 ἀποθνήσκω
868 3526 875 3540 ·
889 3505 936 3564 καί
985 3504 1145 3562 secuudum
1167 3504 1327 3574 bominem,
1350 3501 1451 3579 inquit,
1468 3503 1511 3559 ad
1523 3505 1631 3560 bestias
1648 3523 1704 3582 pu·
1716 3482 1755 3530 ³²·

165 3594 253 3669 τσλιν,
265 3591 463 3673 Ἐλογίσθημσν
477 3595 514 3660 ὣς
527 3591 650 3671 πρόόατα
664 3598 775 3673 σφαγῆς.
787 3592 841 3653 Καὶ
851 3602 935 3656 ταῦτα
984 3601 1075 3676 gnavi
1090 3596 1200 3674 Ephesi
1208 3618 1219 3652 .-
1231 3608 1256 3652 εἴ
1266 3613 1360 3651 rursus
1365 3637 1375 3670 ‚
1394 3593 1531 3670 Quotidie
1544 3597 1841 3660 moriorsetro.v.31.

165 3685 245 3765 ἱλεγεν
259 3692 277 3746 ό
289 3683 387 3764 παρὼν
400 3684 444 3743 trs
465 3682 580 3763 ἐξεχεῖτο
594 3684 626 3744 εδ
643 3676 712 3761 αἷμα
723 3685 874 3766 Στεφάνου,
889 3688 935 3748 καλ
986 3708 1091 3764 rursus,
1103 3688 1255 3746 AEstirraati
1265 3704 1364 3744 sumus
1374 3688 1450 3743 sicut
1462 3705 1530 3745 oves
1543 3686 1707 3749 occisionis.
1717 3694 1810 3744 uomet.
1818 3696 1856 3743 36.

165 3770 369 3851 {ammento
381 3780 416 3851 τῇ
428 3775 562 3855 ἀναιρέσει
573 3777 663 3835 αὐτοῦ.
679 3775 762 3858 Ὁρᾷς
781 3781 838 3846 πῶς
855 3785 870 3838 ό
890 3781 935 3841 λιί·
986 3781 1075 3857 Atque
1090 3778 1143 3837 boc
1165 3776 1273 3836 dicebat
1286 3777 1309 3835 is
1320 3775 1368 3855 qui
1379 3775 1484 3851 aderat,
1500 3798 1562 3837 cum
1576 3777 1708 3859 Stephani

164 3894 201 3939 ινα
211 3871 316 3948 ποιμὴν
333 3867 455 3947 ἐγίνετος
466 3856 525 3948 Ἆρ’
539 3870 587 3928 οιίιι
605 3867 761 3948 αἰσχύνεσθε
772 3869 826 3952 πρὸ
842 3871 934 3933 τούτου
987 3869 1096 3951 sanguis
1110 3869 1277 3946 funderetur,
1288 3881 1313 3928 et
1326 3882 1382 3928 erat
1391 3869 1559 3929 consentiens
1569 3869 1628 3929 neci
1638 3872 1706 3952 ejus.

165 3963 297 4029 ίεώοντες
308 3961 355 4022 ότι
375 3957 490 4032 διοίκπης
504 3951 537 4033 ἦν
556 3959 601 4020 καὶ
624 3961 781 4041 βλάσφημος
799 3963 845 4023 καὶ
858 3964 935 4047 obpu—
987 3963 1074 4025 Vides
1088 3976 1118 4022 ut
1131 3963 1213 4044 lupus
1226 3974 1318 4042 pastor
1339 3961 1475 4021 evaserit?
1486 3961 1633 4041 Numquid
1653 3984 1707 4023 non

164 4054 236 4129 στιίςς
248 4054 348 4115 Εἶδετε
365 4055 424 4118 πῶς
443 4056 532 4128 μεῖζον
544 4055 624 4110 αὐτοῦ
637 4052 745 4125 ἐποίησε
759 4056 790 4114 τὸ
802 4053 934 4135 ἐγεεώμιον
986 4055 1151 4131 erubescitis,
1160 4074 1223 4112 cum
1234 4052 1394 4113 audiveritis
1402 4068 1478 4113 antea
1488 4068 1707 4134 perserpautorem

163 4150 178 4216 ἡ
189 4146 308 4228 προτέρα
318 4143 483 4225 κατηγορία,
491 4146 552 4204 Οὐκ
559 4142 649 4222 ἔλεγον
658 4149 721 4222 ὑμῖν
732 4147 803 4226 lar}
818 4148 934 4230 προτόρφ
986 4149 1076 4223 iilum,
1092 4160 1119 4206 et
1132 4145 1320 4226 blasphemum
1329 4158 1357 4204 et
1370 4146 1596 4232 contumeliosum
1607 4147 1707 4207 fuisse?

164 4238 258 4307 συνέξει
278 4235 323 4296 ότι
337 4240 393 4295 τῶν
406 4236 460 4314 πρὸ
475 4241 521 4295 τοῦ
542 4241 654 4317 σταυροῦ
676 4236 794 4313 σημείων
812 4238 847 4299 τὰ
866 4242 934 4317 μετὰ
986 4239 1103 4300 Vidistis
1116 4252 1147 4298 nt
1163 4238 1238 4319 prior
1251 4238 1386 4297 accusatio
1399 4237 1493 4299 landes
1505 4240 1563 4319 ejus
1582 4260 1707 4300 novaec-

164 4330 201 4388 sto
218 4328 338 4408 στωιφδν
362 4326 473 4404 μείζονα
496 4323 613 4404 ἐγένετο,
627 4330 674 4388 οὐκ
695 4327 781 4398 ἱδειξα
800 4334 863 4408 ὑμῖν
888 4332 935 4392 καί
950 4358 969 4406 ρ,
986 4328 1410 4391 cessionecumulariti‘Nonnein
1416 4329 1502 4411 priori
1509 4329 1590 4391 vobis
1597 4330 1707 4390 collecta

166 4422 212 4482 tat
220 4423 276 4481 τῦν
289 4417 428 4496 σημείων,
439 4419 486 4477 καί
496 4419 549 4479 ἀπὸ
560 4422 608 4492 τῆς
623 4419 721 4488 εὐνοίας
731 4422 784 4479 τῶν
797 4428 934 4501 μαθητῶν,
985 4422 1111 4483 dicebam
1126 4443 1156 4482 ea
1171 4422 1376 4499 miraculaque
1388 4443 1495 4481 crucem
1507 4436 1620 4502 sequuta
1634 4436 1707 4498 sunt,

167 4512 205 4572 καὶ
216 4515 274 4580 πῶς
282 4511 339 4594 πρὸ
350 4509 446 4570 τούτω
459 4509 536 4590 pind
552 4511 668 4593 Χριστός
679 4512 828 4573 ἐπιτάττων
842 4516 932 4598 ἤγειρε
986 4516 1020 4576 iis
1033 4516 1135 4596 majora
1159 4535 1219 4592 quae
1238 4514 1326 4595 ipsam
1344 4528 1530 4594 praecesserant
1553 4515 1706 4576 exstitisse?

166 4604 219 4672 ειθς
228 4603 355 4687 νεαροὺς,
367 4602 477 4685 ὕστερον
495 4601 524 4662 δὲ
538 4608 567 4663 ai
580 4603 654 4663 σκιαὶ
667 4606 719 4662 τῶν
736 4603 834 4666 δουλων
855 4610 934 4665 αὐτοῦ
986 4628 1075 4666 nonne
1087 4605 1118 4665 id
1129 4604 1237 4665 ostendi
1249 4603 1329 4666 vobis
1341 4617 1414 4665 etex
1425 4606 1563 4665 miraculis
1576 4621 1649 4668 etex
1663 4607 1706 4668 di·

168 4697 368 4771 τοῖποὶποίωνς
380 4699 441 4762 πῶς
460 4694 522 4755 τότε
545 4693 593 4774 μέν
618 4696 694 4765 ιιιίιὸς
715 4696 831 4756 κελεύων
853 4701 934 4758 ibeo·
987 4696 1156 4777 scipulorum
1176 4694 1379 4768 benevolentia3
1398 4708 1425 4754 et
1448 4717 1504 4774 quo
1529 4711 1608 4778 pacto
1631 4711 1708 4757 antea

169 4788 443 4869 γισναίργει,θστερσν
466 4786 495 4847 δὲ
519 4792 544 4849 ot
563 4790 649 4849 δοῦλοι
673 4791 751 4848 αὐτοῦ
772 4792 807 4846 s*
824 4790 934 4867 ὀνόματι
987 4788 1099 4868 quidem
1115 4788 1238 4849 Christus
1252 4788 1387 4869 imperans
1409 4802 1528 4847 mortuos
1548 4789 1705 4868 suscitabat,

172 4883 240 4940 σ’πῶ
253 4879 417 4961 κεχρημένοι
431 4879 541 4956 μείζονα
556 4879 699 4954 έποίησανς
711 4883 761 4940 oda
782 4814 855 4942 ίίπον
872 4885 935 4960 ὑμῖν
987 4894 1078 4962 postea
1090 4900 1155 4960 pero
1165 4900 1305 4941 servorum
1317 4880 1375 4960 ejus
1391 4878 1487 4939 umbra
1498 4879 1619 4961 idipsum
1633 4904 1707 4962 prae-

174 4971 287 5051 τερλεῦν
305 4972 429 5053 έχθρῶν,
441 4974 500 5039 viic
513 4970 640 5031 διέσεισεν
660 4975 745 5033 αὐτῶν
759 4972 791 5032 τὸ
805 4974 936 5048 συνειδόςς
988 4973 1097 5033 stabat?
1110 4993 1164 5050 quo
1186 4984 1264 5051 pacto
1287 4984 1346 5030 tum
1364 4970 1477 5049 quidem
1496 4972 1543 5032 ille
1563 4994 1614 5035 suo
1630 4974 1709 5055 jussu

177 5062 360 5147 ὥςὲιρότησε
379 5067 431 5135 τῆς
441 5061 598 5141 οἰκουμένης
611 5062 732 5137 ἁπάσης
752 5068 810 5131 πῶς
829 5062 937 5143 μείζονα
990 5065 1120 5124 miracula
1132 5064 1374 5145 patrabattpostea
1386 5084 1449 5124 vero
1463 5064 1534 5126 servi
1545 5065 1603 5146 ejus
1613 5086 1713 5126 nomen

179 5152 208 5211 rb
215 5164 302 5229 σημεῖα
311 5153 383 5233 μετδι
395 5155 442 5215 τόν
455 5152 570 5235 σταυρόν
581 5145 737 5235 ἥντῶνπρδ
750 5158 796 5214 τῶ
810 5159 936 5236 σταυροῖς
989 5156 1074 5237 ipsius
1095 5169 1254 5238 usurpantes
1278 5156 1380 5237 majora
1403 5156 1557 5218 faciebant?
1571 5179 1662 5219 nonne
1676 5160 1714 5219 do

181 5229 283 5326 ’λόιλφδς
295 5247 396 5310 ἐκείνου
418 5246 466 5308 ιιιιὶ
486 5249 501 5305 θ
520 5244 637 5328 σήμερον
661 5246 784 5308 εἰσελθὼν
803 5247 888 5327 λόγος.
900 5249 938 5311 Τί
989 5248 1112 5312 hostibus
1134 5247 1273 5328 dicebam,
1287 5269 1341 5329 qno
1354 5262 1432 5334 pacto
1446 5248 1635 5316 conscientiam
1650 5252 1712 5314 itto-
