3764 5992
236 388 285 438 DE
313 390 430 440 VERBIS
458 391 633 458 teostont,
663 391 792 438 Urtn'tnt
821 389 1057 440 SUSTINERETIS
1085 394 1253 459 ironicum,
1281 395 1354 443 ETC.

141 509 244 585 ΜΝ
255 512 302 572 ml
312 512 399 590 λόγοιν
409 514 574 585 Muraena,
585 513 691 574 tenetls
706 512 805 585 πολλὴν

143 601 187 663 ίαν
201 603 382 683 ίπικειμίνην.

143 781 299 843 extem
320 782 348 843 δί
371 783 465 862 μόνον,
487 783 557 844 ἀλλὰ
570 786 616 844 καὶ
628 785 672 844 ἐπὶ
687 791 733 846 τοῦ
747 787 844 856 Xer-c

142 874 163 935 ιδ
176 874 244 934 eost
253 880 331 935 τοῦτο
340 876 513 957 γεγενημένον
522 877 574 936 ίδοι
584 902 624 946 τις
636 876 677 936 ἄν.
691 879 744 936 Καὶ
755 877 807 956 γὰρ

142 965 184 1040 leq
197 971 315 1027 τοσαῦτα
324 966 442 1047 προστὰς
454 976 500 1029 τοῦ
513 968 598 1047 δήμου
608 974 660 1028 τῶν
671 968 806 1028 Ἰουδαίων

142 1058 180 1125 ὃς
199 1063 215 1118 δ
229 1057 299 1125 Θεὸς
311 1057 406 1134 ἤθελε,
420 1058 466 1119 καλ
480 1059 563 1137 μηδὲν
583 1059 716 1138 μηδίποτε
736 1060 805 1140 μίγα

142 1155 205 1209 θεοῦ
217 1147 411 1229 φθεγξάμενος,
428 1150 516 1210 καίτοι
529 1151 615 1209 πολλὰ
629 1151 712 1231 ἔχων,
730 1151 803 1232 εἴπερ

142 1262 168 1312 a,
179 1238 282 1318 λέγειν,
302 1240 352 1312 τὴν
363 1241 394 1300 ἐκ
405 1240 513 1321 πρώτης
526 1240 631 1312 ἡλικίας
645 1240 804 1322 ἀνατροφὴν,

142 1331 244 1411 §antip
261 1330 416 1410 διατριόὴν,
432 1329 480 1402 flu
495 1336 526 1391 ἐκ
543 1332 701 1414 σπαργάνων
723 1334 803 1391 αὐτοῦ

142 1418 204 1494 ita,
216 1418 279 1487 τοῦς
292 1421 363 1497 μετὰ
377 1430 459 1482 ταῦτα
473 1422 618 1502 πολέμους,
628 1422 676 1490 τδις
686 1421 760 1490 νίκας
773 1422 804 1489 ἃς

142 1535 167 1585 ι,
194 1513 247 1591 οθχ
269 1508 360 1579 ὅπλοις
386 1513 538 1595 χρώμενος,
567 1513 635 1574 ἀλλὰ
662 1512 730 1592 μετὰ
757 1519 805 1586 τῆς

143 1607 192 1662 τοῦ
204 1605 278 1663 Θεοῦ
289 1605 532 1684 παραταττόμενος,
547 1609 573 1666 ἐν
590 1615 644 1674 τοῖς
657 1606 804 1688 ἔμπροσθεν

144 1692 221 1754 attis
240 1694 339 1755 τυίεων
357 1685 439 1756 εἶπεν.
452 1694 563 1770 Ἐπειδὴ
576 1696 603 1756 δὲ
616 1696 724 1775 ἔμελλεν
739 1697 803 1778 aipi-
820 1705 839 1750 1)

162 1790 211 1859 τῆς
232 1786 410 1867 προστασίας,
423 1789 469 1848 καὶ
481 1788 529 1860 τὴν
545 1790 629 1870 ἀρχὴν
649 1790 803 1871 ἐγχειρίζειν

143 1876 202 1939 τότε
224 1879 318 1940 λοιπδν
341 1880 496 1960 ἠναγκάσθη
523 1882 557 1941 sla
578 1880 698 1960 ἐγκώμια
723 1885 802 1941 αὐτοῦ

143 1979 183 2043 ἰν,
201 1970 250 2030 καί
267 1977 352 2030 ταῦτα
373 1972 526 2052 ὑφειμένως.
546 1973 601 2033 Καὶ
624 1973 738 2040 καλέσας
756 1974 801 2034 τδν

143 2061 255 2136 laetor,
269 2063 398 2143 παρόντος
416 2063 521 2123 καὶτοῦ
541 2062 645 2137 Σαοὺλ,
659 2063 802 2131 οὕτω-πώς

143 2151 208 2213 teat
217 2152 321 2224 ηκουσα
333 2157 380 2226 τῆς
394 2157 483 2233 φωνῆς
492 2158 578 2232 ὑμῶν,
589 2154 634 2214 καὶ
645 2153 802 2215 ίῦασίλευσα

143 2242 289 2323 thealdo·
303 2244 351 2304 καί
366 2243 418 2325 ίγὼ
428 2242 483 2303 ἰδοῦ
493 2245 679 2324 ἄνέστραμμαι
691 2245 801 2306 ἐνώπιον

143 2335 286 2408 ’.νεότητός
301 2360 366 2413 μου,
380 2336 427 2394 καί
448 2335 497 2404 ἕως
515 2341 563 2409 τῆς
578 2336 679 2417 ἡμέρας
691 2337 801 2410 ταύτης,

143 2426 239 2507 ipone.
262 2427 436 2507 Ἀτοκρίθητε
456 2432 516 2487 κατ’
535 2433 599 2505 ἐμοῦ
622 2427 733 2489 ἐνώπιον
755 2435 802 2489 τοῦ

163 2517 212 2577 καὶ
232 2517 343 2578 tedam
363 2525 474 2599 χριστοῦ
496 2522 574 2578 αὐτοῦ
590 2543 596 2556 ·
612 2519 710 2600 μόσχον
732 2520 802 2588 τίνος

144 2606 270 2689 &aqud
293 2609 351 2670 ὄνον
375 2609 445 2677 τίνος
469 2609 578 2690 elinque
600 2609 617 2682 ἢ
636 2613 705 2680 τίνος
726 2615 800 2688 ὑμῶν

1504 372 1573 445 555

865 525 951 572 tacere
979 514 1090 593 sciunt,
1127 516 1174 576 ubi
1202 516 1278 577 nulla
1305 530 1346 578 est
1371 516 1498 596 loquendi
1525 540 1576 578 ne-

864 603 984 683 cessitas,
1007 605 1044 665 ita
1062 620 1088 666 et
1102 606 1175 687 loqui
1190 621 1299 686 norunt,
1323 608 1351 670 ri
1365 609 1480 669 instante
1497 624 1577 689 atque

864 710 1027 756 imminente.

903 785 933 845 8.
958 788 1050 866 Neque
1064 789 1092 848 in
1105 788 1157 847 hnc
1178 803 1293 863 tantum,
1316 789 1363 849 sed
1384 790 1465 850 etiam
1479 791 1508 851 in
1522 792 1576 853 Sa·

863 876 951 934 nruele
973 877 1091 958 idipsum
1108 879 1250 958 contigisse
1263 880 1323 959 quis
1346 881 1445 942 videat.
1468 882 1577 943 Etenim

863 965 910 1025 ille
924 989 985 1027 cum
1000 983 1038 1028 tnt
1058 971 1135 1030 annis
1148 971 1262 1032 Judaico
1284 973 1385 1052 populo
1407 975 1575 1053 praefuisset,

861 1056 943 1137 idque
966 1059 1002 1119 ad
1024 1061 1074 1120 Dei
1097 1062 1240 1144 placitum,
1261 1084 1309 1123 nec
1323 1063 1463 1145 quidpiam
1485 1069 1577 1145 magni

861 1149 896 1208 de
913 1173 940 1209 se
971 1174 1100 1231 umquam
1119 1153 1248 1232 loquutus
1275 1155 1388 1233 fuisset,
1402 1157 1487 1217 multa
1514 1158 1577 1218 licet

861 1239 972 1301 haberet
985 1241 1109 1319 dicenda,
1132 1245 1154 1303 si
1168 1245 1307 1320 voluisset,
1327 1266 1403 1305 suam
1416 1269 1431 1305 a
1448 1248 1576 1328 primaeva

860 1344 937 1391 atate
968 1332 1175 1412 educationem,
1198 1337 1226 1394 in
1259 1336 1358 1416 templo
1386 1340 1576 1399 commoratio-

860 1445 931 1499 nem,
954 1426 1101 1507 prophetie
1125 1427 1227 1486 donum
1253 1427 1288 1486 ab
1312 1428 1493 1506 incunabulis,
1516 1445 1576 1511 post
1605 1416 1615 1435 ⁸

859 1516 918 1575 haee
938 1516 1021 1591 bella,
1043 1518 1180 1593 victorias,
1202 1540 1268 1597 quas
1291 1539 1343 1578 uon
1364 1519 1458 1598 armis,
1481 1521 1528 1580 sed
1541 1543 1575 1582 ex

860 1605 1044 1666 benevolentia
1070 1609 1120 1667 Dei
1143 1609 1228 1668 aciem
1249 1609 1382 1667 instruens
1405 1611 1573 1689 reportavit:

860 1695 958 1755 horum
983 1712 1071 1757 tamen
1103 1699 1173 1757 nihil
1197 1697 1330 1780 superiori
1357 1712 1477 1779 tempore
1496 1701 1576 1760 dixe·

859 1801 910 1848 rat.
935 1791 970 1847 rlt
985 1789 1033 1848 ubi
1046 1789 1228 1870 principatum
1238 1787 1422 1861 abdicaturus,
1444 1791 1575 1869 alterique

859 1878 1003 1959 imperium
1015 1879 1163 1940 traditurus
1175 1893 1241 1954 erat,
1262 1893 1327 1939 tnnc
1338 1893 1445 1939 coactus
1456 1894 1495 1940 est
1509 1903 1575 1962 pro-

859 1969 932 2049 prias
946 1969 1039 2029 laudes
1055 1991 1198 2047 recensere,
1219 1970 1300 2050 idque
1320 1969 1468 2030 admodum
1483 1994 1572 2052 parce.

859 2059 1031 2139 Evocatnque
1052 2062 1178 2121 universo
1199 2062 1311 2143 populo,
1333 2076 1463 2143 presente
1482 2065 1573 2140 saule,

858 2151 895 2212 ita
906 2153 1036 2232 loquutus
1047 2166 1086 2213 est
1097 2178 1103 2209 :
1116 2157 1194 2213 Ecce
1203 2155 1306 2213 audivi
1315 2174 1416 2213 vocem
1428 2167 1570 2233 uestram,
1584 2169 1669 2275 emp.
1687 2181 1724 2216 ra.

1585 2242 1637 2275 ln·
1657 2264 1662 2274 .

857 2256 886 2302 et
896 2248 1035 2304 constitui
1052 2248 1138 2303 vobis
1147 2265 1242 2323 regem
1253 2267 1263 2300 .·
1275 2257 1304 2303 et
1312 2265 1363 2326 ego
1373 2266 1438 2304 ecce
1448 2266 1572 2307 convcr-

857 2345 940 2392 satus
958 2354 1022 2392 sum
1042 2337 1076 2392 in
1094 2347 1248 2413 conspeetu
1269 2347 1368 2392 vestra
1388 2354 1407 2391 a
1419 2338 1574 2415 juventute

858 2444 933 2494 mea,
955 2437 982 2482 et
997 2445 1088 2504 usque
1103 2425 1144 2482 ad
1157 2425 1234 2482 diem
1246 2425 1336 2500 hanc,
1360 2437 1388 2483 et
1402 2429 1493 2483 senui.
1513 2427 1573 2485 ne-

857 2516 996 2594 spondete
1010 2528 1114 2575 contra
1128 2536 1174 2574 me
1188 2518 1219 2572 in
1229 2516 1525 2595 conspectnDominr',
1544 2531 1574 2576 et

857 2608 889 2661 r'n
900 2617 1054 2685 conspectu
1068 2607 1171 2664 christi
1184 2608 1246 2687 ejus
1253 2629 1265 2676 ,·
1282 2607 1366 2685 cujus
1381 2619 1511 2665 vestrum
1526 2611 1573 2667 υἰ-

144 2698 270 2773 ίστευσας
286 2699 304 2772 ἢ
318 2701 378 2760 τίνα
391 2700 518 2768 ίξεπίαοα
531 2705 604 2779 ὑμῶν
617 2727 625 2772 ;
638 2702 656 2773 ἢ
671 2706 701 2762 ἐκ
712 2705 801 2784 χειρὸς
819 2710 837 2758 u
858 2697 952 2756 tulum
966 2702 1067 2776 occepi
1077 2702 1090 2754 Ρ
1099 2710 1151 2756 cut
1163 2701 1247 2778 cujus
1257 2701 1374 2757 asinum
1391 2703 1511 2777 accepi?
1522 2712 1574 2759 aut

144 2792 191 2849 ὧν
209 2790 308 2871 εἴληφα
329 2790 460 2869 stampe
475 2793 493 2863 ἦ
509 2793 650 2870 ὑπόδημα,
670 2795 715 2852 καὶ
735 2795 800 2856 emt.
856 2809 942 2869 quem
955 2801 1084 2848 vestrum
1093 2791 1221 2868 oppressi
1230 2794 1243 2844 ἓ
1255 2800 1307 2846 aut
1317 2792 1365 2848 cui
1374 2802 1505 2848 vestrum
1517 2794 1575 2849 rim

144 2880 194 2950 nire
212 2881 364 2961 ὀφθαλμούς
387 2905 437 2960 μου
460 2886 486 2942 ἐν
509 2887 595 2963 αὐτῷ;
613 2883 716 2943 Εἴπατε
739 2890 799 2944 κατ’
848 2880 1000 2961 feritaret
1011 2902 1048 2939 ex
1059 2884 1144 2962 cujus
1155 2893 1286 2938 uestrum
1296 2902 1387 2939 manu
1397 2885 1496 2960 accepi
1503 2882 1574 2963 plc-

144 2971 162 3031 ti
175 2971 311 3032 ἀποδώσω
323 2976 394 3050 ὑμῖν.
411 2973 464 3033 Καὶ
478 2972 541 3032 ποία
552 2965 584 3045 ἦν
600 2974 703 3052 ἀνάγκη
715 2981 801 3035 ταῦτα

148 3063 233 3144 ρησίς
251 3062 345 3136 Πολλὴ
363 3064 409 3123 καὶ
428 3065 541 3144 μεγάλη.
556 3065 668 3138 Ἐπειδὴ
684 3065 734 3146 γθρ
750 3067 800 3148 ἄρ·

144 3156 229 3215 tutas
242 3154 357 3234 ιίοόγειν
370 3156 458 3223 αὐτοῖς
472 3156 516 3215 τὸν
532 3156 637 3231 Σαοὺλ,
651 3160 678 3216 ἐν
690 3181 723 3237 τη
738 3163 798 3218 κατ’

145 3245 280 3327 διολυγίρ
301 3246 405 3315 διδάξαι
429 3245 586 3325 βουλόμενος
608 3251 719 3322 ἐκεῖνον,
742 3251 800 3318 πῶς

144 3342 200 3398 tha
213 3337 310 3397 δεῖκαὶ
325 3336 454 3408 κήδεσθαι
465 3342 518 3397 τῶν
530 3339 693 3419 ἀρχομένων,
708 3340 800 3410 αὐτοὺς

144 3428 229 3502 μόοος
240 3429 376 3508 μάρτυρας
390 3432 469 3489 αὐτοῦ
480 3432 528 3501 τῆς
543 3431 696 3511 ριλοσοιρίας
709 3434 796 3515 παρό-

148 3524 182 3581 οίι
192 3528 267 3580 ποιεῖ
284 3528 360 3580 τοῦτο
378 3522 406 3578 ίν
420 3523 459 3600 τῷ
474 3526 559 3601 καιρῷ
574 3527 622 3593 τῆς
640 3525 741 3603 ἀρχῆς,
753 3524 797 3584 ἵνα

145 3613 204 3692 kq,
217 3612 260 3672 dri
271 3613 415 3680 δεδοικότες
426 3614 504 3672 αὐτὸν
523 3613 568 3673 καί
580 3614 751 3694 ροὸοόμενοι,
762 3615 796 3675 τὰ

163 3703 375 3782 ἰμσρεόρησαν·
390 3704 449 3763 ἀλλ’
471 3703 512 3762 ότι
532 3705 667 3784 παρελύθη
690 3705 723 3765 τὰ
747 3712 840 3798 τίν’,ς198

145 3795 204 3869 (σς,
217 3795 266 3855 καί
286 3797 323 3862 είς
334 3796 423 3875 ἕτερον
441 3797 554 3874 μετέστη
566 3796 600 3855 τὰ
614 3800 661 3867 τῆς
674 3822 793 3877 προστα-
813 3816 832 3860 λ

156 3887 281 3954 κίνδυνος
294 3885 377 3953 οὐδείς
390 3877 423 3957 ἦν
441 3890 479 3967 τῷ
493 3892 682 3967 κατηγοροῦντι
692 3889 794 3962 λοιπὸν,

145 3978 231 4047 Keras
247 3978 313 4057 πρὸς
329 3978 431 4045 adroic.
448 3977 541 4037 Καίτοι
560 4003 591 4059 γε
611 3982 634 4036 ri
655 3979 741 4060 ἕτερός
757 4005 795 4047 τις

145 4070 309 4143 pendanum
330 4068 363 4128 ἂν
385 4077 439 4136 τοῖς
462 4067 613 4143 Ἰουδαίοις,
634 4071 679 4129 καὶ
698 4074 746 4129 οὐκ
762 4072 792 4130 ἂν

145 4160 190 4221 ctu
205 4160 324 4241 ἄρχοντα
337 4159 381 4219 τδν
393 4161 451 4237 μετ’
466 4159 544 4218 αὐτὸν
555 4162 659 4233 ἐπιεικῆ
674 4161 793 4239 γενέσθαι

145 4275 203 4327 ιον,
214 4254 246 4311 οὗ
268 4250 312 4310 διδ
334 4251 512 4330 μνησικακίαν
526 4251 554 4310 δὲ
569 4252 663 4330 μόνον,
675 4255 734 4313 ἀλλ’
749 4252 792 4313 ἵνα

145 4345 313 4414 ςὲπιινῆται
329 4341 464 4419 μειζόνως.

856 2979 1001 3034 nationem
1022 2985 1076 3032 aut
1096 2972 1238 3044 calceum,
1263 2985 1292 3031 et
1313 2973 1455 3032 abscondi
1475 2973 1575 3033 oculos

857 3084 935 3123 meos
950 3068 983 3121 in
995 3063 1072 3121 illo?
1086 3062 1184 3119 Dicite
1195 3073 1298 3119 eontra
1309 3083 1364 3138 me,
1384 3074 1412 3121 et
1422 3066 1575 3122 restituam

855 3158 952 3214 vobis.
977 3153 1071 3232 Ecqua
1085 3150 1226 3211 necessitas
1244 3151 1302 3211 hcc
1312 3151 1429 3229 dicendi,
1444 3153 1575 3232 inquies?

855 3246 943 3306 Multa
955 3265 1113 3326 magnaque.
1128 3241 1265 3317 Quoniam
1278 3243 1350 3302 enim
1363 3244 1513 3325 principem
1525 3245 1572 3304 in·

853 3335 986 3398 ducturus
1007 3336 1063 3396 illis
1077 3349 1133 3395 erat
1143 3335 1265 3414 Saulem,
1278 3348 1309 3395 ut
1322 3334 1404 3394 insui
1417 3335 1504 3417 ipsius
1519 3337 1572 3397 dc-

854 3431 972 3490 fensione
985 3428 1092 3488 doceret
1104 3447 1177 3497 eum,
1201 3448 1254 3505 quo
1265 3439 1344 3507 pacto
1356 3447 1470 3507 praeesse
1491 3448 1571 3507 opor·

854 3535 929 3596 teret,
939 3536 965 3581 et
974 3542 1067 3579 curam
1076 3539 1165 3598 gerere
1174 3516 1354 3590 subditorum,
1366 3517 1438 3597 ipsos
1448 3515 1572 3577 subditos

853 3612 1033 3695 philosophiae
1055 3631 1110 3669 sure
1123 3621 1203 3668 testes
1223 3607 1345 3668 adducit.
1362 3610 1419 3667 Nec
1431 3607 1503 3667 illud
1516 3610 1570 3690 egit

852 3700 960 3780 imperii
973 3699 1014 3758 sui
1034 3712 1165 3778 tempore,
1190 3717 1223 3755 ne
1246 3697 1307 3775 quis
1320 3695 1422 3755 diceret
1434 3696 1494 3757 illos
1513 3721 1569 3779 prae

852 3792 937 3872 ipsius
950 3803 1023 3850 metu
1042 3811 1073 3849 ac
1083 3786 1228 3847 formidine
1243 3809 1302 3865 quae
1314 3808 1366 3845 nou
1385 3802 1460 3847 erant
1475 3791 1569 3849 testifi-

851 3895 923 3941 catos
945 3902 1020 3957 esse3
1036 3900 1131 3940 rernm
1139 3879 1198 3959 jam
1218 3877 1305 3937 soluta
1327 3899 1374 3936 sua
1394 3877 1570 3941 administra-

850 3974 932 4047 tione,
953 3993 1016 4031 cum
1028 3971 1056 4030 in
1069 3970 1155 4028 alium
1169 3969 1327 4050 praefectura
1341 3969 1469 4029 translata
1481 3986 1547 4031 esset
1554 4018 1564 4045 ,

850 4066 1010 4142 nullumque
1028 4060 1164 4121 accusanti
1183 4059 1335 4141 pericnlum
1354 4060 1477 4137 instaret,
1503 4077 1567 4123 tune

850 4179 912 4216 cuna
933 4155 989 4214 illis
1000 4154 1140 4233 disceptat.
1152 4151 1323 4229 Quamquam
1335 4152 1357 4209 si
1379 4151 1449 4210 alius
1459 4153 1564 4232 suisset,

848 4248 952 4312 Judaeis
963 4248 1082 4307 infensus
1094 4246 1198 4303 iuturus
1209 4258 1276 4321 erat,
1289 4264 1336 4302 nec
1347 4243 1474 4305 voluisset
1485 4246 1565 4325 prin-

849 4343 935 4422 cipem
946 4357 1123 4400 successorem
1133 4357 1211 4394 suum
1223 4356 1330 4413 aequum
1344 4335 1566 4415 moderatumque

849 4454 915 4507 esse,
934 4431 1017 4509 idque
1034 4449 1087 4487 non
1105 4427 1193 4487 solum
1212 4447 1247 4484 ex
1262 4425 1369 4504 injuriae
1382 4439 1497 4506 acreptae
1509 4447 1564 4486 me·

849 4525 946 4598 moria,
967 4521 1016 4582 sed
1037 4532 1066 4578 ut
1087 4517 1191 4598 etipse
1206 4518 1335 4598 majorem
1359 4530 1563 4596 consequeretur

846 4616 965 4676 laudem.

146 4709 291 4792 ιρνόσημα
301 4715 377 4768 τοῦτο
390 4709 471 4768 δεινὸν
484 4717 537 4774 τοῖς
552 4709 677 4788 ἄρχωσιν
689 4708 788 4768 ἔνεστι·
882 4709 911 4767 9.
933 4704 1008 4765 Illud
1026 4702 1098 4761 enim
1112 4701 1199 4761 morbi
1214 4699 1367 4781 principum
1380 4698 1477 4758 animis
1493 4700 1559 4759 insi·
1598 4721 1714 4783 Principia

146 4803 153 4825 ’
168 4797 265 4866 αὐτοὺς
277 4798 321 4858 ἐπὶ
335 4798 383 4872 τὴν
403 4799 487 4881 ἀρχὴν
499 4798 655 4879 ἐρχομένους
668 4799 790 4879 εὔχονται
841 4798 897 4874 det,
911 4810 942 4855 ut
965 4814 1128 4855 successores
1140 4812 1203 4850 suos
1213 4790 1353 4870 improbos
1365 4789 1558 4870 sceleratosque
1567 4795 1643 4892 ⁰2:22¹
1668 4791 1711 4891 Ἑ-

146 4879 212 4951 alum
231 4888 277 4949 καὶ
297 4889 434 4970 πονηρούς.
446 4867 493 4950 ίΑν
505 4914 535 4948 τε
553 4889 604 4969 γὰρ
617 4900 730 4965 γενναῖοι
743 4891 790 4950 τύ-
842 4911 898 4949 esse
909 4898 1056 4969 peroptent.
1072 4885 1142 4944 Nam
1155 4881 1179 4942 si
1198 4879 1300 4939 strenui
1312 4879 1485 4959 generosique
1500 4882 1556 4940 sue·
1566 4862 1619 4953 pm
1638 4866 1712 4954 ’.ΜΣ

146 5003 209 5053 τες,
228 4980 428 5062 λαμπροτέρους
449 4980 541 5048 αὐτοὺς
561 4987 698 5059 φανεῖσθαι
714 4983 789 5060 νομί·
807 5005 825 5050 ss
842 4981 908 5058 rint,
923 4977 1084 5038 illustriores
1104 4994 1133 5033 se
1143 4969 1518 5053 existimandosessepntant,
1533 4976 1556 5033 si
1566 4984 1672 5016 assuras.

146 5077 169 5131 ἰε
182 5070 379 5150 δισδιξαμίνων
392 5071 440 5143 τὴν
454 5072 541 5153 ἀρχὴν
555 5076 601 5131 οὒκ
611 5073 691 5132 όντων
704 5073 788 5133 τοιού·
843 5070 873 5146 ii,
885 5069 931 5148 qui
943 5066 1086 5149 imperium
1095 5062 1245 5145 excipiunt,
1256 5082 1309 5121 non
1321 5061 1364 5120 sui
1374 5060 1476 5122 similes
1486 5063 1555 5124 sint:

148 5185 182 5222 τι
201 5161 293 5223 σκαιοὶ
311 5162 357 5222 καὶ
371 5163 569 5242 διεφθαρμένοι,
584 5163 728 5242 ἀπολογίαν
742 5168 789 5235 τῆς
844 5162 866 5225 si
878 5175 967 5222 autem
979 5156 1097 5241 perversi
1111 5153 1285 5235 corruptique
1293 5152 1359 5231 siut,
1374 5173 1557 5217 suceessomm
