3764 5992
191 455 236 503 nn
260 454 379 505 ramis
404 455 580 521 anomoei,
608 455 783 504 uannarns
810 455 953 506 nnunnu
980 456 1150 508 summu:
1180 461 1203 509 r.
1403 443 1468 513 32i

149 579 194 638 αἶα
210 578 268 638 ἔστι
290 580 346 659 βίον
367 580 514 662 ἀκάθαρτον
536 579 644 660 ἔχοντα,
667 580 704 659 μὴ
720 586 741 633 n
758 580 830 641 enim
842 594 892 656 est,
901 582 1069 663 impossibile
1080 574 1200 665 profecto
1211 585 1236 645 si
1243 585 1326 648 vitam
1339 578 1478 669 impuram

144 667 216 729 τίατιν
228 670 396 731 σαλεύεσθαι.
759 673 859 733 διαίνετο
873 672 901 732 ἰυ
916 673 970 733 fide
982 695 1035 734 non
1048 675 1186 736 vacillare.

144 759 345 842 ρλείμαρμίνης
364 763 518 843 ληροῦντας,
531 763 576 822 καὶ
589 765 628 842 τῷ
649 786 705 822 σοι·
799 766 847 824 10.
859 752 937 824 Certe
946 765 994 845 qni
1008 765 1043 825 de
1054 766 1111 826 sato
1125 768 1272 847 nugantur,
1285 764 1432 830 etsalntari
1441 767 1477 830 de

149 851 317 920 άναστάσεως
334 856 531 923 διαπιστοῦντες
551 856 638 936 λόγῳ,
653 855 706 915 did
759 856 952 916 resurreetione
970 858 1085 917 sermoni
1101 876 1164 918 non·
1177 859 1299 933 credam,
1319 860 1356 920 ob
1376 861 1476 920 malam

144 949 212 1025 τηρῶ
236 944 282 1003 καλ
307 943 428 1024 πράξεσιν
443 946 638 1025 διεφθαρμένων
662 947 706 1006 ἐπὶ
758 947 947 1008 eonscientiam
958 961 1078 1008 etmores
1089 948 1282 1030 depravatoria
1292 946 1477 1012 hocinaredu·
1537 958 1546 973 ⁶

144 1038 186 1107 τῆς
205 1033 334 1102 ἀπιστίας
355 1036 454 1108 ταύτης
476 1039 630 1098 κατέπεσον.
652 1038 707 1097 Καί
756 1038 840 1100 litatis
860 1039 1018 1100 barathrum
1029 1041 1130 1122 seipsos
1142 1042 1321 1123 praecipitant.
1331 1043 1368 1104 Et
1378 1039 1477 1124 qnem-

144 1125 291 1209 νρίττοντις
311 1128 466 1207 βουλόμενοι
483 1129 515 1189 τὸ
528 1137 619 1209 πνῖγος
638 1132 706 1189 άπο-
757 1131 905 1192 admodum
928 1132 1003 1192 t‘ebre
1016 1133 1176 1210 laborantes,
1190 1134 1257 1194 dum
1273 1136 1366 1196 volunt
1378 1149 1476 1209 astua-

144 1217 191 1280 ατὰ
206 1221 317 1300 ψυχρῶν
334 1218 441 1287 laetale
454 1219 581 1287 πολλάκις
597 1220 706 1303 ἔρριψαν
758 1224 857 1283 τίουσαι
876 1223 1018 1305 depellere,
1039 1246 1110 1307 saepe
1125 1225 1152 1285 in
1167 1224 1294 1306 frigidam
1308 1248 1407 1306 aquam
1419 1249 1476 1290 sese

144 1309 179 1392 ρδι
190 1309 278 1392 βραχὺ
291 1312 549 1391 παραμυθησόμενοι
560 1311 608 1385 τλν
620 1312 706 1386 νόσον,
757 1315 913 1396 projiciunt,
919 1329 943 1375 et
952 1315 1091 1398 paulisper
1101 1316 1224 1397 mitigato
1235 1318 1315 1393 malo,
1323 1320 1475 1398 graviorem

148 1400 253 1482 θστιρον
272 1404 378 1482 ἀνῆψαν
397 1401 447 1474 vlu
467 1403 567 1484 ρλόγα·
591 1403 660 1465 οίτω
673 1405 705 1477 δὴ
757 1406 811 1464 sibi
823 1405 948 1468 ardorem
965 1406 1177 1468 aoeendnntrita
1195 1408 1241 1488 qui
1255 1409 1326 1468 mala
1338 1413 1475 1472 eonscien-

151 1493 320 1574 συνεχόμενοι
335 1495 480 1567 συνειδότι,
503 1486 560 1555 εἶτα
581 1520 705 1578 παραμυ-
758 1497 796 1557 tie
811 1513 982 1580 premuntur,
993 1514 1019 1559 et
1039 1500 1246 1561 consolationem
1260 1500 1379 1581 aliquam
1402 1512 1475 1582 quae-

144 1611 150 1656 ς
165 1590 258 1668 ιθρσῖν,
279 1584 378 1666 καὶμὴ
401 1586 555 1666 βουλόμενοι
579 1589 706 1668 μετανοίᾳ
722 1607 741 1654 Ε
758 1604 830 1666 runt,
842 1599 890 1651 nee
900 1604 989 1651 tamen
1002 1592 1099 1653 volunt
1107 1613 1157 1673 per
1171 1592 1354 1673 penitentiam
1366 1609 1475 1675 peecata

144 1702 173 1739 τα
191 1679 388 1759 ἀπονίψασθαι,
409 1678 457 1752 rip
479 1684 527 1752 τῆς
544 1681 706 1760 εἱμαρμένης
756 1682 876 1760 abluere,
896 1682 931 1742 ad
949 1683 998 1744 fati
1021 1682 1207 1770 tyrannidem,
1225 1698 1252 1744 et
1273 1682 1475 1748 resurrectionis

144 1771 292 1854 supervidet,
317 1769 364 1830 καί
389 1770 438 1842 τὴν
464 1775 512 1843 τῆς
536 1772 705 1842 ἀναστάσεως
756 1775 1236 1856 confugiuntabnegationemratque
1254 1775 1307 1836 hoe
1320 1777 1474 1858 paetodum

148 1868 222 1924 τῶτο
231 1865 344 1923 ἐνταῦθα
354 1861 461 1930 ἐαυτοδς
474 1863 517 1922 διδ
530 1867 582 1923 τῶν
597 1868 704 1946 ψυχρῶν
757 1867 819 1928 sein
831 1869 882 1929 hae
891 1868 947 1930 vita
954 1867 1063 1949 frigidis
1071 1869 1220 1929 rationibus
1229 1870 1368 1951 paulisper
1377 1892 1473 1931 conso·

144 1956 238 2037 Ὶβραχὺ
251 1955 526 2038 παραμυθησόμενοι,
540 1957 646 2034 μείζονα
657 1963 705 2030 τῆς
756 1959 857 2039 lentur,
877 1961 1008 2041 majorem
1023 1960 1149 2040 gehennae
1167 1960 1304 2019 flammam
1315 1961 1367 2020 sibi
1380 1983 1473 2022 aecen-

144 2071 193 2108 ισιν
204 2050 308 2115 ἑαυτοῖς
320 2048 368 2120 τὴν
379 2046 482 2129 ρλόγα,
493 2047 554 2107 ὅταν
568 2049 704 2129 γενόμενοι
755 2050 839 2130 dunt,
851 2051 1071 2132 quandoquidem
1084 2051 1219 2132 segniores
1238 2051 1284 2112 hie
1307 2052 1382 2125 faeti,
1399 2069 1473 2135 post·

144 2130 197 2200 τίτσ
222 2138 379 2208 ἀπελθόντες
402 2142 457 2200 ἐκεῖ
481 2141 627 2201 θεάσωνται
651 2131 703 2202 τῶν
723 2142 726 2148 ’
755 2165 836 2222 quam
848 2144 913 2204 illue
927 2143 1091 2217 devenerint,
1103 2142 1234 2205 ridebunt
1245 2164 1295 2224 pro
1308 2143 1364 2203 suis
1378 2165 1472 2222 quem·

144 2232 327 2311 μμιλημένων
356 2233 467 2292 ἕκαστον
497 2235 574 2294 αὐτὸν
599 2234 704 2295 διδόντα
755 2256 807 2313 τρυε
819 2234 935 2316 promtis
954 2233 1046 2294 debita
1060 2233 1194 2315 supplicia
1208 2234 1368 2315 persolvere.
1391 2234 1428 2294 Et
1441 2251 1472 2295 ut

144 2337 169 2386 ια’
182 2325 286 2404 μάθητε
299 2324 341 2385 ὅτι
350 2326 428 2385 τοῦτό
447 2329 517 2386 ἐστιν
536 2326 647 2400 ἀληθὲς,
658 2329 703 2387 καὶ
755 2325 806 2386 hoe
816 2347 910 2387 rerum
924 2347 981 2385 esse
992 2326 1093 2399 sciatis,
1108 2324 1171 2385 fidei
1195 2347 1292 2407 nempe
1306 2326 1391 2385 robur
1400 2327 1472 2386 mala

144 2419 170 2479 al
183 2423 216 2498 τῇ
231 2423 280 2491 τῆς
294 2417 409 2486 πίστεως
431 2419 604 2496 λυμαίνονται
626 2426 701 2502 στεῤ-
709 2467 745 2508 „9
755 2439 835 2500 opera
848 2419 1018 2480 vehementer
1031 2415 1176 2498 impedire,
1187 2416 1280 2476 audite
1288 2415 1357 2498 qnid
1368 2417 1470 2477 Paulus

144 2534 161 2572 ν
175 2511 203 2570 τί
215 2535 295 2592 φησιν
307 2516 322 2570 θ
333 2513 438 2578 Παῦλος
446 2516 485 2592 τῷ
498 2512 623 2594 Τιμοθέῳ
636 2514 701 2594 γρά-
717 2525 736 2570 Λ
752 2510 825 2570 dieat
837 2511 874 2570 ad
888 2509 1061 2570 Timotheum
1084 2507 1216 2568 scribens:
1228 2511 1266 2570 Ut
1281 2509 1398 2583 milites,
1422 2509 1466 2568 in·
1482 2529 1502 2562 ι.
1512 2521 1574 2567 Tim.
1587 2534 1609 2569 r.

144 2601 256 2681 ττιόσῃ,
274 2601 356 2682 pasl,
377 2600 425 2672 την
444 2601 530 2674 καλὴν
549 2605 698 2683 στρατείαν,
752 2603 821 2682 quit,
832 2607 978 2684 egregiam
986 2602 1134 2674 militiam,
1145 2602 1255 2660 itabens
1260 2601 1353 2681 sidem
1364 2622 1401 2661 ae
1418 2604 1468 2661 ba·
1482 2582 1517 2631 '⁸'
1532 2595 1569 2646 ¹9·

144 2693 268 2774 δάγαθὴν
283 2693 431 2767 συνείδησιν
447 2699 481 2768 (ἡ
494 2694 522 2753 δὲ
537 2696 622 2774 ἀγαθὴ
639 2721 700 2757 συν-
752 2718 820 2754 aam
846 2699 1053 2755 conscientiam
1077 2694 1167 2768 (bona
1192 2706 1282 2753 autem
1307 2694 1468 2755 eonscientia
1497 2704 1621 2778 l⁰¹¹3⁰⁰¹¹‘

144 2808 170 2847 m
182 2786 229 2844 καὶ
242 2783 361 2865 πράξεων
375 2788 458 2867 ὀρθῶν
472 2786 567 2865 γίνοιτ’
580 2787 611 2847 άν
621 2794 648 2863 )·’
666 2789 698 2861 ἥν
751 2807 786 2846 ex
807 2787 864 2846 vita
884 2800 910 2847 et
931 2785 1060 2868 operibns
1083 2784 1161 2844 bonis
1181 2784 1335 2864 oontingere
1346 2784 1442 2866 solet)
1457 2775 1621 2877 :gippuinus-

144 2900 196 2948 νοτ,
208 2874 271 2957 περί
284 2875 333 2948 τὴν
346 2876 447 2949 πίστιν,
465 2877 554 2957 φησίν,
565 2879 698 2959 ἐναυάγη-
752 2900 841 2958 quam
852 2879 986 2959 quidam,
995 2875 1093 2956 inquit,
1101 2876 1285 2956 repellentes,
1292 2880 1371 2935 eirea
1370 2877 1469 2959 fldem

144 2969 304 3048 νόλλαγοῶ·
323 2967 400 3037 utta
419 2969 527 3027 πάντων
541 2973 594 3029 τῶν
608 2975 697 3030 κακῶν
753 2971 943 3052 naufragium
959 2972 1112 3051 secernat.
1136 2970 1257 3028 Rursum
1271 2966 1339 3027 alibi
1351 2991 1359 3026 ε
1371 2972 1469 3030 Radix
1482 2986 1503 3020 ¹·
1523 2975 1584 3022 riu.
1594 2973 1624 3023 ⁶·

144 3058 209 3143 ’θίαν
220 3051 253 3130 ἧς
266 3082 334 3127 τινες
345 3059 496 3140 ὀρεγόμενοι
509 3063 698 3137 άπεπλανάθη-
751 3067 880 3122 omnium
891 3063 1035 3122 malorum
1047 3073 1089 3122 est
1102 3064 1242 3133 avaritia,
1255 3082 1311 3141 per
1317 3065 1400 3144 eujus
1413 3085 1468 3124 ea·
1482 3049 1518 3083 '⁰'

144 3171 171 3216 ις.
184 3139 263 3215 Εἶδες
283 3147 325 3207 ότι
344 3154 460 3209 κάκεῖνοι
477 3149 641 3230 ἐναυάγησαν
654 3151 698 3212 διδ
748 3154 904 3232 piditatem
918 3154 1040 3233 quidam
1049 3173 1068 3212 a
1073 3151 1141 3232 fide
1151 3156 1371 3212 aberraverunt.
1383 3153 1469 3216 Vides

144 3237 220 3301 uait
228 3244 307 3299 τοῦτο
318 3239 552 3314 ἀπεπλανήθησαν,
566 3242 658 3315 ἐπειδὴ
673 3248 698 3304 οἱ
750 3258 809 3304 tum
835 3243 897 3304 illos
923 3256 1063 3325 propterea
1086 3242 1258 3322 naufragium
1284 3243 1388 3321 fecisse,
1409 3259 1469 3306 tum

144 3325 548 3407 ισυνείδησινάπώσαντο,οδτοι
562 3333 590 3394 δὲ
600 3339 647 3407 τῆς
657 3360 697 3417 pr·
750 3335 814 3396 istos
822 3337 857 3397 oh
869 3337 922 3396 hoe
931 3336 1023 3417 ipsum
1042 3334 1409 3413 aberravisserquoniamilli
1419 3337 1469 3397 bo-

144 3423 251 3484 λάόοντο
259 3446 268 3497 ;
283 3423 369 3507 'uturp
387 3425 492 3485 ἅπαντα
511 3427 698 3507 ’λογισάμενοι
744 3422 813 3488 'nam
826 3425 1015 3487 conscientiam
1029 3425 1197 3506 repulerunt,
1211 3425 1254 3485 isti
1268 3446 1333 3486 vero
1345 3427 1468 3488 avaritiae

151 3514 342 3594 ῖπιμιλιόμεθα
351 3516 486 3585 πολιτείας
496 3518 615 3600 ἀρίστης,
627 3519 696 3580 ὥστε
749 3519 939 3579 adheserunt?
963 3519 1031 3591 Quae
1055 3516 1166 3596 quidem
1191 3515 1281 3576 omnia
1308 3517 1465 3597 cogitantes,

144 3614 251 3686 ῖαὴμῖν
274 3608 319 3668 τδν
341 3609 443 3686 μισθὸν,
463 3609 509 3668 ἕνα
523 3609 581 3688 μίν,
603 3613 647 3672 τὸν
667 3618 697 3674 ἐκ
749 3632 875 3691 magnam
887 3631 979 3670 curam
990 3608 1138 3668 habeamus
1148 3607 1211 3667 vitre
1222 3629 1304 3686 quam
1317 3609 1418 3690 optime
1427 3610 1468 3670 in·

146 3701 261 3780 άμοιόῆς
274 3701 481 3779 ἡτοιμασμένον,
496 3703 583 3784 ἕτερον
596 3703 695 3780 δδ,τὸν
749 3701 899 3777 stitucndae,
914 3714 944 3760 ut
968 3699 1072 3781 duplex
1093 3698 1171 3758 nobis
1192 3719 1293 3759 merces
1313 3700 1467 3781 oontingat,
1506 3783 1510 3788 ι

144 3794 202 3856 στιν
216 3793 398 3875 στερρότητος.
412 3792 503 3875 Ὅπερ
517 3795 570 3874 γάρ
590 3798 660 3856 ἐστιν
677 3804 694 3870 ἡ
713 3809 731 3854 u
749 3816 801 3854 una
812 3816 846 3854 ex
856 3814 967 3875 opernm
990 3791 1175 3869 retributione,
1188 3790 1272 3850 altera
1288 3812 1323 3852 ex
1342 3792 1408 3852 fidei
1421 3817 1468 3854 ro-

144 3906 202 3958 ττι,
219 3891 329 3958 τοῦτοὴ
344 3884 512 3966 πολιτείατῇ
527 3886 615 3946 πίστει
626 3911 633 3924 ·
644 3884 695 3948 καί
749 3886 823 3945 bore.
844 3886 921 3945 Sient
935 3883 1009 3944 enim
1029 3903 1057 3942 se
1078 3881 1160 3942 habet
1181 3902 1239 3941 esea
1253 3882 1290 3943 ad
1305 3905 1413 3965 eorpus,
1428 3885 1467 3946 ita

159 3977 257 4059 σαρκὸς
279 3975 355 4058 ρόσις
376 3982 423 4048 τῆς
442 3976 574 4057 ἡμετέρας
597 3983 644 4039 οὐκ
664 3980 694 4040 δν
749 3973 1287 4047 1·ectavitnndfidem;etsicutoarnis
1308 3990 1404 4036 nostrae
1419 3999 1468 4037 na·

144 4068 218 4151 γειρῖς
240 4073 356 4149 τροφῆς,
381 4068 462 4136 οὕτως
485 4071 543 4130 οὐδὲ
565 4076 582 4142 ἡ
608 4073 696 4141 πίστις
749 4084 809 4130 tura
822 4070 880 4130 sine
898 4069 1024 4128 alimento
1037 4066 1136 4126 durare
1148 4087 1202 4125 non
1214 4080 1310 4147 potest,
1330 4068 1368 4128 ita
1382 4090 1468 4149 neque

144 4162 259 4240 ίγαθῶν·
273 4160 364 4242 Χωρλς
387 4160 439 4242 γάρ
463 4160 545 4241 ἔργων
566 4169 584 4236 ἡ
606 4165 695 4234 πίστις
750 4161 816 4222 fides
829 4163 886 4222 sine
898 4161 976 4221 bonis
990 4159 1233 4240 operibustFides
1244 4158 1317 4219 enim
1327 4164 1390 4219 siae
1400 4182 1466 4241 ape·
1476 4179 1530 4221 σαι.
1543 4189 1567 4227 2.
1576 4185 1616 4223 ευ.

144 4251 277 4314 λίλετπται
287 4254 381 4313 λοιπὸν
394 4257 486 4328 εἰπεῖν,
499 4255 526 4314 τί
536 4257 602 4317 ποτά
618 4260 694 4333 ἔστι,
748 4250 828 4314 ribus
843 4258 960 4313 mortua
973 4264 1027 4311 est.
1049 4253 1143 4311 Unum
1164 4263 1283 4330 superest
1302 4249 1464 4312 dicendum:

144 4345 184 4429 ,λγ
200 4338 273 4407 εἶπεν
287 4347 396 4423 ἁπλῶς,
410 4347 514 4428 ἔχοντες
534 4350 565 4408 τδ
583 4352 695 4430 Πνεῦμα
749 4344 878 4424 quidest,
892 4345 1062 4404 Eumdem?
1075 4342 1135 4400 Non
1156 4341 1228 4400 enim
1248 4341 1407 4423 simpliciter
1422 4342 1467 4404 di-

144 4437 211 4499 ίλλδ
232 4438 274 4510 τίς
297 4438 425 4519 Ἔχοντες
446 4441 476 4501 τδ
500 4441 563 4499 αθτὸ
585 4443 695 4520 Πνεῦμα
750 4439 802 4516 xit,
813 4437 948 4496 Habentes
960 4434 1094 4516 Spiritum
1105 4432 1241 4493 fidei:sed
1253 4432 1468 4513 quileabeu·

144 4531 196 4592 nt
230 4529 378 4608 ἐόουλόμην
404 4531 452 4610 μίν
477 4532 621 4600 ἐπεξελθεῖν
650 4535 696 4594 καί
750 4543 791 4590 tes
807 4531 939 4589 eumdem
954 4528 1093 4606 Spiritum
1104 4524 1190 4605 fidei.
1211 4523 1247 4583 Et
1259 4525 1383 4586 volebam
1405 4528 1466 4607 qui·

144 4645 176 4705 p·
200 4624 260 4683 ἀλλ’
296 4622 388 4695 laridi
417 4623 531 4692 πολλοὺς
559 4625 696 4703 ποταμοὺς
748 4622 810 4682 dem
828 4640 952 4682 enarrare
974 4618 1026 4678 hoc
1047 4636 1155 4696 quoque
1168 4615 1372 4696 :sedquoniam
1386 4619 1467 4681 video

144 4717 171 4775 lx
189 4717 239 4785 τῆς
249 4716 330 4794 ψιλῆς
343 4714 440 4788 ταύτης
455 4714 554 4796 ρνἶσεως
563 4716 691 4790 ἐξιόντας,
748 4714 833 4774 multa
844 4710 1035 4773 sententiarum
1049 4708 1161 4768 flumina
1171 4728 1205 4767 ex
1218 4707 1291 4768 nuda
1304 4710 1355 4770 hae
1367 4712 1466 4773 rocula

144 4805 243 4879 πλήθει
256 4809 311 4865 τῶν
325 4804 485 4885 ῥηθήσεσθαι
501 4809 651 4886 μελλόντων
661 4809 695 4870 τδι
747 4803 960 4887 prorumpentia,
976 4821 1070 4863 vereor
1094 4820 1128 4859 ne
1152 4799 1326 4862 multitudine
1359 4823 1463 4879 eorum,

144 4896 201 4966 ίσας
216 4896 338 4971 ἅπαντα,
353 4898 488 4978 ἄχρηστον
509 4904 569 4978 ὑμῖν
589 4902 693 4973 ποιήσω
746 4921 806 4979 quae
821 4895 934 4958 dicenda
948 4907 1045 4973 essent,
1058 4891 1188 4953 inondem
1210 4893 1311 4971 omnia,
1323 4907 1404 4974 atque
1427 4895 1464 4956 ita

144 5018 152 5048 ι
171 4988 217 5049 διδ
241 4990 291 5059 τῆς
304 4988 433 5070 ἀμετρίας
456 4995 517 5068 ὑμῖν
542 4994 726 5070 λυμηνάμε-ῖ]
745 4993 803 5052 line
822 4989 942 5050 doctrina
959 4985 1041 5047 nimia
1057 4983 1217 5067 prolixitate
1229 4983 1384 5046 detrimenti
1408 4988 1463 5048 ali·

144 5087 218 5142 κῶθα
240 5081 341 5154 στάσας
365 5084 409 5143 τὸν
430 5083 517 5164 λόγον,
544 5090 693 5165 παρακαλῶ
745 5084 813 5165 quid
838 5080 960 5162 accipiat.
988 5078 1160 5158 Quapropter
1183 5075 1229 5136 hie
1258 5075 1338 5138 linem
1364 5077 1466 5139 faciens

144 5259 263 5317 rilem·
