3764 5992
558 435 594 486 trt
621 435 863 487 nauanrmcuu
888 436 1059 487 nnutssuu
1086 441 1150 489 run
1176 442 1324 493 rneruu.
1671 430 1716 508 53
1782 420 1788 430 ⁸

162 562 318 641 μιληίνέντων
331 565 373 644 τῷ
389 561 477 640 μήκει
493 566 542 635 τῆς
555 563 718 644 ἀρρωστίας·
733 563 750 634 ἢ
764 566 787 622 εἰ
801 563 839 642 μή
855 566 942 635 τοῦτο,
996 563 1140 643 impetrare
1155 582 1343 647 peccatorum,
1359 567 1443 648 idque
1456 571 1583 651 plurimis
1602 596 1637 635 ex
1651 576 1718 639 locis

164 655 243 714 διδτδ
254 653 336 731 μηδὲν
352 655 438 715 αὐτὸν
456 654 572 732 μηδέπω
582 654 644 736 περί
654 660 699 717 τοῦ
717 657 834 738 Χριστοῦ
847 663 942 715 παπαῖ·
994 670 1081 737 potest
1090 659 1279 720 demonstrari.
1296 663 1391 740 ltaque
1399 663 1469 723 nihil
1478 665 1547 724 mibi
1560 666 1672 729 videtur
1683 669 1718 729 dc

163 751 218 804 σόαι
226 744 365 824 ριέγα,διδ
374 751 459 805 τοῦτο
469 745 804 829 ἐπίτδίλαττονπρότιρον
814 738 888 821 litte,
897 747 943 806 καὶ
994 763 1164 827 peccatorum
1181 752 1336 813 remissione
1349 753 1461 828 dixisse,
1472 755 1560 816 sedin
1577 773 1717 839 poetemm

163 841 190 897 τὸ
200 839 307 918 ρανεράν
318 838 367 897 καλ
381 840 477 912 δῆλον,
487 838 538 911 τήν
549 847 595 899 τοῦ
607 838 731 918 σώματος
741 839 846 918 ὑγείαν·
859 838 903 899 ieri
914 837 942 899 δλ
993 838 1074 899 illum
1091 844 1286 922 praemuniisse,
1302 865 1364 904 cum
1373 846 1408 906 lea
1427 869 1487 926 quae
1496 848 1601 909 lucrant
1614 851 1650 910 ab
1664 851 1715 911 illo

164 932 247 990 τυίτου
269 933 323 1010 οὐχ
345 930 451 1004 οὕτως,
475 932 534 991 ἀλλ’
550 932 641 1003 ἐπειδή
658 934 759 1009 μᾶλλον
782 929 920 991 ἐπίστευσε
932 974 941 1004 ,
994 934 1135 993 commissa
1145 936 1204 1015 jam
1216 936 1385 1015 agritudinis
1395 952 1481 998 essent
1493 941 1651 1020 prolixitate
1664 942 1716 1004 de·

166 1023 205 1081 ταὶ
220 1021 392 1102 ὓίηλοτίραν
420 1015 479 1104 εἶχε
500 1020 601 1103 ψυχήν,
624 1024 667 1084 διὰ
690 1029 768 1084 τοῦτο
787 1024 860 1105 αὐτῷ
882 1021 944 1104 περὶ
993 1024 1045 1083 leta
1057 1048 1069 1081 :-
1078 1039 1126 1084 aut
1138 1027 1161 1085 si
1172 1026 1225 1086 hoc
1238 1049 1290 1087 non
1304 1028 1350 1104 sit,
1361 1043 1502 1111 propterea
1510 1033 1582 1111 quod
1593 1034 1713 1095 nondum

165 1117 206 1184 τῆς
218 1113 417 1194 χαλεπωτέρας
430 1113 560 1197 πρότερον
576 1113 698 1196 διιλίχόη
708 1114 786 1174 νόσου
800 1138 806 1152 ·
820 1114 945 1195 καὶπρὸς
993 1115 1145 1196 quidquam
1154 1139 1283 1197 magnum
1297 1119 1337 1178 illi
1347 1121 1474 1182 fuerntde
1485 1124 1594 1183 Christo
1603 1147 1715 1206 pasua-

167 1207 256 1274 τούτοις
271 1207 301 1265 δὲ
316 1208 433 1282 ἅπασιν,
449 1207 493 1266 tva
506 1205 556 1279 τὴν
575 1210 612 1274 εἰς
625 1208 673 1267 τδν
684 1207 795 1288 Πατέρα
810 1208 943 1286 ἰσοτιμίαν
994 1229 1066 1284 snm,
1078 1208 1180 1268 idcirco
1193 1210 1227 1269 ad
1241 1210 1351 1289 idquod
1359 1212 1449 1273 minus
1458 1229 1525 1286 erat,
1538 1216 1614 1296 prius
1624 1238 1713 1277 acces·

169 1299 330 1370 suffiatur.
347 1299 458 1381 Ὠσπερ
467 1299 521 1381 γδρ
535 1303 590 1359 ἐκεῖ
600 1300 628 1358 ἰν
636 1298 765 1380 σαόόάτῳ
775 1301 943 1384 ἐθεράπευσε,
961 1304 980 1353 C
995 1298 1041 1371 sit,
1058 1314 1085 1359 et
1104 1298 1178 1378 quod
1199 1301 1310 1363 evidens
1327 1323 1359 1361 ac
1381 1305 1565 1381 manifestum,
1584 1306 1717 1368 nimirum

171 1389 319 1466 βαλόμενος
333 1388 434 1456 αὐτοὺς
451 1394 499 1462 τῆς
513 1390 724 1471 παρατηρήσεως
738 1393 885 1471 ἀπαγαγεῖν
897 1394 945 1462 τῆς
995 1391 1115 1472 corporis
1136 1393 1276 1453 sanitatem
1289 1417 1295 1451 ι
1307 1394 1335 1452 in
1350 1394 1402 1454 boc
1414 1410 1505 1456 autem
1529 1418 1582 1457 non
1602 1399 1651 1476 ita,
1668 1399 1716 1460 sed

170 1482 325 1553 Ίωδιῐκῆς,
338 1483 389 1540 καί
405 1484 437 1540 ἐκ
459 1486 513 1541 τῶν
527 1482 701 1561 ἐγκλημάτων
722 1488 775 1542 τῶν
790 1487 876 1544 αὐτῶν
896 1487 944 1545 λα·
992 1484 1121 1562 quoniam
1144 1486 1230 1564 magis
1253 1484 1390 1560 credebat,
1404 1500 1430 1546 et
1448 1488 1604 1548 sublimiori
1626 1504 1715 1551 mente

169 1572 214 1631 aa»
226 1572 354 1653 ἀρορμήν
368 1580 415 1632 τοῦ
429 1573 514 1642 δεῖξαι
527 1574 618 1633 ἑαυτὸν
636 1573 691 1634 ἴσον
704 1578 743 1654 τῷ
759 1575 943 1654 γεγεννηκότι·
993 1574 1124 1657 preditus
1137 1591 1205 1653 erat,
1218 1591 1359 1658 propterea
1369 1578 1404 1638 de
1419 1579 1538 1659 graviori
1550 1579 1628 1661 prius
1639 1580 1716 1662 apud

170 1663 334 1748 αἰτωδήκαί
345 1665 464 1722 ἐνταῦθα
485 1663 628 1743 προειδὼς,
648 1665 713 1746 άπερ
727 1665 844 1744 ἤμελλον
864 1668 942 1747 ἐρεῖν,
995 1668 1073 1727 illum
1096 1669 1194 1728 morbo
1211 1667 1468 1750 disseruitepraeter
1490 1671 1548 1730 hnc
1568 1671 1717 1748 omnia,ut
1757 1696 1871 1743 Divinita-

170 1746 217 1813 εἷπε
229 1762 316 1814 ταῦτα
328 1755 366 1814 τὰ
379 1755 508 1834 ῥήματα,
517 1755 551 1814 ἐν’
562 1760 678 1817 ἐντεῦθεν
692 1756 783 1817 λαόῶν
795 1758 882 1839 ἀρχήν
896 1759 943 1819 καλ
995 1760 1047 1819 sibi
1060 1760 1190 1839 equalem
1204 1782 1266 1820 curn
1278 1762 1358 1821 Patre
1379 1761 1472 1821 deberi
1485 1762 1616 1824 bonorem
1630 1777 1717 1825 osten·
1727 1768 1771 1804 “¹¹¹
1785 1823 1790 1833 ,
1806 1772 1868 1833 ''3²¹'‘

172 1848 291 1926 τρόγασιν
307 1846 384 1927 δείξη
394 1851 434 1926 τῷ
446 1848 617 1927 γεγεννηκότι
627 1848 755 1929 ὁμότιμον
768 1848 832 1909 ὄντα
841 1851 944 1912 ἰαυτόν.
994 1850 1078 1912 deret.
1091 1853 1147 1912 Ubi
1167 1853 1239 1912 enim
1254 1853 1313 1917 illic
1326 1853 1354 1911 in
1374 1853 1486 1914 sabbato
1501 1856 1618 1930 curavit,
1635 1856 1710 1935 quod
1726 1822 1870 1930 ρηήίήήω

172 1938 261 2016 (λῖγάρ
275 1938 335 1997 ἴσον
351 1938 468 2015 μηδενὸς
484 1941 673 2018 ἐγκαλοῦντος,
688 1940 756 2020 μηδὲ
773 1941 944 2019 αἰτιωμένου,
995 1944 1274 2006 eosvelletaJudaica
1292 1945 1477 2004 observatione
1493 1961 1718 2027 revocarentque

173 2031 207 2108 ἀρ’
224 2033 320 2089 ἑαυτοῦ
335 2033 377 2096 εἰς
390 2031 438 2090 τὸν
456 2029 518 2111 περὶ
541 2029 639 2090 τούτων
652 2037 772 2091 καθεῖναι
790 2034 878 2110 λόγον,
898 2033 945 2093 καί
995 2057 1032 2095 ex
1043 2035 1153 2096 illorum
1170 2034 1407 2096 criminationibus
1421 2037 1586 2097 occasionem
1600 2052 1720 2119 captaret
1805 2060 1818 2109 '.

172 2121 252 2200 ἑτέρων
266 2121 449 2203 παρεχόντων
458 2123 506 2189 τάς
516 2121 603 2190 αἰτίας
616 2126 644 2184 ἐν
657 2124 802 2204 ἀπολογίας
812 2125 885 2194 τάξει
899 2126 946 2185 καὶ
996 2125 1128 2202 aequalem
1140 2146 1168 2184 se
1182 2123 1304 2185 Genitori
1315 2123 1470 2185 ostendendi
1482 2149 1489 2183 t
1501 2126 1538 2186 ita
1551 2125 1682 2187 nimirum
1691 2141 1718 2188 ct

172 2214 277 2292 σμήματι
293 2216 458 2274 τοῦτοαῦτδ
470 2216 681 2275 κατασκευάσαι.
694 2217 817 2290 Ἐκείνης
828 2216 877 2296 μὲν
893 2217 945 2298 γάρ
997 2214 1043 2292 hic
1063 2215 1214 2299 previdens
1236 2216 1311 2295 quod
1333 2230 1407 2275 erant
1429 2215 1545 2291 dicturi,
1557 2217 1614 2278 haec
1634 2219 1718 2281 rerba
1806 2288 1811 2295 ,

171 2309 207 2375 τῆς
222 2305 388 2374 ἀποδείξεως
410 2311 426 2366 ὁ
442 2307 540 2389 τρόπος
560 2307 701 2389 ἀντέκρουε
715 2320 770 2378 τοῖς
790 2310 944 2370 ἀκούωσιν·
996 2307 1121 2387 protulit,
1133 2321 1163 2366 ut
1177 2307 1241 2367 hinc
1254 2306 1331 2367 initio
1338 2307 1432 2386 ducto,
1444 2322 1470 2368 et
1480 2309 1619 2369 occasione
1628 2324 1719 2372 sumta

171 2388 229 2464 οὗτος
245 2398 273 2458 δὲ
295 2398 535 2480 ἀντποχθίστερος
554 2391 598 2474 ήν,
608 2401 655 2461 καί
668 2403 863 2483 εὖπαράδεκτος
875 2406 944 2482 μάλ-
995 2398 1162 2461 demonstret
1184 2399 1282 2479 aquali
1302 2421 1330 2459 se
1354 2421 1427 2491 cnm·
1446 2400 1575 2461 Genitore
1602 2399 1718 2483 dignum

170 2493 210 2564 λον,
222 2493 268 2551 καί
289 2499 440 2572 πανταχοῦ
453 2492 482 2551 δὲ
500 2496 603 2573 δρῶμεν
620 2499 698 2555 τοῦτο
709 2495 786 2555 αὐτὸν
800 2501 925 2556 ποιοῦντα
935 2503 981 2568 ,λλ
997 2490 1108 2551 bonore.
1125 2493 1186 2550 Non
1201 2492 1273 2551 enirn
1288 2513 1323 2551 cx
1337 2513 1414 2570 aequo
1428 2513 1456 2551 sc
1467 2513 1509 2551 res
1528 2493 1619 2568 habet,
1632 2493 1656 2552 si
1671 2514 1718 2553 ne·

169 2584 202 2641 ui
217 2588 267 2663 αἰχ
278 2584 355 2645 οὕτω
367 2585 415 2644 διά
431 2584 569 2665 ῥημάτων,
583 2589 619 2654 ὡς
632 2585 676 2645 διδ
697 2586 863 2667 πραγμάτων
885 2591 944 2650 lert-
996 2583 1069 2644 mine
1091 2582 1301 2664 reprehendente
1319 2583 1364 2644 vel
1383 2597 1542 2656 accusante,
1557 2606 1606 2643 sua
1622 2599 1717 2666 sponte

169 2674 321 2753 ἰιανόμενον
342 2675 397 2749 τήν
409 2676 531 2750 ἰσότητα.
545 2679 633 2737 Τῶπο
645 2683 708 2757 γοῦν
722 2679 768 2738 καὶ
781 2683 944 2759 ὁιύαγγελν-
994 2674 1056 2754 quis
1072 2674 1099 2733 in
1110 2694 1259 2734 sermonem
1272 2675 1306 2734 de
1320 2674 1364 2733 bis
1375 2672 1526 2748 delabatur,
1540 2688 1566 2736 ct
1578 2675 1602 2735 si
1615 2675 1716 2737 ceteris

168 2767 216 2838 οτής
229 2767 422 2846 αἰνιττόμενος
434 2767 534 2846 [λεγεη
547 2768 590 2828 ἀει
609 2769 717 2829 ἐδίωκον
732 2769 809 2830 αὐτὸν
824 2775 849 2831 οἱ
871 2770 942 2832 ’ίου-
994 2768 1101 2826 causam
1113 2765 1423 2846 praebentibus,nomine
1437 2788 1469 2826 ae
1481 2766 1569 2848 specie
1578 2767 1716 2828 defensio-

168 2858 236 2930 δτῖοι,
248 2863 303 2941 οὐχ
316 2860 364 2919 ὅτι
378 2859 463 2937 μόνον
477 2859 538 2921 ἔλυε
556 2861 588 2921 τὸ
599 2860 742 2933 αάόήατον,
764 2865 823 2921 ἀλλ’
843 2862 884 2923 ὅτι
897 2863 944 2924 καὶ
995 2857 1036 2916 nis
1049 2859 1101 2917 hoc
1117 2859 1207 2938 ipsum
1223 2857 1386 2938 praestitetn't.
1402 2860 1472 2917 Nam
1485 2858 1531 2917 ille
1542 2858 1655 2936 quidem
1666 2857 1717 2919 de·

167 2950 257 3031 τιτίρα
270 2952 342 3011 tom
363 2952 444 3031 ἔλεγε
464 2951 509 3011 τδν
523 2951 602 3023 Θεὸν,
616 2952 671 3012 ἰσον
686 2953 777 3013 ἑαυτὸν
801 2958 884 3014 ποιῶν
905 2957 944 3035 τῷ
994 2949 1195 3009 monstrationis
1209 2947 1305 3008 modus
1325 2947 1463 3008 auditores
1484 2949 1718 3012 offendissetthio
1817 3010 1821 3017 ,

165 3040 230 3121 Θεῷ,
252 3043 268 3104 δ
289 3045 392 3123 πολλῷ
408 3041 499 3120 μεῖζόν
520 3044 609 3103 ἐστιν·
630 3043 795 3126 διάγίιρτῆς
808 3050 861 3105 τῶν
875 3070 945 3125 πρα-
994 3061 1060 3100 vero
1073 3041 1164 3100 minus
1181 3038 1292 3099 odiosus
1303 3053 1370 3117 erat,
1383 3053 1408 3099 ct
1421 3040 1529 3100 facilius
1540 3039 1649 3101 admitti
1665 3062 1715 3124 po·

165 3134 260 3210 ηνάτυν
270 3133 442 3203 ἀποδείξαντος
453 3138 532 3195 τοῦτο
545 3136 608 3196 αιἰτδ
617 3137 801 3208 κατεσκεύαζε.
816 3136 853 3199 Τί
862 3129 905 3197 οὖν
920 3144 945 3199 οἱ
995 3145 1072 3211 terat,
1078 3131 1256 3211 videmusque
1266 3131 1465 3193 Christumboc
1473 3133 1575 3211 ubique
1582 3147 1716 3215 praestare,

165 3224 283 3299 βάσκανοι
297 3225 350 3284 καὶ
365 3224 499 3304 πονηροὶ,
513 3225 559 3284 καί
573 3236 626 3295 τοῖς
640 3226 787 3310 ἀλλοτρίοις
802 3229 945 3309 τηκόμενοι
995 3244 1081 3302 neque
1093 3238 1149 3283 tam
1161 3223 1252 3284 verbis
1265 3245 1348 3303 quam
1357 3223 1434 3282 factis
1448 3224 1629 3304 aequalitatem
1639 3244 1716 3286 snam

164 3319 259 3391 ιαλοῖς,
279 3317 331 3378 καὶ
347 3316 619 3398 πανταχόθενλαόάς
632 3321 769 3392 ζητοῦντες
788 3324 892 3402 cepeto,
908 3321 944 3381 Τί
995 3315 1143 3375 ostendere.
1156 3315 1215 3375 Hoc
1230 3315 1345 3395 quidem
1356 3329 1427 3376 certe
1440 3316 1614 3377 subindicans
1634 3334 1868 3384 evan-Jonatao.

165 3397 241 3484 dene,
251 3409 339 3490 φησί,
353 3412 526 3490 βλασφημεῖς
537 3411 632 3478 Οὐδεὶς
646 3410 699 3490 γάρ
717 3412 826 3472 δύναται
838 3413 944 3493 ἀριίναι
994 3408 1089 3487 gelista
1095 3407 1211 3481 dicebat,
1223 3423 1362 3489 propterea
1371 3424 1548 3490 persequutus
1557 3431 1621 3470 eum
1632 3410 1718 3470 fuisse

165 3500 288 3580 ἁμαρτίας
302 3505 328 3560 εἰ
351 3500 393 3579 μὴ
416 3501 495 3578 μόνος
510 3505 525 3560 ό
543 3501 622 3571 Θεός.
635 3502 742 3585 Ὠσπερ
761 3506 816 3565 ἐκεῖ
834 3506 942 3567 ἐδίωκον
960 3522 979 3570 Ε
994 3501 1114 3579 Judaeos,
1127 3522 1179 3560 non
1191 3501 1279 3560 solum
1293 3501 1357 3580 qnia
1369 3501 1492 3561 solvebat
1504 3502 1657 3579 sabbatum,
1668 3502 1716 3562 sed

166 3591 286 3652 τάτδνότι
300 3593 366 3667 ἔλυε
379 3593 414 3652 τδ
426 3592 572 3664 σάόόατον,
586 3594 632 3654 καί
646 3595 720 3673 παρά
740 3599 794 3655 τῶν
808 3599 943 3678 ἔγκλημά·
994 3607 1020 3663 et
1034 3593 1098 3673 quia
1112 3608 1217 3674 patrem
1229 3614 1309 3653 suurn
1332 3591 1440 3652 dicebat
1462 3594 1563 3670 Deum,
1584 3594 1716 3673 {equalem

164 3687 208 3742 οὖν
220 3687 307 3743 αἰτῶν
325 3683 425 3744 λαόὼν
440 3684 563 3765 ἀφορμήν
578 3685 627 3754 τήν
638 3687 749 3758 ἰσότητα
761 3691 788 3747 ἐν
800 3690 943 3770 ἀπολογίας
994 3705 1022 3743 se
1035 3685 1134 3744 faciens
1145 3687 1214 3760 Deo,
1227 3683 1303 3762 quod
1316 3682 1404 3743 multo
1414 3697 1453 3742 est
1464 3684 1551 3764 majus
1562 3708 1569 3741 ι
1581 3684 1633 3745 boc
1644 3685 1717 3746 enim

164 3776 228 3843 τάξει
240 3776 290 3848 τήν
313 3775 385 3858 πρὸς
405 3777 451 3837 τὸν
465 3778 640 3856 γεγεννηκότα
654 3779 783 3852 ἐδήλωσεν
800 3781 896 3842 εἰπών·
908 3781 943 3843 ‘0
994 3776 1085 3857 ipsum
1100 3797 1149 3857 per
1162 3797 1254 3835 rernm
1273 3775 1529 3836 demonstrationem
1548 3775 1716 3839 adstruebat.

164 3867 252 3948 Πατήρ
264 3891 319 3943 μου
332 3867 493 3947 ἐργάζεται,
504 3867 580 3947 κάγὼ
591 3869 753 3950 ἐργάζομαι·
767 3871 838 3931 οὕτω
850 3872 882 3944 δή
897 3873 943 3933 καί
994 3867 1070 3940 Quid
1083 3867 1167 3948 igitur
1179 3866 1269 3930 invidi
1286 3867 1327 3926 illi
1343 3881 1424 3946 atque
1445 3868 1577 3945 scelerati,
1589 3873 1637 3949 qui
1648 3870 1723 3931 alio-

164 3959 287 4031 ἐνταῦθα,
303 3961 353 4038 ἀφ’
377 3950 417 4017 ὧν
442 3961 613 4037 ἐγκαλῶσιν,
633 3962 687 4022 ἀπδ
702 3963 801 4023 τούτων
825 3964 855 4023 τὸ
878 3965 943 4045 πρδς
995 3982 1056 4021 rum
1070 3960 1148 4019 bonis
1161 3973 1342 4030 macerantur,
1352 3973 1378 4020 et
1391 3959 1512 4039 undique
1521 3983 1615 4022 ansam
1626 3985 1717 4045 repre·

164 4051 332 4131 τάνῐίατέρα
355 4051 567 4130 ἀπαράλλακτον
588 4053 713 4114 δείκνυσι.
727 4055 763 4115 Τί
776 4054 828 4135 γάρ
851 4081 943 4138 φήσας
996 4048 1131 4111 hendendi
1140 4050 1321 4132 perquirunt?
1337 4049 1413 4121 Quid
1429 4050 1486 4130 hic,
1501 4052 1638 4132 inquiunt,
1653 4055 1716 4114 bla-

163 4144 252 4210 ίλίδείς
261 4143 380 4202 δύναται
393 4143 499 4224 ἀριὲναι
510 4146 657 4226 ἁμαρτίας,
671 4150 701 4222 εἰ
709 4147 747 4225 μὴ
757 4147 855 4227 μόνοςὸ
866 4151 943 4217 Θεός.
996 4143 1113 4226 spemat?
1125 4144 1220 4203 Nemo
1230 4146 1309 4203 enim
1318 4156 1414 4223 potest
1426 4159 1548 4224 peecata
1561 4147 1716 4226 dimittere,
1726 4172 1803 4217 trare.
1816 4183 1830 4216 2
1842 4186 1865 4232 7,

165 4233 236 4295 Ἐτεί
256 4228 303 4296 oda
319 4235 400 4295 αὐτοὶ
417 4235 463 4295 τδν
483 4237 543 4317 ὅρον
564 4238 662 4310 ἐθηκαν
682 4247 782 4315 τοῦτον,
803 4241 877 4301 αὐτοὶ
899 4242 942 4301 τὸν
957 4289 989 4328 ot·
998 4242 1055 4298 nisi
1065 4237 1144 4295 sotus
1156 4238 1247 4296 Deus.
1255 4235 1397 4297 Sicutillie
1405 4257 1467 4296 eum
1475 4239 1713 4317 persequebantur,

164 4330 255 4387 κανόνα
277 4329 458 4407 εἰσήνεγκαν,
489 4330 562 4390 αὐτοὶ
585 4331 629 4391 τὸν
649 4330 729 4409 νόμον
758 4332 889 4413 ἔγραψαν,
913 4339 944 4395 ἐχ
961 4328 1070 4410 Aquod
1080 4327 1222 4387 sabbatum
1233 4328 1358 4405 solveret,
1369 4341 1439 4387 etex
1449 4328 1559 4389 illorum
1572 4331 1717 4412 reprehen-

164 4420 214 4475 τῶν
237 4417 345 4479 οἰκείων
379 4416 474 4486 αὐτοὺς
500 4419 591 4479 λοιπδν
617 4420 770 4499 συμποδίζει
801 4421 940 4501 ῥημάτων.
997 4422 1118 4484 sionibus
1133 4435 1222 4481 sumta
1237 4419 1374 4479 occasione
1387 4420 1548 4481 defensionis
1561 4423 1669 4484 nomine
1684 4444 1717 4483 ac

163 4508 270 4586 Ἰλιεῖς,
284 4510 383 4591 ρησίν,
398 4511 589 4590 ὡμολογήσατε
603 4510 644 4572 ότι
659 4514 730 4572 Θεοῦ
749 4512 828 4591 μόνον
842 4517 898 4574 ἐστι
912 4516 943 4576 τδ
996 4515 1083 4597 specie
1094 4536 1172 4575 suam
1185 4534 1247 4571 curn
1260 4514 1339 4571 Patre
1351 4512 1531 4592 equalitatem
1543 4514 1672 4591 ostendit,
1684 4536 1716 4574 ae

163 4603 264 4681 dodras
278 4601 419 4683 ἁμαρτίας
429 4624 437 4638 ·
449 4602 683 4683 ἀναμφισόήτητός
694 4607 764 4663 ἐστιν
776 4605 874 4678 ἰσότης.
889 4610 942 4673 Καὶ
996 4607 1069 4668 dixit
1080 4632 1086 4665 ι
1097 4611 1189 4668 Pater
1208 4625 1288 4664 meus
1307 4619 1454 4684 operatur,
1478 4620 1506 4664 et
1521 4627 1573 4686 ego
1590 4628 1691 4687 operor
1704 4631 1713 4670 .·
1725 4623 1863 4679 Journey.

162 4699 209 4775 οἰχ
220 4689 295 4754 οὗτοι
306 4695 337 4754 δὲ
350 4699 432 4754 τοῦτο
445 4694 522 4773 μόνον
536 4696 625 4770 φασίν,
640 4696 708 4756 ἀλλά
720 4699 766 4757 καὶ
778 4703 792 4757 ό
805 4701 943 4780 προφήτης
996 4701 1036 4761 sic
1051 4700 1180 4759 nimirum
1194 4697 1313 4756 hocloco
1328 4718 1364 4756 ex
1377 4697 1410 4755 iis
1425 4719 1486 4775 quae
1500 4697 1553 4778 ipsi
1567 4699 1711 4779 objiciunt,

163 4787 227 4846 οὔτω
243 4788 347 4868 λέγων·
370 4786 421 4854 Τίς
442 4787 509 4854 Θεδς
525 4785 618 4868 ὥσπερ
634 4788 681 4862 σός
711 4779 769 4849 εἶτα
794 4791 896 4861 δεικνὺς
916 4792 943 4851 τί
997 4793 1071 4855 Patri
1081 4790 1229 4874 peremnia
1243 4789 1358 4849 similem
1370 4789 1489 4869 scipsum
1499 4790 1712 4866 ostendit.Quid

166 4880 235 4952 ἰδνω,
255 4881 404 4960 ἐπήγαγεν,
419 4878 551 4963 Ἔξαίρων
570 4880 697 4959 ἀνομίας,
717 4882 763 4942 καί
776 4884 942 4964 ὑπερόαίνων
996 4886 1069 4946 enim
1084 4884 1140 4943 ait?
1150 4885 1244 4942 Nemo
1253 4893 1349 4962 potest
1361 4893 1483 4960 peccata
1499 4882 1645 4941 dimittere
1656 4887 1714 4944 nisi

170 4971 277 5038 ἀδικίας
288 4971 338 5033 Ἂν
364 4971 452 5031 τοίνυν
466 4977 538 5053 φανῇ
554 4996 595 5040 τις
618 4971 705 5057 ἕτερος
719 4975 802 5044 οὕτως
827 4978 858 5038 τδ
879 4978 942 5038 αιίτδ
996 4979 1076 5039 solus
1097 4978 1188 5035 Deus.
1203 4971 1318 5044 Quando
1334 4971 1419 5051 igitur
1439 4969 1492 5051 ipsi
1514 4971 1588 5031 hunc
1599 4972 1713 5035 limitem

172 5067 244 5122 τοῦτο
255 5066 351 5140 ποιεῖν,
367 5063 413 5124 καί
435 5063 503 5132 Θεός
524 5067 608 5140 ἐστιν,
625 5065 671 5125 καί
685 5066 753 5134 Θεὸς
767 5065 859 5152 ὥσπερ
874 5073 941 5130 ἐκεῖ·
996 5081 1163 5152 posuerunt,
1179 5064 1230 5147 ipsi
1241 5063 1312 5122 banc
1325 5061 1447 5142 regulam
1463 5062 1645 5142 induxerunt,
1660 5067 1714 5148 ipsi

175 5176 222 5222 νος.
232 5155 302 5215 Ἀλλ’
312 5156 409 5236 ἰδωμεν
419 5161 477 5224 πῶς
487 5158 605 5226 αὖτοῖςδ
617 5157 732 5240 Χριστὸς
744 5159 942 5240 συλλογίζεται,
995 5159 1223 5242 legemtulerunt,
1234 5153 1353 5237 propriis
1364 5153 1425 5214 illos
1437 5155 1630 5217 verbisirretit.
1644 5161 1712 5233 Vos,

178 5248 228 5312 titt
249 5248 353 5328 πράως,
377 5250 423 5311 καί
449 5252 595 5324 ἐπιεικῶς,
619 5250 665 5310 καί
691 5250 759 5328 μετὰ
786 5253 943 5332 κηδεμονίας
996 5252 1095 5335 inquit,
1110 5248 1222 5312 confessi
1238 5249 1300 5309 estis
1314 5245 1398 5309 solius
1414 5269 1471 5310 esse
1482 5248 1533 5310 Dei
1549 5264 1658 5332 peecata
1669 5251 1714 5310 di-
