3764 5992
292 418 321 466 S.
349 414 489 466 solutus
514 412 695 463 CHRYSOST.
725 414 883 464 tuentur.
911 416 1181 466 CONS'l'clNTlNOl'.

1 541 107 602 dandos
117 553 244 624 putamus
253 563 260 598 ι
270 539 297 599 in
307 539 450 600 dilectione
460 555 524 598 vcro
533 546 676 619 perpetuos¹
729 533 775 593 καὶ
788 536 954 616 θωμάζομεν
967 562 974 574 ·
989 536 1034 597 καί
1050 537 1116 619 ὅπερ
1131 538 1320 617 ἀγνωμοσύνης
1342 540 1414 609 ἐκεῖ,
1429 539 1507 598 τοῦτο

0 633 93 693 ιίῑοεοε
108 633 257 714 probamus
269 645 294 690 et
308 630 492 690 admiramur:
505 640 531 686 ct
544 625 619 704 quod
637 624 677 684 ibi
693 643 713 690 ιι
730 627 842 686 ἐνταῦθα
851 628 1050 707 εὐγνωμοσύνης
1062 628 1170 708 σημεῖόν
1181 633 1247 703 ἐστι,
1256 631 1288 690 τὸ
1301 629 1436 708 μηδέποτε
1449 629 1505 686 δια·

1 725 144 805 lignitatis,
158 723 203 783 hic
213 721 387 802 benignitatis
399 720 507 799 signum
519 731 568 787 cst,
585 730 614 774 ut
628 715 679 775 sci·
730 718 838 779 λύεσθαι
862 720 893 780 εδ
913 724 961 792 τῆς
981 720 1087 800 ἀγάπης
1114 720 1232 801 ὄφλημα.
1255 721 1302 794 Μὴ
1325 718 1505 801 δυσχεράνητε

0 829 19 876 >t
37 837 184 895 numquam
205 814 325 873 solvatur
341 810 462 871 caritatis
482 806 614 866 debitum.
637 807 679 865 Ne
731 806 759 868 δὲ
780 809 844 888 πρὸς
864 808 895 868 τὸ
915 814 998 890 μῆκος
1017 816 1070 871 τῶν
1091 813 1240 889 μελλόντων
1264 811 1426 892 ῥηθήσεσθαι
1439 832 1447 847 ·
1460 809 1505 869 καί

20 909 127 968 seratis
136 907 319 992 prolixitatem
329 903 457 964 orationis
468 899 678 961 iuturaezcitha·
730 899 783 982 γὰρ
797 902 957 983 κιθαρῳδίαν
977 909 1046 982 ὑμᾶς
1064 927 1125 963 τινα
1146 903 1301 982 θαυμαστὴν
1315 902 1419 972 διδάξαι
1442 905 1504 980 βου-

4 1001 89 1060 'cam
110 1000 183 1059 enim
197 996 342 1057 melodiam
361 1015 473 1073 eamque
491 992 679 1052 admirabilem
730 997 830 1074 λομαι,
845 996 905 1076 οὐχὶ
925 994 1008 1076 λύραν
1028 996 1123 1077 νεκράν
1143 996 1412 1077 μεταχειρισάμενος,
1437 993 1505 1054 ἀλλὰ

0 1133 3 1141 .
26 1089 139 1165 docebo,
161 1108 214 1146 non
234 1099 370 1145 mortuam
389 1084 479 1165 lyram
501 1082 677 1162 attrectando,
730 1088 779 1155 τάς
789 1089 842 1147 τῶν
853 1089 967 1170 Γραφιῗιν
988 1088 1104 1170 ἱστορίας
1119 1089 1165 1148 κοιλ
1181 1086 1229 1157 τὶς
1248 1095 1296 1148 τοῦ
1312 1090 1384 1149 Θεοῦ
1398 1085 1505 1154 ένταλὶς

18 1180 221 1261 scripturarum
234 1177 360 1237 historias
373 1190 399 1235 et
417 1175 468 1234 Dei
481 1188 614 1256 praecepta
628 1196 679 1256 pro
732 1178 791 1238 ἀντὶ
804 1183 902 1260 νεκρῶν
915 1180 1063 1249 ἀνατείνας.
1080 1180 1134 1240 Καὶ
1148 1180 1267 1260 καθάπερ
1287 1179 1432 1259 κιθαρῳδοὶ
1447 1176 1505 1245 τοὶς

1 1293 50 1330 ,τε
63 1267 234 1331 intendendo.
248 1269 286 1328 Et
296 1266 525 1347 quemadmodum
536 1266 679 1326 citharoedi
732 1269 877 1338 δακτύλους
891 1276 944 1330 τῶν
965 1272 1186 1351 μαθητευαμίνων
1201 1271 1402 1349 λαμόάνοντες,
1416 1268 1505 1349 ἠρέμα

10 1393 13 1399 >
38 1361 277 1443 tisdiscipulorum
285 1359 392 1440 digitis,
405 1357 537 1442 paulatim
547 1359 679 1419 eoschor·
730 1372 785 1431 τοῖς
800 1363 921 1443 φθόγγοις
942 1364 1122 1445 προσάγουσι,
1139 1363 1184 1423 καὶ
1199 1366 1369 1444 διαψηλαφᾷν
1385 1364 1444 1440 μετ’
1459 1365 1506 1439 έμ-

1 1495 2 1507 ,
17 1453 190 1513 admoventes
209 1452 389 1513 assuefaciunt
406 1450 491 1533 perite
503 1464 677 1528 contrectare,
733 1455 837 1536 πειρίας
852 1456 1030 1529 διδάσκοντες,
1040 1459 1071 1516 έκ
1082 1459 1134 1514 τῶν
1153 1454 1264 1536 ἀφώνων
1274 1457 1396 1536 φθόγγων
1411 1477 1441 1513 τε
1460 1452 1506 1512 καὶ

1 1568 29 1605 ’
38 1545 133 1605 multis
142 1545 213 1605 tonis
223 1565 255 1604 ac
266 1545 356 1605 nervis
367 1542 441 1605 omni
450 1563 516 1604 sono
526 1543 679 1603 suaviorem
733 1551 831 1626 νευρῶν
847 1546 936 1619 πάσης
955 1553 1043 1628 φωνῆς
1059 1546 1127 1621 ἡδίω
1151 1547 1196 1605 καὶ
1214 1547 1379 1626 γλυκυτέραν
1399 1542 1508 1604 παιδεύ·

0 1637 144 1698 ιειίσίοεοιιι
152 1659 245 1699 vocem
256 1637 377 1698 emittere
383 1637 480 1697 docent
489 1659 496 1695 ι
506 1635 544 1696 ita
554 1658 602 1697 uos
612 1657 680 1715 quo·
734 1660 792 1699 οιισι
805 1639 1010 1708 κατασκευάζειν
1025 1639 1114 1720 φωνήν
1127 1662 1134 1675 ·
1148 1637 1217 1697 οὕτω
1231 1637 1264 1710 δὴ
1278 1637 1325 1698 καὶ
1337 1643 1417 1717 ἡμεῖς
1429 1636 1507 1710 ποιή-

2 1758 5 1763 ·
22 1728 159 1806 faciemus,
171 1729 265 1789 etlooo
276 1729 426 1811 digitorum
436 1741 553 1788 mentem
562 1741 680 1790 vestram
697 1757 716 1806 η
734 1753 828 1805 σσμιν,
844 1730 902 1790 ἀντὶ
915 1730 1050 1792 δακτύλων
1064 1731 1112 1805 τὴν
1128 1731 1244 1792 διάνοιαν
1256 1734 1331 1809 ὑμῶν
1353 1751 1507 1809 μεταχειρι·

19 1849 21 1854 ·
43 1833 128 1880 tantes
144 1820 285 1901 praeceptis
305 1819 356 1879 Dei
370 1817 587 1898 admovebimus,
599 1819 680 1899 jube·
734 1820 859 1900 σάμενοι,
871 1822 916 1882 καὶ
929 1832 988 1889 ταῖς
998 1825 1115 1889 ἐντολαῖς
1128 1829 1174 1882 τοῦ
1188 1825 1258 1884 Θεοῦ
1278 1821 1507 1904 προσαγαγόντες,

5 1934 103 1993 usque
116 1934 146 1972 ea
161 1914 226 1972 scite
239 1929 265 1973 et
276 1912 411 1993 eleganter
425 1913 565 1992 attingere,
581 1933 635 1973 non
650 1926 680 1973 ut
734 1916 793 1991 μετ’
808 1914 945 1995 ἐμπειρίας
964 1918 1049 1974 αὐτῶν
1070 1915 1199 1975 ἅπτεσθαι
1217 1912 1440 1996 παρακαλέσομεν
1459 1910 1508 1982 rip

13 2005 102 2065 inum
126 2005 282 2082 theatrum,
315 2004 362 2065 sed
389 2018 419 2063 ut
437 2006 605 2085 angelorum
634 2027 680 2086 po·
734 2003 864 2085 ύμετέραν
884 2006 1003 2085 άγάπην,
1018 2009 1067 2087 οὐχ
1080 2004 1124 2065 ίνα
1138 2005 1281 2087 ἀνθρώπων
1300 2004 1423 2086 θέατρον,
1449 2004 1514 2086 ἀλλ’Δ

10 2118 57 2156 um
67 2096 196 2179 perhanc
208 2097 375 2178 voluptatem
386 2095 518 2157 excitetis.
533 2097 594 2156 Νοιι
607 2098 680 2158 enirn
733 2095 778 2156 ἵνα
797 2101 850 2156 τῶν
864 2096 983 2179 ἀγγέλων
997 2099 1041 2160 τὸν
1060 2100 1144 2177 δῆμον
1166 2098 1210 2159 διδ
1227 2097 1325 2170 ταύτης
1346 2101 1395 2169 τῆς
1413 2097 1510 2166 {devie

17 2220 19 2223 ’
35 2189 104 2250 estsi
115 2189 222 2268 eloquia
231 2188 324 2249 diviua
335 2210 500 2271 percenseas,
512 2189 680 2268 nisieaquo-
735 2189 911 2262 άναστάσητε.
930 2193 972 2250 Οὐ
992 2188 1045 2271 γάρ
1067 2192 1144 2275 ἀρκεῖ
1161 2189 1194 2250 τὶ
1209 2196 1267 2249 θεῖα
1286 2189 1365 2270 λόγια
1390 2190 1509 2248 ἐπελθεῖν

4 2312 6 2316 ⁴
35 2279 117 2341 rebus
133 2295 268 2363 prestes:
284 2295 311 2340 et
329 2279 558 2359 quemadmodum
585 2281 613 2340 io
642 2281 680 2341 ci·
736 2281 913 2360 μόνον,άλλίε
933 2283 1030 2343 δεῖκαὶ
1050 2286 1097 2355 τῆς
1112 2284 1164 2345 dcl
1178 2287 1230 2342 τῶν
1244 2283 1328 2363 ἔργων
1346 2279 1509 2348 ἐπιδείξαις.

27 2420 30 2425 2
59 2395 156 2437 rervm
177 2373 287 2454 attingit
309 2373 418 2450 artifex,
445 2375 555 2453 attingit
573 2394 681 2454 quoque
736 2375 789 2435 Καὶ
802 2374 922 2455 καθάπερ
943 2375 987 2436 ἐπὶ
1000 2381 1048 2448 τῆς
1067 2374 1176 2456 κιθάρας
1194 2375 1307 2442 άπτιται
1325 2373 1402 2451 μὲνθ
1422 2372 1510 2452 τεχνί·

2 2465 154 2549 imperitus,
165 2487 260 2528 verum
272 2466 320 2543 ita,
331 2479 362 2527 ut
372 2467 421 2527 iste
430 2465 582 2526 auditorem
592 2481 681 2544 vexet,
735 2489 784 2539 της
797 2471 850 2526 τῶν
863 2469 975 2549 νευρῶν,
990 2467 1102 2527 άπτεται
1126 2466 1153 2528 δὲ
1173 2465 1218 2526 καί
1239 2470 1253 2526 ὁ
1275 2465 1397 2545 άτεχνος,
1419 2465 1480 2522 ἀλλ’
1495 2467 1511 2523 ὁ

29 2559 217 2640 voluptatibus
236 2573 263 2620 et
287 2559 464 2620 oblectatione
485 2558 606 2639 repleat,
632 2557 683 2618 etsi
737 2554 785 2636 μὶν
798 2559 878 2618 λυπεῖ
888 2561 932 2620 τδν
946 2557 1095 2639 ἀκροατὴν,
1111 2563 1125 2618 θ
1139 2557 1166 2619 δὲ
1179 2561 1335 2639 ψυχαγωγεῖ
1345 2556 1391 2616 καί
1406 2554 1510 2636 τέρπει,

13 2649 107 2731 diique
121 2650 243 2733 ejusdcm
257 2652 361 2733 generis
374 2650 456 2731 digiti
471 2664 497 2710 et
510 2649 592 2709 iidem
606 2650 683 2712 nervi
736 2649 823 2711 καίτοι
836 2674 866 2730 γε
876 2654 901 2709 οἱ
913 2651 987 2710 αιίτοὶ
999 2650 1123 2710 δάκτυλοι
1133 2649 1179 2709 καί
1192 2654 1219 2708 αἱ
1233 2647 1312 2708 αιἐταὶ
1327 2645 1434 2728 νευραὶ,
1448 2648 1509 2705 ἀλλ’

1 2756 26 2822 t,
44 2741 93 2802 sed
105 2764 158 2803 uon
176 2743 270 2803 eadem
290 2743 407 2825 peritia:
421 2743 458 2802 ita
475 2764 580 2822 quoque
594 2743 622 2801 io
641 2763 682 2802 sa-
737 2743 786 2822 ούχ
803 2747 821 2815 ἡ
838 2739 903 2813 αὐτ-λ
924 2741 1067 2820 ἐμπειρία·
1081 2739 1151 2800 ούτω
1175 2740 1206 2814 δὴ
1230 2739 1276 2799 καὶ
1295 2738 1340 2799 έπὶ
1360 2744 1413 2799 τῶν
1434 2738 1511 2798 θείων

1 2857 15 2896 s
35 2836 203 2919 scripturis,
230 2836 310 2896 multi
328 2836 431 2897 adeunt
449 2834 554 2914 eloquia
569 2833 680 2906 divina,
737 2835 870 2917 Γραφῦιν,
885 2831 1041 2915 ἐπέρχονται
1056 2833 1104 2911 μὶν
1115 2833 1209 2893 πολλοὶ
1224 2832 1258 2893 τὶ
1274 2839 1332 2893 θεῖα
1343 2831 1435 2912 λόγια,
1451 2833 1512 2891 ἀλλ’

0 2959 1 2975 ι
19 2950 71 2988 non
84 2950 176 2990 omncs
188 2929 295 2989 lucrum
308 2927 370 2988 inde
382 2927 494 3003 iaciunt,
506 2941 554 2987 aut
564 2927 683 2986 fructum
698 2940 719 2988 1)
738 2929 767 2986 ού
781 2923 879 2992 πάντες
897 2924 1092 3005 κερδαίνουσιν,
1104 2925 1162 2986 oete
1180 2932 1342 3006 καρποῦνται
1354 2925 1468 2992 πάντες·
1480 2924 1512 2984 τὸ

1 3035 98 3098 erunt,
120 3020 149 3080 in
164 3042 243 3080 causa
259 3034 315 3097 est,
337 3020 412 3099 quod
431 3040 517 3098 neque
532 3017 603 3079 dicta
618 3017 683 3077 satis
738 3016 878 3092 δὶαίτιον,
892 3015 984 3091 ἐπειδὴ
996 3016 1066 3096 μήτε
1084 3015 1298 3100 τοῖςείρημένοις
1314 3015 1511 3094 ἐμάαθύνουσι,

25 3125 122 3188 teutru,
134 3132 218 3190 neque
226 3133 290 3171 cum
299 3108 682 3192 artificiocitbarampulsent:
739 3110 806 3191 μήτε
825 3109 894 3188 μετίι
912 3109 1008 3192 τίχνης
1026 3113 1074 3184 τῆς
1092 3110 1203 3192 κιθάρας
1216 3108 1364 3169 ἅπτονται·
1378 3109 1445 3190 άπερ
1459 3107 1512 3188 γάρ

6 3231 28 3256 ιι
50 3202 123 3262 enim
136 3204 165 3262 in
180 3223 209 3261 re
222 3201 398 3262 citbaroedioa
409 3223 463 3278 ars,
486 3202 538 3261 hoc
552 3201 642 3283 ipsum
655 3201 684 3260 in
737 3202 781 3263 ἐπὶ
804 3207 853 3276 τῆς
873 3200 1032 3286 κιθαφφδίας
1054 3207 1073 3277 ἡ
1098 3201 1194 3283 τέχνη,
1214 3207 1291 3262 τοῦτο
1316 3200 1361 3262 έπλ
1385 3204 1439 3259 τῶν
1464 3205 1512 3259 τοῦ

7 3295 131 3376 ‘legibus
142 3316 254 3376 operum
267 3290 484 3355 exhibitio.'Nos
497 3307 587 3352 autem
601 3314 682 3353 unam
737 3298 808 3356 Θεοῦ
829 3293 917 3374 νόμων
935 3299 955 3368 ἡ
975 3293 1020 3355 td
1037 3298 1091 3365 τῶν
1116 3296 1198 3375 ἔργων
1219 3291 1350 3362 ἐπίδειξις.
1364 3289 1437 3364 Ἰίδη
1462 3291 1512 3369 μὲν

3 3385 92 3447 rdam
101 3385 269 3469 pulsavimus
280 3407 328 3468 per
336 3400 419 3446 totam
426 3388 469 3460 Qu
474 3384 683 3465 adragesimam,
737 3378 781 3448 odo
794 3385 857 3466 μίαν
868 3384 1031 3471 έκρεύσαμεν
1044 3387 1138 3470 νευράν
1153 3387 1187 3445 δι’
1202 3386 1265 3460 θλης
1284 3388 1333 3456 τῆς
1342 3407 1514 3465 τεσσαρακο-

8 3510 21 3536 o
40 3480 128 3561 legem
142 3479 220 3540 vobis
233 3478 268 3539 de
276 3480 438 3561 juramentis
453 3478 638 3556 recitavimus,
654 3491 681 3537 et
739 3482 817 3554 στῆς,
836 3479 881 3538 τδν
894 3477 1022 3561 περὶτῶν
1039 3479 1124 3562 ὅρκων
1144 3477 1223 3558 νόμον
1242 3483 1302 3557 ὑμῖν
1317 3475 1514 3556 ἀναγινώσκων·

6 3571 16 3631 i
35 3573 120 3653 gratia
133 3571 261 3632 ellectum
275 3587 323 3650 est,
339 3586 369 3632 ut
381 3572 510 3654 pleraque
526 3569 685 3630 auditorum
738 3596 798 3647 τες,
820 3571 866 3632 καὶ
888 3571 932 3632 διὰ
955 3570 1003 3646 τὴν
1023 3579 1069 3634 τοῦ
1087 3574 1157 3633 Θεοῦ
1176 3572 1255 3652 χάριν
1280 3566 1366 3630 πολλὰ
1390 3567 1514 3646 στόματα

6 3665 67 3726 obis
76 3687 124 3725 ora
134 3664 162 3724 in
174 3666 225 3726 hac
234 3665 302 3746 legis
313 3664 428 3726 melodia
440 3664 477 3725 ita
490 3663 612 3723 instituta
621 3663 685 3738 sint,
739 3670 793 3725 τῶν
807 3667 943 3746 ἀκροατῶν
959 3672 1024 3744 ἡμῖν
1042 3665 1183 3737 ἐπαιδεύθη
1196 3663 1246 3736 πλν
1267 3668 1313 3722 τοῦ
1325 3661 1406 3740 νόμου
1424 3664 1515 3742 μελῳ-

8 3756 123 3841 depulsa
133 3779 219 3840 prava
232 3757 434 3832 consuetudine,
456 3780 505 3839 pro
515 3779 545 3818 co
556 3756 629 3836 quod
638 3778 686 3816 an·
741 3757 799 3819 δίαν
819 3757 934 3833 ἐκείνου,
955 3757 1001 3818 καὶ
1021 3758 1070 3832 τλν
1092 3757 1209 3838 πονηράν
1232 3754 1411 3822 ἀπελάσαντες
1435 3755 1514 3827 curi·

14 3849 247 3931 Deumjurabant,
255 3850 313 3930 jam
321 3849 447 3907 nihilnisi
459 3849 518 3924 Est,
529 3851 590 3909 Non
601 3863 650 3925 est,
660 3862 687 3908 et
741 3856 813 3911 θειαν
834 3850 892 3910 άντὶ
911 3858 957 3912 τοῦ
974 3851 1018 3910 τὸν
1039 3849 1107 3910 Θεὸν
1131 3847 1256 3928 ὀμνύναι,
1277 3847 1308 3907 τδ
1329 3845 1389 3920 ναὶ,
1413 3846 1462 3905 καί
1482 3846 1514 3907 τὶ

9 3942 140 4018 ειιιὶὶιί,
152 3941 180 4001 in
192 3942 285 4021 lingua
296 3963 344 4000 sua
355 3941 553 4016 circumferant,
564 3939 645 4020 idque
657 3941 685 4000 in
741 3945 783 4016 ού,
803 3942 850 4002 καὶ
873 3944 904 4002 τδ
930 3943 1089 4016 πίστευσον,
1112 3940 1156 4000 ἐπὶ
1179 3946 1225 4000 τοῦ
1251 3936 1380 4018 στόματος
1403 3938 1513 4020 φέρωσι

1 4066 3 4085 1
19 4065 23 4086 ι
52 4034 198 4115 colloquio,
213 4032 280 4093 adeo
297 4046 326 4092 ut
340 4031 409 4092 inter
422 4031 498 4091 mille
513 4032 682 4112 negotiorum
740 4035 866 4106 διηνεκῶς
888 4033 932 4094 ἐπὶ
954 4034 1089 4103 διαλεῖεως
1107 4033 1231 4105 ἁπάσης·
1245 4030 1294 4092 κάν
1319 4030 1417 4112 μυρίων
1439 4054 1513 4112 πρα-

0 4140 134 4187 Ἰ»εκιειοε
146 4125 260 4186 ulterius
274 4123 404 4208 progredi
417 4145 470 4184 nou
484 4123 644 4184 sustineant
739 4124 849 4205 γμάτων
863 4125 965 4206 ἀνάγκη
986 4127 1124 4206 βιάζηται,
1137 4122 1287 4206 περαιτέρω
1308 4124 1444 4202 προελθεῖν
1464 4124 1513 4183 ούκ

740 4242 772 4277 αν
786 4243 854 4279 ανασ
873 4241 954 4278 θίνῖθε

10 4315 42 4372 2
58 4312 192 4372 Ceterum
210 4309 273 4389 quia
293 4331 346 4371 non
362 4310 464 4370 sufficit
476 4308 511 4370 ad
525 4310 648 4388 salutem,
662 4309 686 4371 si
703 4341 722 4390 g
780 4243 892 4383 ’Erecthei
905 4308 932 4368 δέ
946 4309 993 4368 ούκ
1007 4310 1083 4388 ἀρκεῖ
1094 4307 1159 4388 πρὸς
1171 4305 1303 4387 σωτηρίαν
1315 4309 1379 4384 ἡμῖν
1393 4313 1456 4383 μιᾶς
1469 4306 1513 4365 έν-

29 4438 30 4443 1
68 4417 231 4486 preceptum
242 4403 424 4478 observemus,
437 4424 486 4483 age
496 4424 544 4463 vos
554 4402 637 4464 hodic
650 4403 687 4464 ad
740 4404 819 4474 τολῆς
831 4399 959 4482 ὑποδοχὴ,
971 4399 1033 4482 φέρε
1042 4399 1157 4480 σάμερον
1169 4399 1215 4459 καὶ
1229 4399 1273 4458 ἐπὶ
1283 4397 1374 4479 ἑτέραν
1386 4400 1455 4475 ὑμᾶς
1468 4420 1514 4476 με·

22 4538 27 4547 ·
58 4533 59 4537 ι
99 4494 348 4557 ιεειίιισοιιιειεεειεί
363 4495 435 4553 enim
449 4515 503 4554 non
517 4515 608 4554 omncs
622 4516 686 4576 pro-
740 4493 898 4573 ταγάγωμεν
912 4517 918 4530 ·
933 4490 1040 4574 καὶγὰρ
1054 4491 1099 4550 καὶ
1114 4495 1137 4552 εἰ
1152 4491 1189 4571 μὴ
1205 4490 1321 4558 ι’πάντες
1333 4488 1512 4570 κατώρθωσαν

12 4629 31 4642 ..
108 4587 238 4672 inpriore
249 4586 319 4667 lege,
340 4599 457 4646 attamen
476 4586 605 4669 temporis
618 4609 685 4668 pro-
741 4587 786 4647 τδν
805 4585 933 4666 πρότερον
953 4582 1046 4663 νόμον,
1065 4583 1134 4642 άλλά
1151 4606 1181 4663 γε
1202 4589 1248 4642 τοῦ
1262 4581 1357 4663 χρόνου
1376 4579 1514 4661 προϊόντος

93 4683 145 4763 qai
167 4695 236 4742 retro
257 4693 413 4739 manserunt
436 4700 490 4756 eos,
519 4680 566 4760 qui
586 4702 686 4762 praece-
741 4677 800 4745 τοὺς
815 4677 964 4759 φθάσαντας
979 4679 1003 4735 οἱ
1023 4675 1214 4758 ὑστερήσαντες
1227 4673 1440 4756 καταλήψονται.
1458 4674 1513 4733 Καὶ

92 4808 93 4812 ¹
117 4818 120 4824 -
165 4788 241 4834 -brn
253 4771 426 4855 Depreheudi
436 4772 509 4832 enim
519 4785 620 4832 tantam
630 4794 686 4833 esse
708 4813 719 4848 γ
741 4773 793 4853 γάρ
805 4772 886 4853 ίγνων
895 4814 902 4840 ,
912 4775 948 4838 ὡς
958 4769 1073 4841 τοσαύτη
1084 4777 1131 4829 τοῦ
1143 4768 1298 4848 πράγματος
1312 4768 1413 4848 γίνεται
1427 4791 1514 4827 σπου-

33 4931 39 4936 ,
80 4909 82 4920 ·
99 4913 101 4916 -
118 4879 289 4941 nutet
298 4862 373 4926 domi
384 4877 409 4924 et
419 4864 447 4923 iu
457 4885 548 4925 mensa
559 4863 614 4924 viri
624 4887 685 4925 cum
705 4865 724 4911 Α
743 4864 792 4937 δὴ,
806 4868 842 4931 ὡς
854 4861 900 4923 καὶ
913 4862 957 4922 ἐπὶ
968 4861 1052 4928 οἰκίας
1066 4859 1111 4920 καὶ
1125 4860 1169 4920 ἐπὶ
1180 4859 1312 4941 τραπέζης
1324 4857 1435 4939 ἀνδράσι
1448 4859 1515 4938 πρὶς

0 5003 2 5021 ι
78 5003 83 5011 ·
161 4955 433 5037 uviutmiugcuuis
444 4969 576 5015 certamen
586 4953 621 5015 dc
630 4955 684 5015 bu·
741 4965 883 5038 γυναῖκας,
897 4954 996 5022 δούλοις
1010 4954 1074 5034 πρὸς
1088 4953 1235 5032 ἐλευθέρους
1248 4950 1362 5031 ἅμιλλαν
1373 4940 1439 5011 εἶναι
1452 4948 1514 5031 περὶ

1 5049 352 5139 *hadom
370 5046 540 5126 contendant,
554 5061 580 5108 et
594 5047 685 5110 beatos
740 5053 787 5122 τῆς
798 5053 903 5120 ἐντολῆς
917 5045 1029 5122 ταύτης,
1042 5044 1087 5106 καί
1097 5041 1316 5126 ἐμακάρισατοίνς
1327 5041 1409 5110 υύτως
1420 5044 1514 5102 ἑστιω-

48 5226 434 5295 ''t-*buttem*-
