3810 6000
431 443 466 490 ru
491 443 617 494 naemu
644 441 939 510 naumoronrar
963 445 1007 494 ur
1031 445 1185 494 nauseas
1211 446 1305 512 ussa,
1333 446 1407 497 arc.
1561 428 1630 515 τδρ

110 636 1632 675 mm

659 846 1069 977 MONITUM

532 1150 602 1225 ΑΙ)
632 1150 908 1226 ΗΟΜΙΙΛΑΜ
940 1150 993 1224 ΙΝ
1024 1153 1200 1243 lLLUl),

456 1358 861 1443 oronrnr'unnasns
880 1379 976 1440 assa
996 1381 1192 1460 turonis,
1215 1381 1297 1443 ure.

146 1602 333 1665 ldunumeirca
345 1615 505 1685 prasentem
510 1601 664 1663 concionem
671 1601 805 1684 expiscari
810 1621 966 1683 possumus,
972 1600 1074 1661 dictam
1085 1620 1181 1683 nempe
1187 1600 1271 1662 luisse
1276 1616 1420 1684 postquam
1430 1604 1458 1665 in
1470 1607 1632 1689 precedenti

121 1694 205 1775 humilia
217 1695 417 1777 lerosolymam
427 1693 592 1754 calamitates
613 1715 675 1754 suas
689 1693 727 1753 ita
737 1698 891 1766 παθητικῶς
903 1692 1086 1775 deplorantem
1101 1693 1246 1755 induxerat
1257 1696 1475 1778 chrysostomus,
1497 1701 1632 1783 utbujus-

120 1788 172 1850 nudi
182 1801 331 1849 acuamate
341 1787 469 1847 commoti
478 1807 569 1845 omnes
578 1784 625 1865 qui
635 1785 755 1861 aderant,
770 1806 835 1845 mox
846 1786 873 1845 in
886 1785 964 1844 lletus
977 1798 1003 1844 et
1023 1785 1138 1866 gemitus
1154 1785 1277 1868 erupturi
1291 1802 1387 1868 essent,
1402 1789 1455 1850 nisi
1467 1790 1578 1852 sedandi
1591 1792 1633 1853 lu·

120 1892 240 1940 ιθυιοιυαε
248 1899 399 1939 samonem
415 1876 469 1936 alio
481 1877 658 1938 transtulisset
676 1891 775 1939 orator.
793 1879 834 1937 De
847 1898 917 1937 anno
932 1891 1023 1937 autem
1036 1877 1080 1939 vel
1098 1892 1264 1961 tempestate,
1274 1880 1392 1962 itemque
1406 1884 1589 1945 Antiochioene
1598 1906 1633 1945 an

119 1970 325 2053 Constantinopoli
337 1969 408 2029 banc
421 1967 547 2029 babuerit
561 1969 715 2046 homiliam,
730 1990 764 2029 ne
774 1966 948 2050 conjectando
963 1969 1074 2049 quidem
1098 1968 1154 2030 dici
1168 1984 1264 2052 potest.
1277 1970 1343 2031 Haec
1356 1994 1420 2033 vero
1442 1976 1577 2057 praecipue
1587 1976 1634 2036 hic

117 2061 300 2124 hnomtranda
314 2061 446 2142 suscipit:
460 2080 553 2120 vocem
568 2061 607 2119 δεῖ
619 2081 665 2120 seu
681 2063 799 2142 Oportet
813 2061 859 2121 hic
879 2081 933 2121 non
946 2062 1127 2145 praecipientis
1141 2077 1188 2122 aut
1210 2065 1373 2127 consulentis
1388 2087 1455 2145 esse,
1480 2068 1527 2128 sed
1541 2069 1634 2129 futura

116 2155 306 2237 pannutianus,
318 2150 548 2235 quemadmodum
560 2151 622 2212 etin
633 2152 694 2212 aliis
703 2174 755 2213 non
764 2153 858 2235 paucis
868 2153 1016 2234 Scriptura
1023 2153 1089 2213 loeis
1099 2154 1259 2215 observatur
1266 2179 1276 2232 ;
1301 2155 1420 2237 itemque
1428 2159 1552 2238 haereses,
1567 2181 1634 2240 quas

118 2244 212 2307 beloto
219 2246 324 2308 Paulus
334 2257 534 2320 commemorat,
552 2264 605 2303 non
616 2243 730 2304 dissidia
744 2245 814 2304 cirea
827 2243 909 2303 fidem
920 2259 946 2304 et
959 2243 1085 2325 dogmata
1102 2246 1240 2327 indicare3
1251 2248 1298 2308 sed
1306 2250 1462 2311 Scissunas
1472 2250 1542 2329 illas,
1559 2254 1634 2331 queis

117 2338 270 2399 beommuni
284 2359 316 2398 ac
325 2337 462 2398 dominica
471 2357 561 2396 mensa
574 2335 674 2396 divites
686 2357 741 2396 sese
753 2358 769 2395 a
789 2337 956 2418 pauperibus
963 2338 1174 2416 sequestrabant,
1182 2354 1213 2399 ut
1222 2340 1333 2399 seorsim
1341 2342 1432 2402 cibum
1444 2357 1589 2416 sumerent,
1605 2345 1633 2405 in

117 2452 165 2512 quot
175 2424 234 2493 ideo
247 2430 389 2492 invehitur
399 2429 546 2512 apostolus.
561 2430 678 2488 Demum
689 2443 833 2510 postquam
853 2429 1063 2511 chrysostomus
1086 2429 1182 2510 prisca
1195 2429 1324 2492 Ecclesia
1337 2433 1488 2494 mirabilem
1502 2434 1529 2493 in
1544 2456 1634 2496 mensa

117 2524 228 2585 cumani
238 2523 324 2584 ritum
333 2520 462 2604 graphice
473 2519 627 2603 descripsit,
642 2534 668 2580 et
678 2520 712 2580 ad
721 2541 871 2602 pauperum
887 2519 1085 2602 suscipiendam
1096 2541 1189 2583 curam
1198 2523 1321 2583 hortatus
1335 2538 1386 2604 est,
1398 2526 1545 2587 orationem
1559 2528 1633 2587 clau·

117 2614 153 2677 tlt
1102 2685 1105 2691 .

142 2719 229 2781 lneerti
237 2717 486 2801 interpretationem
496 2715 632 2795 Latinam,
646 2729 739 2798 utpote
752 2737 805 2779 non
818 2731 982 2795 accuratam,
998 2717 1149 2799 rejecimus,
1158 2738 1308 2799 novamque
1316 2716 1519 2781 adornavimus.

1328 2938 1628 2950 ——dn

191 3104 254 3164 su:
269 3103 323 3163 ro
339 3096 613 3162 anuaronraou
635 3093 764 3154 aaron
873 3090 910 3191 ’γ’
979 3094 1345 3159 runrcrunrrrun
1358 3068 1593 3178 Arosrora'

117 3283 236 3367 Τθλίγον·
256 3291 306 3345 Δεῖ
327 3282 356 3344 dl
369 3283 416 3344 καὶ
435 3280 547 3363 αἱρέσεις
563 3269 629 3340 εἶναι
649 3279 677 3337 ἐν
696 3280 769 3356 ὑμῖν,
780 3275 824 3334 ἵνα
836 3277 860 3335 ol
916 3275 1031 3356 Oportet
1045 3290 1072 3338 et
1084 3278 1196 3340 hareses
1208 3282 1301 3344 essein
1322 3285 1408 3363 uobis,
1422 3287 1509 3368 utqui
1526 3288 1632 3370 probati
1645 3316 1666 3353 1,
1679 3303 1734 3350 car.
1748 3316 1783 3350 ιι.

142 3377 233 3458 δόκιμοι
242 3376 351 3458 φανεροὶ
362 3376 498 3455 γένωνται.
954 3382 1027 3446 sunt,
1038 3371 1170 3431 manifesti
1185 3373 1259 3434 liant.
1646 3379 1682 3429 ¹9·

141 3563 239 3632 ‘1115‘
252 3562 347 3646 πρῴην
367 3566 432 3640 ἡμῖν
450 3557 623 3640 διεθερμάνθη
641 3554 672 3615 τὸ
683 3553 859 3632 πνευματικὸν
957 3555 1061 3616 l.Satis
1071 3557 1630 3646 nupcrboespiritualetbcatntmiucaluit,

115 3660 170 3717 oto
181 3657 299 3740 θδατρον,
316 3654 362 3716 ὅτε
373 3653 423 3726 τὴν
440 3648 616 3732 Ἰερουσαλὴμ
640 3647 780 3728 εἰσήγαγον
796 3649 858 3725 ὑμῖν
915 3666 978 3705 cum
993 3648 1189 3730 lerosolymam
1206 3651 1413 3714 oraticnerobis
1432 3654 1586 3718 inducerem
1605 3674 1632 3721 et

114 3750 210 3833 qun,
227 3753 384 3832 θρηνοῦσαν,
402 3745 448 3806 καὶ
470 3744 518 3818 τδς
537 3740 635 3809 οἰκείας
653 3738 858 3820 δξαγγίλλουσαν
914 3737 1064 3819 plorantem
1074 3753 1100 3800 et
1116 3741 1237 3823 proprias
1247 3743 1412 3807 calamitates
1420 3749 1630 3812 annuntiantem.

114 3843 233 3925 W·
255 3841 310 3903 Καὶ
329 3840 382 3922 γὰρ
402 3828 468 3898 2130,
486 3838 559 3915 ὑμῶν
569 3835 628 3900 τοὺς
639 3831 787 3914 ὀρθαλμοθς
798 3832 858 3891 τότε
915 3829 982 3893 Vidi
996 3830 1067 3892 enim
1080 3833 1171 3893 oculos
1191 3848 1294 3896 vestros
1312 3836 1497 3920 lacrymarum
1519 3842 1632 3905 flumina

114 3933 229 4004 ditm<
240 3934 330 4013 πηγὰς
344 3930 450 4013 ἀφιέναι
464 3926 581 4010 δακρύων
596 3916 690 4001 midos,
702 3923 729 3993 ἐξ
742 3914 778 3983 ὧν
793 3923 858 3984 trra-
913 3923 1047 4004 parturire
1064 3947 1071 3982 :
1089 3924 1148 3985 vidi
1169 3947 1203 3986 ex
1224 3927 1322 3988 affectu
1347 3946 1436 3992 restro
1460 3932 1631 4014 singulorum

115 4048 169 4106 qm,
185 4028 233 4101 rto
244 4026 356 4088 ίχάοποι
371 4022 487 4082 διάνοιαν
498 4019 654 4100 ὀλοφυρμῶν
667 4015 799 4095 γέμουσαν
812 4015 858 4075 καὶ
913 4015 1016 4075 animos
1027 4016 1171 4097 gemitibus
1193 4019 1314 4102 oppletus
1334 4036 1414 4102 atque
1423 4026 1554 4086 turbatos.
1564 4027 1630 4087 ldeo

115 4120 294 4202 οιγνςρομδνην.
315 4118 366 4177 au
375 4114 420 4175 καὶ
428 4113 530 4194 ταρέως
541 4108 693 4188 αἰσθόμενος
705 4108 858 4169 συνέστειλα
914 4107 1005 4166 statim
1018 4121 1096 4187 atque
1116 4109 1145 4169 id
1167 4110 1357 4189 animadverti,
1372 4116 1532 4195 tragoediam
1554 4119 1631 4179 illam

116 4208 307 4293 ιὴνςραγυδίαν,
320 4209 431 4291 θρπασα
441 4210 471 4266 ἐκ
480 4212 526 4265 τοῦ
538 4201 620 4283 μέσον
631 4200 675 4260 τὸν
688 4200 775 4281 λόγον,
789 4199 858 4260 ὥστε
877 4219 896 4266 ιι
914 4198 1016 4276 sedari,
1027 4221 1175 4260 sermonem
1186 4202 1317 4264 demedio
1335 4207 1470 4283 transtuli,
1486 4209 1631 4289 fletumque
1714 4205 1717 4210 ¹

116 4299 147 4359 ab
162 4271 245 4383 θρῆνδν
263 4304 362 4362 διιείνον
377 4304 424 4370 τῆς
437 4297 548 4357 ἑκάστου
561 4294 671 4377 καρδίας
683 4293 859 4374 ἐκρήγνυσθαι
914 4289 992 4350 illum
1004 4312 1038 4350 er
1054 4291 1225 4372 singulorum
1234 4295 1361 4355 cordibus
1380 4312 1540 4379 erupturum
1557 4321 1631 4361 coer-

119 4393 219 4465 ,qu
237 4399 443 4476 προκαταψῑν,
475 4388 562 4468 Ψυχὴ
588 4385 639 4467 γδιρ
661 4384 750 4445 πένθει
772 4409 858 4444 κατα-
915 4380 970 4441 cui.
985 4382 1081 4443 Anima
1098 4384 1199 4465 quippe
1211 4384 1286 4445 luctu
1300 4402 1439 4468 occupata,
1457 4390 1527 4450 nihil
1536 4413 1632 4453 sanum

120 4491 229 4561 qum,
252 4486 311 4546 ὥτε
333 4488 427 4553 εἰπεῖν,
451 4480 510 4541 οὔτε
534 4478 645 4540 ἀκοῦσαί
668 4501 693 4536 τι
715 4476 812 4536 δύναιτ’
828 4475 858 4534 θν
915 4472 959 4534 vel
987 4472 1076 4533 dicere
1095 4474 1139 4534 vel
1166 4475 1261 4536 audire
1273 4476 1355 4536 valet.
1373 4482 1407 4538 At
1421 4501 1469 4538 cur
1488 4480 1540 4540 hoc
1561 4503 1632 4543 nunc

121 4552 175 4652 lide.
196 4579 271 4646 Τίνος
283 4568 329 4637 οὖν
345 4575 433 4635 ἕνεκεν
447 4571 552 4632 ἐκείνων
568 4576 637 4650 ὑμᾶς
648 4569 785 4648 ἀνέμνησα
798 4574 842 4628 νῦν
850 4592 859 4642 ;
914 4566 995 4625 rubis
1011 4564 1038 4624 in
1046 4565 1201 4624 memoriam
1212 4567 1357 4626 revocari!>
1367 4568 1438 4640 Quia
1448 4593 1487 4647 ea,
1501 4594 1561 4651 quae
1572 4595 1633 4633 sirm

121 4661 165 4726 θ)τι
181 4671 220 4730 „q
240 4670 274 4730 ,p
289 4670 405 4748 ,gwy
425 4664 583 4746 ῥηθήσεσθαι
603 4661 733 4740 μέλλοντα
746 4664 858 4742 συγγενῆ
912 4656 996 4717 bodie
1009 4656 1142 4729 dicturus,
1155 4657 1210 4716 illis
1223 4679 1283 4736 quoe
1292 4672 1356 4718 tunc
1367 4660 1495 4739 loquutus
1508 4686 1568 4723 sum
1583 4665 1633 4729 ad·

122 4757 215 4822 τΐινςόη
236 4761 383 4841 εἰρημένων
401 4756 480 4817 ἐστίν.
501 4755 609 4836 Ὥσπερ
631 4752 683 4833 γᾶρ
707 4753 793 4812 ἐκεῖνα
810 4750 859 4823 τὴν
915 4748 1027 4808 modum
1043 4762 1105 4807 suot
1117 4747 1219 4808 affinia.
1244 4749 1478 4821 Quemadmodum
1495 4756 1566 4815 euim
1585 4757 1634 4817 illa

124 4846 180 4931 ἐιῐῷ
198 4853 244 4935 βίῳ
259 4851 390 4935 ῥᾳθυμίαν
404 4853 480 4926 ἡμῶν
496 4846 650 4915 ἀνέστελλε,
670 4845 716 4904 καὶ
736 4843 783 4917 τὴν
806 4845 860 4902 ὀλι-
914 4839 977 4901 vitae
984 4838 1149 4899 desidiamin
1158 4839 1431 4922 nobisreprimebaut,
1440 4846 1635 4928 segnitiemque

125 4943 192 5020 γωρίαν
205 4946 250 5018 rip
263 4943 327 5025 περὶ
340 4942 374 5002 τὰ
395 4938 515 5020 πρακτέα
529 4937 657 5018 διώρθου,
681 4934 750 4996 οὕτω
774 4934 804 5008 δὴ
826 4935 860 4995 τὰ
915 4930 944 4991 iu
956 4930 1059 5012 agendo
1071 4943 1189 4990 nostram
1198 4932 1382 5011 corrigebant:
1395 4935 1434 4994 sic
1445 4958 1474 4996 ea
1488 4959 1547 5017 quae
1563 4961 1635 5002 nunc

126 5031 258 5115 ῥηθησόμενα
271 5042 318 5095 νῦν
333 5033 395 5115 περὶ
409 5036 458 5104 τὴν
477 5033 529 5089 τῶν
541 5028 679 5108 δογμάτων
694 5025 792 5106 daupidai
805 5049 859 5085 πα-
915 5022 1015 5082 dicturi
1023 5043 1115 5081 sumus
1129 5021 1198 5081 cirea
1208 5021 1364 5102 diligentem
1373 5025 1532 5107 dogmatum
1539 5031 1632 5093 obser-

128 5126 237 5204 γπγγψγν
263 5123 472 5207 ἀσφαλεστέροις
489 5126 561 5199 ἡμᾶς
580 5120 741 5203 ἐργάσασθαι
761 5117 859 5177 δύναιτ’
916 5115 1060 5190 rationem,
1074 5113 1219 5174 securiores
1242 5135 1290 5174 nos
1308 5116 1420 5179 reddere
1443 5136 1583 5204 poterunt,
1598 5127 1635 5185 ita

128 5210 156 5266 h·
170 5217 263 5288 ιἰατιὶξ
277 5218 402 5279 ἁπάντων
414 5212 624 5296 ἀπηρτισμένους
637 5201 704 5271 εἶναι
718 5212 766 5278 Εἰς
779 5209 861 5290 ἄνδρα
918 5221 948 5267 ut
957 5206 1134 5285 undequaque
1149 5206 1259 5287 perlecti
1270 5206 1356 5268 futuri
1370 5210 1467 5291 simus,
1489 5217 1527 5274 In
1536 5221 1633 5279 virum
1646 5238 1729 5343 raptas.
1745 5243 1770 5298 q.

1650 5311 1658 5344 l
1680 5328 1687 5347 ι
