3764 5992
56 480 64 495 ,
96 415 176 511 204
266 480 271 489 ,
417 435 443 481 S.
470 433 611 482 totn'ttts
636 433 818 482 cttttttsosn.
848 432 1004 481 ARCfflEP
1033 432 1302 485 consrtnrttt'ot‘.

103 579 201 636 cuique
210 576 307 637 ma„na
317 557 448 618 beneficia
461 559 566 619 tulisset
575 571 700 639 accepta
711 557 751 618 sic
764 557 815 616 ini-
867 559 936 618 οὕτω
953 565 999 618 τοῦ
1021 561 1115 643 ἐχθρου
1134 559 1181 618 καὶ
1198 558 1377 631 λελυπηκάτος
1398 560 1524 641 ἐφείσατο

102 650 172 709 mico
182 650 298 728 bomini,
311 671 392 729 aquo
407 653 466 711 suet
466 664 493 709 at
503 650 636 711 affectus
628 648 753 729 injuriis,
765 670 813 730 pe·
867 639 911 708 ουν
929 647 1021 728 ἕξομεν
1042 656 1121 727 ἡμεῖς
1134 650 1300 731 συγγνώμην,
1318 652 1522 734 ἁμαρτημάτων

100 740 195 825 percit.
209 741 379 813 Quamnam
371 756 455 821 igitur
462 762 570 804 ventam
583 739 747 799 merebimur
754 761 813 817 nos,
868 739 965 799 θόντων
978 741 1196 819 μνημονεύοντες,
1209 742 1308 803 καί
1268 767 1328 810 τους
1343 745 1525 818 λελοπηκάτας

99 831 148 910 qui
170 832 365 912 praeteritorum
384 833 545 892 delictorum
565 852 696 891 memores
709 852 813 902 sumus,
868 854 961 908 μενοι,
975 834 1039 892 διαν
1051 837 1066 892 ὁ
1080 831 1197 901 ἀναίτιος
1215 838 1327 908 ἐκεῖνος,
1344 842 1461 895 τοσαῦτα
1478 835 1526 913 μὲν

99 943 127 989 et
140 951 185 989 eos
196 931 361 1010 ulciscimur,
368 932 416 1010 qui
426 953 476 992 nos
484 931 609 1008 laeserint,
620 931 815 991 euminnocens
831 939 849 984 E
868 923 932 998 θὼς,
954 924 1062 986 πλείονα
1082 923 1111 985 δί
1135 927 1179 985 καί
1194 926 1370 1009 χαλεπώτερα
1389 929 1525 1009 προσδοκά

100 1020 148 1081 itte
165 1036 203 1082 tot
223 1023 292 1081 mala
308 1044 412 1104 passus,
425 1023 528 1104 quique
546 1023 625 1104 plura
639 1036 665 1082 et
690 1022 814 1102 graviora
866 1016 1047 1096 σνμόήσεσθον
1069 1015 1140 1077 κακία
1165 1016 1226 1077 ἄνθ’
1242 1022 1291 1089 1²71<
1307 1025 1354 1078 τοῦ
1376 1020 1474 1100 ἕχθρνῧ
1491 1041 1525 1078 σθ

98 1113 161 1190 sibi,
174 1115 197 1173 si
213 1114 317 1174 hostem
339 1129 467 1190 servaret,
479 1115 651 1196 exspectabat
674 1128 812 1192 eventura,
865 1107 990 1188 φαίνηται
1009 1109 1159 1191 φειδόμενος
1180 1109 1275 1184 οὕτως,
1293 1115 1330 1179 ὣς
1347 1109 1455 1172 ἑλέσθαι
1474 1112 1525 1170 κινί

97 1206 137 1264 sie
148 1207 298 1286 pepercisse
309 1207 449 1285 videatur,
465 1221 496 1265 ut
509 1205 662 1286 periculum
672 1205 730 1286 ipse
742 1206 814 1265 sub·
865 1203 967 1279 μᾶλλον
977 1203 1068 1273 αιἰτδς,
1081 1201 1128 1261 καί
1139 1202 1207 1281 μιτά
1219 1203 1301 1284 φόόαο
1317 1202 1364 1262 καί
1376 1202 1524 1282 τράμοιιζῇ

96 1296 137 1354 ire
150 1297 285 1374 maluerit,
297 1311 377 1376 atque
397 1298 425 1358 in
444 1312 516 1357 metu
533 1317 566 1356 ac
579 1310 694 1356 tremore
707 1296 812 1376 vivere,
865 1292 995 1369 μέλλοντα
1006 1293 1089 1376 μυρία
1101 1294 1248 1376 πράγματα
1259 1297 1332 1375 αὐτῷ
1344 1293 1475 1374 παρέχειν
1487 1296 1525 1352 ἀπ

95 1409 177 1466 quam
185 1411 250 1448 eum
258 1410 340 1468 quern
350 1389 402 1448 sibi
417 1390 570 1449 innumeras
578 1389 736 1448 moliturum
747 1387 812 1447 insi·
865 1383 1046 1460 δικαίωςςΤὴ
1029 1384 1133 1463 ἠνμὲν
1153 1377 1198 1444 οὗν
1219 1384 1373 1466 φιλοσοφίαν
1394 1389 1425 1446 ἐκ
1440 1383 1525 1444 τούτω

3 1506 28 1543 t,
1 1478 303 1605 wadiassciebat,
291 1480 582 1562 Jureoccidere?1⁴]jtrs
596 1481 812 1562 itaquepbiloso·
864 1477 936 1550 ἰδεῖν,
949 1476 1081 1537 tunt
1046 1502 1067 1554 μ
1081 1502 1124 1537 νον
1134 1481 1182 1537 οὐκ
1195 1477 1302 1558 ἔσφαξε,
1315 1477 1448 1551 τοσαύτης
1462 1478 1525 1550 oder

1 1641 21 1666 Ι
5 1570 284 1668 pbramexhrs
293 1572 476 1651 cernerelroet,
486 1573 561 1652 quod
576 1592 630 1632 non
646 1572 727 1632 modo
737 1586 811 1633 tanta
863 1592 925 1643 κης,
941 1572 1000 1630 ἀλλ’
1013 1570 1074 1649 οὐδὲ
1088 1573 1164 1650 ῥῆμα
1177 1571 1332 1685 βλάσφημον
1350 1573 1429 1636 εἰς’
1401 1569 1525 1638 αυσὸνίξ

1 1641 21 1672 '
94 1680 250 1726 imminente
262 1666 414 1726 necessitate
423 1686 476 1725 non
487 1665 648 1725 interemerit
649 1665 811 1744 ,sedneque
862 1662 907 1721 καὶ
920 1666 1041 1740 ταῖταμ
1041 1661 1255 1740 ὴμίλλοντος’
1226 1685 1304 1721 αιπου
1287 1661 1525 1722 ἀκοάσασθαιτι

92 1757 274 1818 maledicum
266 1780 294 1818 ut
307 1779 371 1817 eum
384 1759 499 1819 verbum
510 1758 598 1817 ullum
608 1758 765 1838 protulerit
779 1759 809 1817 li·
799 1788 852 1826 ιτα
862 1751 979 1829 ζνμεννν
1000 1753 1097 1813 Καίτοι
1110 1778 1141 1833 γε
1157 1760 1235 1832 ἡμεῖς
1255 1753 1301 1813 καί
1324 1752 1413 1837 φίλους
1434 1753 1525 1832 bitot&

91 1864 132 1909 eet
153 1850 176 1909 is
192 1871 272 1929 quem
284 1850 399 1908 laesurus
418 1850 522 1926 fuisset,
535 1849 649 1908 minime
668 1848 808 1910 audiisset
824 1843 1035 1913 Αλοίιιιςκακὸἰς
1049 1847 1183 1918 ἀπόντας,
1198 1849 1301 1914 ἐκεῖνος
1309 1845 1444 1905 stertet
1419 1869 1464 1904 τον
1477 1848 1525 1926 ἐχθ

91 1941 174 2019 Atqui
191 1962 238 2001 nos
259 1941 341 2000 etiam
362 1941 462 2000 amicus
483 1961 664 2022 saepenumero
685 1941 809 2000 absentes
861 1941 977 1995 τοσαῦτα
990 1936 1201 2010 ἠδικηκότα-η
1158 1936 1216 2010 Τὴν
1230 1927 1326 2014 μὲν
1295 1959 1339 1996 αον
1354 1936 1512 2017 φιλοσοφίαν

91 2051 219 2092 conusens
231 2053 396 2107 incessimus
407 2045 436 2091 at
449 2031 533 2091 illene
541 2031 807 2111 inimicumqurdem,
860 2051 912 2086 των
926 2028 997 2088 ἐστίν
1009 2029 1089 2087 ἰδεῖν·
1084 2028 1412 2144 τηνδδφιλανθρωπίαν,
1424 2027 1525 2101 καὶτὴ

88 2145 104 2180 a
126 2145 179 2202 quo
194 2138 234 2183 tot
256 2125 343 2183 iuerat
365 2123 508 2182 affectus
500 2123 617 2204 injuriis.
632 2127 671 2182 Ac
684 2124 805 2204 pbiloso-
859 2119 1028 2196 κηδεμονίαν,
1042 2111 1101 2188 ἐξ
1080 2144 1116 2178 ων
1132 2120 1200 2198 μετὰ
1213 2126 1296 2178 ταῦτα
1308 2119 1426 2191 ἐποίησε.
1440 2121 1481 2179 To
1496 2117 1525 2200 γί

87 2214 182 2293 phium
195 2213 352 2294 quidemex
366 2214 409 2274 his
421 2215 483 2274 licet
498 2215 805 2319 cognoscere·benigni-
859 2212 954 2270 σπεδον
961 2210 1047 2291 κόψας
1059 2216 1105 2270 τοῦ
1121 2210 1244 2289 ίματίοο,
1261 2210 1307 2270 καί
1319 2211 1364 2270 τὸν
1380 2209 1464 2290 φακδν
1477 2214 1524 2270 τοῦ

88 2318 169 2365 tatem
183 2319 270 2365 autem
290 2327 321 2364 ae
335 2306 465 2385 reliquam
479 2305 690 2365 sollicitudinem
709 2326 743 2365 er
758 2307 802 2383 iis,
858 2303 1028 2414 ὑφελόμενος,
1042 2302 1166 2362 ἀπελθὼν
1188 2303 1333 2384 πόρρωθεν,
1359 2302 1404 2361 καί
1431 2300 1525 2370 στίιςι

0 2425 19 2450 1·
12 2400 145 2512 ι,·ῗί-(μιια
158 2397 391 2478 posteapraestitit.
402 2397 564 2469 Quodenim
578 2396 805 2458 firnbriatnvestis
857 2395 903 2454 καὶ
922 2419 960 2474 τῳ
940 2395 1130 2454 διασωθέντι
1145 2400 1228 2453 ταῦτα
1241 2394 1383 2469 ὑπέδειξεν,
1399 2393 1460 2475 οὐχὶ
1487 2418 1525 2476 πρ

0 2476 22 2494 ’
27 2465 241 2567 '¹³'nbsciderit,
263 2488 337 2569 quod
363 2510 441 2567 aquae
466 2489 601 2570 scyphum
626 2488 803 2567 subtraxerit,
858 2485 936 2554 δειξιν
952 2485 998 2545 καί
1013 2486 1163 2566 φιλοτιμίαν
1176 2509 1254 2547 τουτο
1267 2491 1360 2557 ποιῶν,
1375 2487 1444 2546 ἀλλὰ
1460 2484 1525 2546 ut

83 2581 157 2658 quod
168 2580 247 2660 longe
259 2579 383 2641 secedens
397 2594 425 2640 et
437 2594 510 2639 stans
519 2579 640 2640 clamant
643 2593 805 2659 ,atquease
856 2601 910 2656 γων
929 2579 1006 2638 αὐτὸν
1021 2587 1112 2638 πεῖσαι
1134 2579 1308 2656 βουλόμενος,
1327 2578 1413 2639 ὅτι
1391 2583 1450 2657 εικῇ
1472 2576 1520 2637 καὶ

83 2672 327 2732 servatoineolumi
337 2671 571 2751 baecsignificarit,
580 2692 632 2730 non
642 2672 678 2731 ad
685 2687 803 2732 ostenta-
856 2671 958 2730 αὐτὸν
947 2670 1101 2730 υπώπτευεν
1110 2674 1147 2736 ὡς
1158 2670 1261 2752 ἐχθρὸν,
1272 2670 1319 2729 καὶ
1330 2671 1373 2729 διὰ
1384 2675 1463 2729 τοῦτο
1472 2669 1525 2728 ede

83 2764 184 2823 tionem
195 2777 221 2822 et
236 2763 411 2822 ambitionem
432 2761 464 2821 id
478 2762 549 2837 fecit,
560 2783 656 2822 terum
664 2776 695 2821 ut
710 2764 801 2844 operi·
856 2762 945 2842 φιλίαν
955 2762 1154 2822 ἐπισπάσασθαι
1166 2760 1294 2821 σπεύδων.
1308 2761 1376 2820 Ἀλλ’
1390 2758 1463 2838 ὅμως
1474 2761 1525 2820 οὐδ

82 2855 134 2912 bus
144 2854 210 2935 ipsis
218 2854 242 2914 ei
252 2853 434 2934 persuaderet,
445 2853 614 2913 seinrmerito
622 2874 654 2913 ae
662 2853 802 2916 sinecausa
856 2855 932 2913 αὐτὸν
953 2854 1062 2928 πείσας,
1076 2854 1121 2913 καί
1134 2855 1277 2931 δυνάμενος
1291 2853 1524 2935 διαχειρίσασθαι,

83 2959 221 3025 tamquam
247 2946 351 3006 bostem
372 2945 413 3004 itti
432 2944 515 3006 fuisse
530 2960 698 3028 suspectum,
712 2961 738 3007 ct
751 2949 802 3008 bae
818 2967 836 3013 Β
854 2944 939 3006 είλετο
949 2949 1050 3025 μᾶλλον
1061 2948 1181 3005 ἐκπεσεῖν
1198 2949 1244 3017 τῆς
1260 2945 1384 3024 πατρίδος
1398 2945 1444 3004 καί
1458 2949 1486 3004 ἐν
1501 2948 1525 3005 r’u'

81 3035 184 3095 ratione
206 3037 310 3097 studuit
331 3035 422 3097 illum
433 3037 468 3097 ad
481 3037 630 3099 amicitiam
644 3058 800 3118 provocare.
854 3039 1009 3120 διατρίόειν,
1030 3039 1076 3098 καί
1090 3041 1149 3098 καθ’
1164 3038 1279 3111 ἑκάστην
1299 3037 1525 3118 ταλαιπωρούμεν

81 3129 276 3188 Verumtamen
291 3149 354 3188 erun
374 3150 407 3188 ne
419 3129 458 3188 sie
470 3128 678 3208 quidemillum
697 3129 802 3192 flectere
854 3155 912 3212 ραν,
931 3131 979 3204 τὴν
1001 3131 1147 3210 ἀναγκαίαν
1170 3131 1242 3210 αὐτῷ
1255 3127 1525 3211 πορίζειν’τροφην,ἣ

80 3218 241 3301 potuissset,
256 3233 337 3298 atque
352 3230 367 3279 c
380 3219 468 3280 medio
481 3234 570 3301 posset
579 3220 691 3295 tollere,
706 3243 801 3283 rursus
853 3222 919 3282 ο”κοι
931 3224 1023 3282 λυπεῖν
1034 3223 1078 3282 τὸν
1092 3222 1239 3282 ἐπίὸουλον.
1253 3222 1290 3281 Τί
1302 3221 1395 3299 γένοιτ’
1410 3221 1441 3279 ἀν
1455 3227 1525 3303 ἡμερ

80 3311 169 3390 patria
191 3331 280 3371 carere
296 3312 402 3389 maluit,
417 3331 526 3392 peregre
548 3312 653 3385 vivere,
668 3326 751 3393 atque
771 3316 799 3376 in
852 3318 899 3386 τῆς
922 3313 1021 3374 ἐκείνου
1040 3318 1142 3394 ψυχῆς
1171 3313 1276 3381 Ὄντως
1302 3314 1411 3380 δικαίως
1431 3313 1525 3391 ἔλεγε,

81 3390 160 3462 milis
173 3403 296 3482 quotidie
309 3405 421 3483 cusan,
430 3404 499 3464 dum
508 3405 686 3464 necessarium
696 3405 799 3468 sihivi-
853 3411 945 3479 σθητι,
961 3405 1057 3487 Κύριε,
1069 3412 1115 3464 τοῦ
1126 3404 1211 3465 Δαυίδ
1221 3449 1229 3477 ,
1248 3404 1293 3463 καί
1310 3404 1399 3478 πάσης
1414 3409 1462 3476 τῆς
1476 3427 1525 3484 προ

81 3509 153 3556 etum
164 3496 510 3579 compararet,quamdomi
516 3497 648 3557 manendo
659 3496 800 3560 insidiato·
853 3500 941 3558 αάτοῖ.
954 3501 1056 3558 Τοῦτον
1073 3497 1119 3557 καὶ
1133 3502 1210 3575 ἡμεῖς
1223 3497 1418 3576 μιμησαίμεθα,
1435 3497 1482 3555 καί
1496 3521 1525 3575 μι

81 3608 139 3648 rem
150 3609 231 3648 suum
240 3588 348 3648 laedere.
356 3587 433 3660 Quid
441 3588 613 3649 iiliusanima
625 3588 714 3649 lenius
722 3612 800 3672 tepe-
852 3614 951 3669 γωμεν,
966 3590 1033 3669 μήτε
1047 3592 1166 3667 ποιῶμεν
1180 3594 1269 3656 κακῶς
1283 3587 1342 3654 τοθς
1356 3587 1484 3668 ἐχθροὺς,
1496 3589 1525 3646 ἀλ

42 3701 60 3731 ¹·
82 3679 130 3740 riri
138 3670 802 3760 possitiideritosanedieebat,Merrtent0,Domi·
853 3686 1028 3762 εὐεφγετῶμεν
1053 3683 1123 3741 κατὰ
1145 3679 1271 3757 δύναμιν·
1293 3686 1371 3758 ἡμεῖς
1389 3678 1442 3760 γάρ
1463 3682 1525 3736 {eor

83 3773 243 3844 rte,Dovt‘d,
256 3784 285 3830 et
296 3777 391 3832 omnis
402 3768 637 3832 matisuetudinis
643 3777 715 3856 ejus.
723 3775 800 3835 Hune
852 3772 998 3851 ποιήσομεν
1011 3771 1150 3856 μᾶλλον,ἢ
1163 3770 1284 3838 ἐκείνους.
1301 3768 1347 3829 Ἂν
1360 3766 1412 3849 γίιρ
1427 3773 1525 3848 ἀφῆτε,

81 3862 220 3921 ιἰιιὶῐειιιιιι
232 3881 282 3921 nos
292 3883 409 3941 quoque,
421 3884 453 3922 ae
467 3884 553 3942 neque
567 3865 699 3939 dieamus,
714 3886 801 3944 neque
852 3873 906 3931 τοῖς
923 3867 1026 3946 ἐχθροῖς
1046 3867 1132 3940 ὑμῶν,
1156 3861 1314 3941 ἀφεθήσεται
1327 3864 1398 3938 ὑμῖν.
1418 3858 1499 3940 Ἄφες
1516 3859 1525 3917 ί

81 3951 212 4012 suciamus
221 3953 338 4012 inimicis
349 3952 497 4032 quidquam
506 3954 640 4030 mali,sed
653 3970 679 4015 et
692 3949 741 4038 pro
755 3957 800 4017 vi-
853 3955 1052 4035 ἁμαρτήματα,
1082 3952 1126 4013 ίνα
1153 3952 1239 4031 λάθῃς
1266 3951 1435 4033 συγχώρησιν
1464 3952 1525 4010 δισπ

82 4042 257 4103 ribusdeillis
267 4044 336 4105 bene
347 4065 498 4105 mereamur
512 4069 519 4102 :
533 4046 710 4125 siquidemde
722 4050 800 4110 nobis
815 4066 835 4114 c
853 4046 1068 4128 ἁμαρτημάτων·
1092 4048 1114 4103 εί
1131 4044 1159 4105 δὲ
1181 4044 1285 4124 μεγάλα
1304 4043 1439 4115 ἠδίκησεν,
1461 4040 1525 4122 ὅσῳι

12 4139 57 4187 ·6·
82 4135 149 4216 ipsis
162 4137 266 4240 potius,
284 4157 364 4215 quam
377 4135 481 4196 deillis
503 4137 571 4197 bene
586 4139 758 4201 merebimur.
768 4141 800 4201 Si
854 4139 959 4217 μείζονα
976 4141 1061 4218 ἀφῇς,
1075 4135 1191 4216 τοσούτῳ
1205 4134 1311 4213 μείζονα
1329 4133 1403 4214 λήψῃ
1418 4131 1468 4205 τὴν
1482 4158 1525 4212 συγ

81 4231 171 4296 enim,
185 4227 283 4306 inquit,
294 4230 486 4288 dimiscritis'
475 4232 603 4290 rnimieis
616 4234 736 4304 vestris,
749 4234 799 4290 dt-
853 4254 903 4291 σιν.
924 4228 1022 4288 Διά
994 4253 1047 4309 γαρ
1059 4251 1136 4288 τουτο
1146 4227 1323 4305 ἐδιδαχθημν
1341 4224 1437 4340 λέγειγ,
1456 4222 1525 4304 Apu

82 4323 215 4378 mittetur
225 4322 330 4379 oobrs
322 4317 451 4379 dimitte
463 4319 572 4381 servilia
580 4335 700 4402 peccata,
711 4336 742 4382 ut
752 4344 798 4383 ve·
852 4319 1068 4401 καθὼςάφῖεμεν,
1087 4318 1130 4376 ἵνα
1148 4319 1284 4396 μάθωμεν,
1295 4315 1425 4375 ἀντί’
1390 4338 1514 4394 μετρον.
1500 4319 1525 4372 τῖ

80 4411 154 4470 niam
167 4410 278 4470 herilem
290 4411 411 4470 obtineas
419 4425 609 4492 peecatorum:
619 4406 727 4492 quod
704 4435 729 4474 st
742 4435 797 4474 ma·
851 4437 917 4479 σεως
928 4435 984 4490 παρ
985 4411 1083 4489 ἡμῶν
1093 4413 1196 4488 πρῶτον
1206 4407 1338 4486 λαμάάνει
1347 4405 1423 4479 τὴν’
1408 4406 1525 4487 αρχήν.

79 4501 433 4608 gnamintuleritinjuriam,
436 4504 794 4584 quantomajorsdimiseris,
848 4504 954 4586 ὅσῳπερ
973 4503 1005 4562 ἂν
1027 4499 1202 4582 χαλεπώτερα
1222 4504 1237 4559 ὁ
1257 4498 1349 4580 ἐχθρὸς
1364 4497 1512 4578 ἐργάσηται

78 4607 153 4655 tanto
187 4595 313 4675 majorem
344 4593 451 4654 veniam
486 4596 629 4656 obtinebis.
652 4599 795 4680 Propterea
847 4595 965 4676 τοσούτῳ
979 4592 1147 4673 μειζόνως’
1124 4594 1263 4674 ευτργετιιζ
1284 4589 1448 4667 Σπεῦδιομεν
1472 4588 1525 4647 τοίι

12 4691 53 4737 ..6
78 4705 194 4765 namque
211 4685 301 4745 dicere
323 4685 410 4745 edocti
440 4706 545 4762 sumus,
562 4689 688 4747 Dimitte
702 4694 795 4766 nobis,
848 4653 1256 4767 ίπιιγώμοθακαταδλοίττεοθαι
1269 4680 1525 4760 πρδιτννιδεδνπῖ·

77 4781 154 4837 secut
168 4799 221 4838 nos
234 4761 419 4852 dimittimus,
433 4790 463 4836 ut
479 4732 618 4838 discimus
630 4780 795 4843 remissionis
847 4786 880 4840 ἄν
890 4805 920 4840 τι
934 4778 1051 4850 δικαίως,
1069 4777 1100 4836 ἄν
1112 4798 1142 4835 τε
1156 4774 1252 4840 ἀδίκοις
1265 4773 1430 4855 ἀργίζωνται.
1444 4769 1493 4831 Ἂν
1508 4796 1525 4849 μ

77 4867 188 4929 modum
199 4869 334 4929 initiuma
349 4869 426 4928 nobis
439 4869 568 4951 accipere.
576 4871 681 4950 Itaque,
693 4887 795 4951 quanto
845 4874 958 4933 ίνταῦθα
978 4872 1163 4947 καταλλαγῆς,
1179 4865 1336 4945 ἀπηλλάγης
1354 4869 1403 4937 fit
1415 4867 1472 4924 ἐκεῖ
1492 4887 1525 4945 xp

77 4958 200 5036 graviora
208 4961 280 5020 mala
288 4960 411 5021 intulerit
420 4959 637 5035 inimicus,tento
646 4962 794 5044 majoribus
845 4967 891 5028 ίάν
913 4965 955 5038 δί,
976 4958 1276 5042 praeeuntcarcere
1296 4956 1408 5038 ἶχθραιι
1431 4956 1525 5017 idm

75 5049 160 5107 afficit
177 5050 325 5111 beneficiis.
340 5054 520 5134 Proper-emus
534 5053 629 5132 igitur,
644 5067 672 5114 et
685 5074 749 5116 eum
759 5057 793 5117 iis
807 5073 827 5120 1)
844 5055 909 5124 erbe
919 5055 1045 5134 ἀπαγάγῃ
1058 5053 1108 5126 τίν
1120 5048 1266 5130 &titium
1279 5046 1485 5128 μῑννδᾱῦἧνας,
1497 5051 1525 5109 ίν

75 5139 123 5217 qui
145 5161 193 5199 nos
214 5141 341 5214 laeserint,
364 5143 533 5203 reoonciliari
553 5144 720 5224 festinemus,
734 5147 793 5209 sive
843 5149 893 5208 πδν
905 5151 1061 5227 εἰσαχθῆναι
1075 5144 1124 5216 τὴν
1138 5142 1214 5212 δίκην
1229 5141 1341 5220 ἀνάγκη.
1355 5129 1525 5221 Καθάπεροί

71 5234 141 5312 jure,
148 5233 206 5294 sive
217 5231 315 5311 injuria
327 5234 379 5294 sint
390 5235 462 5295 irati.
472 5235 503 5297 si
512 5235 584 5296 enim
605 5234 651 5297 bie
661 5237 791 5300 fuerisne-
841 5237 884 5298 ut
905 5240 958 5297 τῶν
978 5236 1123 5315 ἀνθρώπων
1139 5233 1205 5314 τρδς
1220 5232 1350 5304 ἀλλήλους
1373 5229 1525 5314 ἀμφιαάητι
