3764 5992
99 386 168 481 542
415 408 445 456 s.
472 368 612 458 cornuis
637 402 818 453 cunrsosr.
846 400 1005 452 ιιιοιιιιιι.
1030 401 1300 452 eousrsuurnor.

96 524 811 608 illemesseeristimemus‚cumexuaturasuanonsit,
862 531 993 608 γοναυιῦν
1012 527 1190 610 ἀπιτρίμμσσι
1212 525 1260 588 καλ
1280 526 1448 608 ύπογραφαίς
1469 520 1638 606 συγκείμενα,

98 624 242 706 sedspeeie
255 637 331 684 tenus
341 644 398 683 esse
405 623 541 684 videatur.
550 623 589 683 Ut
599 620 670 680 enim
683 616 810 700 pulchri-
863 619 975 691 κάλλους
997 620 1046 700 μὲν
1059 619 1316 700 ἀπιστίρητσι,τὴν
1330 617 1360 678 δθ
1383 615 1505 698 αἰσγράν
1518 616 1578 696 ὄφιν
1597 617 1637 675 καλ

98 714 165 778 tudo
178 715 350 776 meretricum
363 712 432 774 lucis
444 727 471 773 et
484 711 631 795 pigmentis
645 722 810 791 comparatu,
863 713 969 787 δοσιιδῆ
984 712 1071 785 καλήν
1080 735 1110 772 τε
1121 711 1168 772 καὶ
1181 711 1268 782 εὐειδῆ
1279 700 1347 769 εἶναι
1358 718 1431 769 ποιεῖ
1442 708 1587 789 παράτοίς
1596 709 1638 768 ύπ’

99 806 300 890 pulchritudine
307 804 446 884 destituta,
457 818 565 887 turpem
576 824 608 864 ac
615 802 763 863 deformem
771 801 812 860 fa-
864 805 946 876 αὐτῆς
959 803 1159 884 ἠπατημίνοις,
1171 805 1220 863 οῦκ
1230 792 1310 863 υθσαν
1323 801 1427 874 καλήν·
1442 803 1518 861 οῦτοι
1530 799 1563 872 δὴ
1574 800 1638 861 καθθ

99 898 317 982 οἱσωριιθοίιταω
328 898 568 958 σῑίοτιιιοοοιιιεεεε
578 893 772 972 lacitillis,qui
782 913 811 952 ee
863 897 975 966 πλοῦτος
996 894 1047 970 τὴν
1069 894 1211 956 κολακείαν
1236 892 1392 972 βιαζόμενος
1406 890 1494 972 τιμὴν
1513 891 1638 952 δεικνύναι

98 989 280 1072 decipiuntur,
287 1009 350 1049 eum
359 987 475 1071 pulchra
484 1008 536 1048 non
545 987 645 1047 sittita
652 985 733 1046 etiam
741 983 814 1046 divi·
864 997 944 1050 ποιεῖ.
956 988 1004 1060 Μὴ
1017 989 1071 1069 γάρ
1088 1011 1135 1066 μοι
1147 987 1196 1055 τάς
1210 988 1237 1045 ἐν
1252 988 1291 1066 τῷ
1306 987 1415 1066 φανερῷ
1439 982 1488 1043 διδ
1504 982 1585 1066 φύῦσν
1598 983 1639 1044 καί

98 1082 143 1144 tite.
158 1083 272 1158 iaciunt,
291 1089 355 1141 cuin
371 1079 554 1140 adulationem
571 1079 669 1142 volunt
682 1077 814 1137 bonorem
864 1083 980 1142 θωπείαν
990 1079 1130 1160 γινομένας
1143 1077 1276 1159 ιῦφημίις
1288 1078 1361 1158 ίδης·
1377 1067 1461 1137 abrec
1475 1073 1531 1157 γάρ
1546 1079 1597 1137 τίει
1609 1075 1640 1136 τί

97 1173 245 1238 videriNe
253 1173 326 1233 enim
338 1185 444 1254 apertus
454 1186 481 1232 et
491 1193 525 1232 ex
536 1183 610 1256 metu
619 1167 813 1247 blanditiisque
864 1173 1011 1255 χρώματα,
1024 1173 1070 1232 καὶ
1086 1177 1114 1233 αί
1124 1169 1310 1252 ’θπογραφαθ
1322 1169 1390 1230 ἀλλά
1400 1169 1432 1229 πθ
1450 1168 1570 1229 ἑκάστου
1582 1191 1640 1228 συν-

97 1266 229 1348 prolectas
241 1265 337 1325 landes
346 1263 474 1324 intuearis
483 1287 490 1322 τ
500 1263 543 1322 bae
553 1261 626 1322 euim
635 1273 699 1321 sunt
712 1259 813 1319 colores
829 1270 849 1318 e
865 1264 932 1334 ιιδδς
940 1268 995 1325 σῦν
1005 1263 1040 1324 τθι
1050 1262 1160 1324 τοιαῦτά
1171 1271 1201 1324 σε
1213 1260 1410 1322 κολακευόντων
1421 1250 1589 1334 ἀνάπωξον,
1601 1259 1642 1318 καί

97 1371 124 1419 et
137 1357 292 1440 pigmenta3
305 1355 352 1416 sed
365 1376 468 1431 eorum,
481 1355 528 1435 qui
542 1354 579 1414 ita
592 1352 643 1413 tibi
656 1351 813 1427 adulantur,
863 1355 923 1437 δψει
936 1355 1044 1436 μυρίοις
1057 1355 1129 1414 ίνδον
1142 1353 1330 1419 καταῦοῶντάς
1341 1373 1389 1411 σου
1402 1351 1588 1434 κατηγόρους,
1600 1351 1642 1410 καί

97 1449 308 1532 uuiuscujusque
319 1447 509 1508 conscientiam
520 1444 603 1527 aperi,
615 1458 641 1504 et
653 1441 760 1505 videbis
771 1443 813 1502 in·
863 1452 916 1508 τιῦν
931 1448 1052 1527 μάλιστα
1065 1447 1167 1528 θχθρῶν
1181 1445 1228 1506 καὶ
1242 1442 1378 1523 πολεμίοιν
1393 1445 1501 1523 μάλλον
1515 1445 1642 1525 ἀποστρε-

97 1555 141 1602 tus
151 1541 271 1603 infinitos
278 1553 456 1614 accusatores,
468 1538 517 1618 qui
526 1550 619 1599 contra
629 1549 656 1595 te
665 1533 813 1596 vociteren·
864 1539 991 1620 ρομίνοος
1004 1538 1051 1600 καὶ
1066 1544 1216 1618 μισοῦντας.
1230 1538 1285 1598 Καὶ
1296 1534 1322 1596 εί
1332 1558 1399 1597 ποτε
1413 1536 1448 1597 τὸ
1459 1539 1493 1597 ἐκ
1505 1541 1555 1596 τοῦ
1566 1535 1644 1616 φθύιν

97 1648 151 1712 tur,
170 1647 249 1713 teque
268 1632 356 1712 magis
375 1645 530 1692 aversentur
548 1643 575 1689 et
592 1627 708 1701 oderint,
730 1646 813 1705 quam
863 1630 955 1692 τούτου
965 1630 1135 1713 συγκείμενον
1145 1636 1312 1713 προσωπεῖον
1324 1628 1463 1708 μεταῦολὴ
1477 1630 1644 1711 πραγμάτων

97 1724 276 1786 inimicissimi
287 1738 313 1784 et
326 1722 491 1783 infestissimi
501 1721 611 1801 quique.
624 1719 694 1779 Acci
704 1719 813 1799 qtraudu
864 1725 1010 1784 ἐπελθοῦσα
1025 1721 1162 1804 ἀφονίσετί
1174 1743 1204 1780 τι
1224 1719 1271 1780 καλ
1291 1719 1449 1800 διελίγξειι,
1462 1719 1589 1802 καθάπερ
1601 1719 1644 1788 el<

96 1817 221 1878 indutam
232 1818 284 1877 isto
297 1828 371 1876 metu
383 1816 488 1876 larvam
499 1813 689 1896 superveniens
699 1812 813 1872 mutatio
863 1815 935 1896 ἀθιις
955 1815 1056 1884 ἐκείνας
1076 1814 1151 1888 ἥλιος
1175 1812 1336 1896 θερμοτίραν
1359 1816 1459 1873 ἀκτῖνα
1481 1813 1643 1894 ἀφελς,τοά

96 1928 188 1970 rerum
196 1908 334 1969 sustulerit
340 1928 371 1967 ac
377 1905 509 1967 detexerit
517 1902 745 1985 quefflmodum
753 1905 812 1965 vul-
863 1905 920 1987 θψιι
934 1908 1023 1975 καλῶς
1039 1906 1081 1967 ὅτι
1090 1904 1166 1989 παρδ
1179 1909 1267 1973 πάντα
1282 1905 1327 1965 τθν
1340 1903 1496 1987 ἔμπροσθεν
1508 1904 1605 1985 χρόνον
1618 1908 1643 1965 lv

96 2015 141 2060 tus
155 2000 217 2061 illos
235 2000 274 2060 sol
290 1998 380 2059 missis
397 1997 482 2058 radiis
495 1996 682 2075 calidioribus,
698 2010 757 2056 tum
772 1995 812 2056 sic
863 1997 965 2079 ἐσχάτη
980 1998 1028 2078 μὲν
1039 1990 1072 2072 ἦς
1085 1993 1182 2079 ἀτιμίη
1201 1996 1277 2078 παρὰ
1292 2006 1346 2065 τοῖς
1358 1995 1557 2076 θεραπεύωσι,
1567 2001 1643 2075 τιμῆς

96 2093 168 2154 clare
179 2092 287 2153 videbis
300 2106 327 2151 te
340 2090 414 2151 omni
429 2088 561 2170 superiori
574 2104 694 2170 tempore
707 2088 736 2148 in
750 2109 810 2149 ma·
862 2089 890 2151 δθ
903 2089 1171 2170 ἐνόμιζεςάπολούσιν
1181 2089 1232 2150 oet
1242 2093 1295 2150 τῶν
1311 2089 1431 2169 μάλιστα
1443 2087 1597 2168 μισούντων
1606 2112 1642 2161 ee,

95 2185 171 2246 ximo
186 2183 270 2244 fuisse
281 2193 415 2243 contemtu
427 2180 502 2262 apud
515 2201 560 2240 eos
575 2180 622 2259 qui
638 2194 665 2240 te
675 2180 808 2260 colebant,
819 2184 908 2273 ,ωκαὶ
926 2182 1032 2265 μυρίαις
1047 2207 1077 2244 σε
1091 2181 1162 2242 recl
1185 2181 1302 2242 διάνοιαν
1322 2180 1478 2241 πλυνθνεων
1493 2180 1641 2260 λοιδορίαις,

94 2277 198 2358 tibique
216 2276 308 2340 risum
325 2297 381 2336 esse
399 2275 501 2335 bonore
520 2273 594 2334 affici
614 2272 650 2333 ab
671 2272 704 2332 iis
723 2272 770 2352 qui
784 2287 811 2333 te
827 2287 847 2334 Α
862 2275 908 2336 καὶ
933 2279 965 2335 ἀν
984 2274 1110 2356 ἐσχάταις
1131 2299 1162 2335 σε
1177 2283 1325 2355 συμφοραῖς
1348 2271 1554 2352 ἐπιθυμούντων
1574 2273 1641 2337 ἰδεῖν,

93 2367 343 2447 maximeoderant,
354 2365 522 2444 infinitisque
531 2363 605 2449 qiud
616 2364 737 2424 animum
747 2385 810 2425 oon·
861 2366 952 2447 Τιμὴν
963 2365 1015 2449 γθρ
1024 2365 1096 2427 οὐδὲν
1115 2364 1196 2433 ούτοις
1210 2365 1286 2426 εἴωθε
1299 2372 1394 2437 ποιεῖν,
1402 2367 1441 2431 ὣς
1453 2363 1541 2443 ἀρετ-λ
1549 2363 1643 2441 ,τιμὴν

95 2457 603 2544 viciisprosciudebaut‚etinextremis
612 2457 812 2521 calamimbus
862 2463 891 2518 ού
914 2458 1181 2539 κατηναγκασμένην,
1202 2456 1284 2537 τιμὴν
1307 2459 1337 2518 ού
1357 2455 1570 2535 πεπλασμίνην,
1588 2455 1642 2515 etti

1 2595 87 2626 morem
95 2553 189 2616 videre
200 2553 353 2635 eripiebant.
368 2552 506 2612 Honorem
514 2550 586 2611 enim
596 2549 665 2610 nibil
673 2544 812 2615 iuuenci·
861 2550 1021 2634 προαιιπείιρ
1045 2549 1098 2610 τινθ
1131 2553 1294 2631 φενακισμοῦ
1332 2547 1548 2630 κεκρυμμένην,
1577 2545 1642 2607 ἀλλά

17 2644 248 2721 5³t¹¹¹⁸liaresolet
256 2658 287 2704 ut
297 2643 396 2722 virtus,
407 2642 537 2704 bonorem
546 2663 601 2702 non
614 2655 747 2715 οσαεοιιιο,
763 2641 813 2702 bo-
865 2643 951 2717 ἀληθῆ
977 2643 1023 2703 καλ
1046 2641 1168 2723 γνησίαν,
1184 2642 1231 2703 καὶ
1247 2642 1360 2721 οῦδεμιφ
1384 2643 1491 2721 καιρῶν
1516 2638 1640 2719 δυσκολίρ

16 2715 54 2752 Μ’
95 2758 189 2799 norem
202 2758 255 2798 non
274 2736 380 2814 fictum,
399 2756 485 2814 οοφιιτ
500 2734 578 2796 larva
594 2734 685 2813 aliqua
700 2730 813 2794 fallacia
865 2733 1052 2818 ἷλεγχομίνην.

95 2842 208 2906 tectum,
221 2828 270 2889 sed
290 2848 386 2889 verum
406 2841 432 2886 et
446 2825 604 2907 genuinum,
621 2825 721 2905 quique
738 2825 814 2887 nulla

96 2910 248 3003 tempomm
260 2918 422 2979 difficultate
429 2918 571 2977 refutetur.

0 3066 29 3096 v„
39 3051 89 3097 ὦ,
136 3013 185 3072 tu.
208 3015 244 3071 lt
263 3009 360 3088 ulcisci
380 3008 423 3070 vis
441 3029 486 3069 eos
505 3008 554 3087 qui
573 3021 610 3067 te.
622 3007 814 3070 offuderunt?
906 3010 976 3072 Ἀλλ’
995 3009 1145 3089 ἀμύνασθαι
1173 3010 1262 3091 βούλει
1284 3009 1346 3077 τούς
1367 3008 1571 3084 λελυπηκύτοτς
1591 3007 1641 3068 Καί

25 3102 175 3164 aivi-Hanc
193 3102 282 3184 ipsam
303 3099 340 3160 ob
361 3120 470 3160 causam
488 3099 615 3176 maxime,
637 3099 813 3179 quemadmo·
866 3106 899 3164 δι’
914 3102 979 3165 etet
993 3103 1041 3183 μίν
1055 3093 1100 3164 οὗν
1120 3109 1197 3163 τοῦτο
1217 3104 1349 3182 μάλιστα,
1361 3102 1488 3183 καθάπερ
1509 3100 1595 3183 ἔφθην
1607 3104 1641 3160 τί·

5 3177 163 3285 ᾞζζθιιια
176 3208 237 3256 ente
252 3194 323 3269 diri,
333 3192 468 3274 lugiendae
480 3206 544 3252 sunt
553 3192 667 3254 divitiae.
679 3192 813 3254 Efficiunt
865 3194 933 3273 τών,
947 3195 1058 3278 ρευκσδς
1075 3199 1090 3256 θ
1106 3197 1227 3262 πλοῦτος.
1240 3195 1318 3256 llari
1333 3194 1386 3278 γάρ
1404 3201 1507 3255 σαυτοῦ
1519 3193 1554 3253 τὸ
1574 3191 1642 3273 ξίφος

2 3315 38 3346 οι.
94 3287 180 3367 enim,
194 3301 225 3346 nt
240 3306 330 3346 ensem
343 3284 373 3344 in
387 3285 502 3365 teipsum
516 3281 619 3364 adiges,
634 3298 660 3343 et
675 3283 813 3364 graviores
865 3291 941 3350 ὠθεῖν
962 3310 993 3348 σε
1016 3287 1225 3369 παρασκευάζει,
1239 3287 1285 3346 καὶ
1310 3287 1460 3368 βαρυτίριις
1481 3286 1531 3352 τάς
1555 3289 1584 3345 ἀν
1597 3288 1642 3365 τῷ

94 3380 123 3440 ir
139 3379 231 3439 futuro
249 3379 366 3438 rationes
380 3375 433 3436 tibi
447 3374 577 3454 reddunt,
590 3390 618 3436 et
630 3375 813 3438 intolerabiles
866 3381 989 3461 μίλλοντί
1002 3403 1044 3442 σοι
1053 3379 1210 3451 καθίστησιν
1222 3378 1343 3454 εὐθύνας,
1356 3379 1404 3437 καὶ
1413 3377 1566 3459 ἀφορήτους
1575 3383 1643 3436 ποιεί

93 3483 298 3555 poeoasparant.
314 3470 434 3528 Tantum
443 3488 560 3546 namque
569 3469 673 3528 malum
683 3482 721 3529 cst
731 3470 810 3547 ultio,
867 3471 916 3541 τθις
925 3472 1066 3555 τιμωρίας.
1082 3474 1214 3532 Τοσοῦτον
1226 3470 1369 3552 γδρκακδν
1380 3468 1642 3548 odolmannus

93 3578 124 3625 ος
141 3564 222 3625 etiam
238 3561 290 3622 Dei
307 3559 500 3641 benignitatem
517 3559 692 3637 revocaverit,
710 3574 739 3620 et
752 3563 811 3643 jam
828 3581 846 3628 Β
863 3566 910 3627 καὶ
924 3570 995 3628 Θεοῦ
1020 3563 1217 3646 φιλανθρωπίαν
1239 3563 1434 3636 ἀνικαλίσατο,
1453 3561 1501 3623 καλ
1524 3563 1641 3621 δοθεῖσαι

92 3656 186 3718 delam
194 3653 364 3716 infinitorum
375 3665 547 3734 peccatorum
555 3653 663 3713 veniam
672 3653 764 3714 lecerit
773 3655 810 3714 ir·
862 3661 914 3733 ἤδη
924 3657 1125 3740 ἁμαρτημάτων
1136 3654 1252 3738 ἀπείρων
1267 3653 1436 3736 συγχώρησιν
1444 3652 1599 3734 ἠκύρωσεν.
1609 3650 1642 3712 Ὁ

22 3809 29 3824 ,
45 3778 83 3830 ηρ,
92 3750 183 3811 eitam
197 3749 268 3808 Nam
281 3746 330 3827 qui
343 3744 431 3807 decies
443 3744 520 3805 mille
533 3744 694 3805 talentorum
708 3744 810 3807 condo-
862 3749 1033 3833 γλρμυρίοιν
1049 3746 1140 3808 λαθών
1163 3746 1301 3806 ταλάντων
1322 3746 1371 3819 τὴν
1386 3746 1497 3827 ἀφεσιν,
1515 3744 1566 3805 καλ
1591 3742 1642 3805 ἀπὸ

92 3841 233 3902 nationem
246 3838 372 3918 adeptus,
391 3837 502 3914 solaque
514 3836 690 3897 obtestatione
706 3849 810 3898 tantam
861 3846 941 3924 ψιλῆς
968 3838 1163 3925 παρακλήσεως
1194 3838 1324 3913 τοσαύτης
1348 3837 1503 3905 ἀπολαύσας
1525 3837 1641 3919 δυριδς,

90 3931 206 4013 gratiam
222 3941 403 4006 consequutus
415 3928 514 4003 luerat,
529 3948 592 3986 cum
603 3942 712 3987 centum
726 3928 809 3990 dene·
861 3932 954 4008 ἐπειδὴ
965 3931 1060 3993 θκστθν
1073 3928 1204 4012 δηναρίων
1216 3928 1361 4002 ἀπαίτησιν
1375 3932 1491 3990 θπσιεῑτο
1508 3925 1641 4008 παρδτσῦ

90 4023 146 4084 rios
160 4024 280 4102 exigeret
296 4039 312 4078 a
329 4038 467 4092 conservo,
481 4016 533 4076 boc
550 4032 600 4097 est,
616 4039 678 4078 cum
694 4019 807 4080 delicto·
861 4025 1001 4088 ιπινδούλου
1009 4071 1019 4101 ,
1031 4028 1101 4086 τοῦτ’
1116 4022 1198 4097 ueto,
1208 4021 1302 4095 ἀπειδὴ
1321 4026 1375 4082 τῶν
1393 4023 1431 4088 είς
1452 4021 1533 4081 αύτδν
1549 4022 1639 4098 πλημ-

91 4137 154 4179 nrm
166 4113 295 4175 adversm
308 4132 336 4171 se
351 4109 531 4169 admissorum
545 4130 637 4190 poenas
650 4124 806 4192 reposceret,
862 4116 1023 4196 μιλημάτων
1040 4113 1139 4196 ἀπῄτει
1158 4113 1247 4189 δίκας,
1260 4117 1335 4193 ἀντῇ
1357 4111 1419 4194 περὶ
1432 4110 1479 4170 τὸν
1494 4111 1640 4190 ὁμόδουλον

91 4207 194 4272 sevitia
214 4225 278 4284 erga
295 4221 456 4263 muservum
468 4221 550 4261 suum
563 4201 680 4283 seipsum
694 4202 807 4265 damna·
859 4208 1018 4291 σφοδρότητι
1039 4209 1100 4268 καθ’
1121 4209 1215 4267 ἑαυτοῦ
1228 4205 1276 4279 τὴν
1287 4204 1433 4276 καταδίκην
1443 4201 1586 4282 ίξήνιγκε·
1597 4202 1639 4262 καὶ

90 4303 148 4378 vit;
166 4317 253 4377 neque
265 4314 330 4356 vero
345 4293 430 4353 ullam
446 4292 529 4352 aliam
541 4293 594 4353 nisi
612 4293 682 4354 bane
697 4296 733 4356 ob
749 4318 806 4359 rem
859 4301 894 4360 δι’
907 4301 996 4382 ίτιρον
1011 4299 1059 4379 μὲν
1074 4297 1212 4374 ceolnod
1223 4303 1300 4358 τοῦτο
1318 4296 1347 4358 δὲ
1364 4295 1442 4376 μόνον
1461 4295 1579 4363 καὶτοῖς
1592 4299 1638 4374 βα·

90 4388 239 4454 tortordtus
252 4382 377 4463 traditus,
390 4398 417 4444 et
429 4384 575 4460 cruciatus,
591 4400 618 4446 et
629 4386 718 4448 decies
732 4389 808 4450 mille
858 4400 996 4462 σανιστσῖς
1017 4391 1191 4475 παρεδίδοτο,
1205 4388 1253 4450 κοιλ
1266 4389 1457 4470 ἀστριῦλοῦτο,
1470 4386 1519 4447 καὶ
1543 4386 1580 4447 τά
1591 4384 1638 4465 μύ

91 4482 188 4543 talenta
209 4478 321 4540 reddere
335 4479 428 4559 jussus
447 4491 488 4537 est
508 4479 638 4539 :nullum
655 4480 742 4541 veuiae
760 4497 808 4543 eut
861 4508 904 4565 ρια
920 4484 1040 4545 τάλαντα
1053 4486 1223 4543 ἀπαιτεῖσθαι
1238 4478 1392 4540 ἐκελεύετο·
1415 4476 1462 4538 καὶ
1477 4477 1637 4558 συγγνώμης

90 4570 270 4635 exorsetionis
290 4570 382 4630 locum
401 4567 514 4646 invenit,
534 4568 581 4630 sod
603 4570 806 4634 acerbissimum
858 4579 997 4656 οὐδεμιᾶς,
1012 4574 1072 4637 nott
1094 4572 1238 4653 ἀπολογίας
1259 4571 1412 4646 ἀπθλαυιν,
1426 4570 1497 4633 ἀλλά
1521 4570 1558 4631 τδ
1573 4569 1635 4641 dni·

89 4663 254 4748 supplicium
269 4683 411 4745 perpessus
426 4675 476 4733 est,
491 4661 582 4742 jussis
601 4675 688 4722 totum
703 4665 807 4744 solvere
823 4677 841 4726 c
858 4692 940 4730 κεστα
953 4667 1070 4748 lucere,
1080 4665 1229 4732 κελευσθεὶς
1242 4665 1313 4723 άπαν
1324 4667 1481 4722 καταθεῖναι
1494 4663 1526 4723 πθ
1538 4660 1634 4742 χρίος,

89 4755 221 4830 debitum,
236 4753 310 4833 quod
327 4752 492 4834 praeveniens
507 4753 557 4813 Dei
572 4753 725 4836 benignitas
738 4777 804 4818 con·
857 4759 871 4820 δ
886 4760 1056 4841 τρολοῦοῦσιι
1069 4764 1087 4831 ἡ
1102 4763 1149 4818 τοῦ
1168 4759 1238 4818 Θεοῦ
1255 4753 1440 4836 φιλανθρωπία
1453 4752 1634 4835 συνεχώρησε.

88 4847 244 4908 donaverat.
262 4847 439 4925 Proptereaue
457 4843 542 4924 igitur
559 4844 720 4908 divitiarum
737 4849 804 4910 adeo
857 4851 910 4912 Διά
925 4843 1071 4925 τοῦτοούν,
1086 4849 1143 4910 είπί
1160 4871 1224 4927 μοι,
1238 4852 1253 4906 θ
1266 4845 1378 4913 πλοῦτός
1400 4868 1443 4906 σοι
1455 4844 1635 4927 περισπούδα-

88 4937 203 5021 cupidus
221 4958 260 5015 es,
277 4934 351 5018 quod
369 4948 396 4995 te
410 4935 489 4996 facile
506 4935 541 4997 ad
559 4937 692 5018 ejusmodi
707 4961 804 5022 pecca-
856 4967 933 5018 στος,
953 4943 994 5005 δτι
1016 4967 1047 5004 σε
1065 4945 1103 5010 τίς
1124 4941 1249 5012 τοιαύτην
1273 4937 1407 5020 ἁμαρτίαν
1431 4941 1491 5016 μετ’
1512 4935 1633 5002 εὐκολίας

86 5046 142 5092 tum
157 5028 420 5112 perducuotiltqui
433 5029 468 5088 ob
479 5027 506 5087 id
520 5050 556 5088 eae
568 5031 802 5110 tamquaminirni-
855 5035 956 5116 ἀξάγει;
969 5035 1024 5101 Καὶ
1036 5033 1088 5112 μὴν
1105 5032 1149 5094 διά
1158 5038 1234 5094 τοῦτο
1248 5032 1326 5092 σύτδν
1341 5034 1377 5098 ὡς
1391 5029 1485 5111 ἐχθρὸν
1496 5027 1633 5091 autmut-

118 5207 129 5232 ·
147 5186 270 5242 δύσκολοι
283 5187 334 5239 duo
346 5188 403 5239 uss.
418 5193 558 5260 ὑπογραφαὶ,
571 5188 648 5242 savit.
662 5202 687 5241 et
701 5207 765 5243 uotis
776 5201 909 5266 ι’κιγρκρκὶ,
