3764 5992
725 450 759 496 ru
786 449 983 500 rnrucrrruu
1007 448 1179 502 auronum.
1448 475 1452 482 ·
1666 434 1713 529 59

161 569 323 652 quibusdam
330 570 486 652 praemissis
495 570 567 631 circa
579 571 784 652 inscriptionem
793 572 859 632 libri
872 574 1001 632 Actorum
1000 595 1083 654 ,que
1092 575 1128 635 ad
1138 597 1252 657 presens
1265 577 1419 638 institutum
1429 579 1552 660 apprime
1565 579 1711 658 quadrant,

162 667 197 726 ‹le
215 666 295 746 hujus
315 677 432 722 auctore
451 661 560 742 egregie
578 662 731 740 disseritur,
743 663 884 722 etLucam
901 685 958 724 esse
971 667 1112 745 probatur.
1128 668 1185 728 llic
1197 689 1261 730 veru
1273 671 1498 752 chrysostomum
1515 690 1649 750 agnuse03
1666 692 1715 731 nce

163 757 254 816 dubita
265 755 336 835 quin
346 769 408 814 tam
418 776 451 814 ea
462 775 523 833 qun
539 753 593 812 de
584 753 760 834 suscriptione
772 759 914 831 Actorum,
932 776 1014 833 quam
1027 778 1057 817 ea
1068 779 1127 851 que
1137 759 1173 819 de
1181 753 1263 842 hujus
1272 761 1338 821 libri
1351 776 1460 822 auctore
1470 762 1601 839 feramur,
1611 763 1715 822 adeam

164 849 300 908 homiliam
318 847 488 927 pertineant,
501 865 584 924 quam
605 858 638 904 ut
660 844 806 905 secundam
821 846 856 905 ab
876 867 905 905 sc
917 844 1019 907 dictam
1032 849 1079 908 hin
1097 858 1232 912 memorat
1245 853 1463 933 chrysostomus.
1481 853 1552 912 Hine
1572 854 1712 932 quaeritur,

164 941 288 1019 quietim
310 938 521 998 Resurrectione
538 936 576 996 ad
598 939 786 997 Ascensionem
806 958 892 1018 usque
918 937 1051 998 Dominus
1065 940 1188 1001 Christus
1210 943 1390 1024 apparuerit;
1381 943 1476 1003 ·hanc
1488 965 1595 1024 quoque
1610 957 1715 1025 partem

166 1030 350 1112 chrysostomi
373 1051 434 1089 esse
462 1043 550 1110 puto·
543 1072 550 1085 .
563 1029 668 1108 reliqua
683 1050 748 1091 vero
760 1030 862 1107 omnia,
877 1050 937 1108 quae
950 1028 978 1087 in
990 1028 1042 1089 hac
1054 1031 1211 1112 longissima
1225 1033 1339 1094 homilia
1351 1035 1493 1111 habentur,
1507 1049 1554 1095 aut
1568 1037 1657 1116 inepta
1669 1049 1716 1094 aut

168 1126 358 1205 {hrqsustomu
371 1121 487 1200 indigna
502 1134 574 1180 sunt.
589 1122 682 1199 ltaque
693 1121 765 1182 male
779 1134 886 1180 auctam
896 1134 924 1179 et
935 1120 1146 1182 consarcinatam
1161 1123 1318 1199 homiliam,
1328 1125 1378 1184 etsi
1393 1125 1518 1205 quedam
1532 1127 1629 1206 γνήσια
1641 1139 1669 1184 et
1681 1125 1718 1184 ad

170 1237 277 1298 pitseus
290 1227 489 1294 argumentum
500 1212 663 1292 pertinentia
677 1211 784 1289 habeat,
798 1233 861 1272 cum
872 1211 982 1271 sinueris
995 1211 1144 1273 admiscere
1157 1234 1210 1273 nun
1222 1215 1282 1274 ausi
1292 1235 1387 1274 sumus
1394 1238 1405 1294 3
1422 1216 1478 1282 sud¹
1487 1216 1524 1276 ad
1539 1217 1622 1276 smem
1634 1217 1718 1297 hujus

171 1308 228 1368 tomi
236 1304 441 1386 ablegavimus.
458 1303 661 1382 Tertiaquam,
676 1304 760 1362 altera
773 1303 810 1363 ad
825 1304 925 1362 calcem
937 1302 1044 1383 rejecta,
1058 1302 1203 1364 secundam
1213 1305 1349 1386 ponimus,
1365 1327 1396 1365 ea
1409 1321 1450 1366 est
1462 1307 1490 1366 in
1507 1328 1561 1385 qua
1574 1307 1609 1367 de
1621 1308 1719 1367 inscri-

173 1400 254 1480 ptime
264 1402 401 1457 actorum
413 1396 518 1475 agitur,
534 1415 585 1454 nec
596 1415 650 1455 non
661 1394 697 1455 de
705 1394 857 1455 differentia
870 1395 941 1454 inter
954 1393 1116 1454 miraculum
1125 1409 1151 1455 et
1163 1410 1265 1469 actum,
1281 1410 1331 1458 etc.
1339 1397 1455 1468 Quarta,
1472 1419 1558 1475 quam
1571 1419 1653 1478 supra
1666 1420 1720 1457 rne-

173 1503 267 1549 norata
287 1488 325 1547 de
338 1508 421 1547 cansa
443 1485 552 1545 tertiam
573 1486 755 1562 inscribimus,
767 1508 800 1546 ea
813 1500 853 1547 est
866 1484 972 1565 quade
985 1485 1107 1545 utilitate
1121 1486 1243 1547 lectionis
1265 1487 1469 1568 scripturarum
1481 1489 1548 1567 agit,
1560 1503 1586 1547 ct
1599 1502 1629 1548 ut
1646 1489 1721 1548 tituli

177 1583 305 1642 Actuum
315 1579 534 1660 Apostolorum
555 1592 719 1659 postremam
739 1599 835 1639 vocem
845 1577 977 1658 explicet,
988 1575 1122 1656 perquirit
1145 1577 1215 1657 quid
1237 1578 1371 1658 significet
1387 1580 1509 1660 Apostoli
1528 1601 1634 1641 nomen.
1649 1582 1722 1642 lluic

174 1689 291 1751 quartam
322 1669 520 1750 subjungimus
540 1690 601 1727 eam
618 1669 645 1728 in
665 1691 718 1748 qua
739 1669 838 1748 quaerit
858 1689 909 1728 cur
927 1670 994 1727 Acta
1009 1669 1202 1749 Apostolorum
1219 1670 1247 1729 in
1267 1673 1421 1730 Pentecoste
1435 1671 1559 1751 legantur
1571 1695 1578 1728 ι
1592 1693 1654 1752 qua
1666 1694 1723 1732 sese

175 1764 259 1844 prodit
272 1763 338 1821 aliis
350 1758 566 1821 subnectendum
578 1779 650 1819 esse:
668 1762 768 1820 etenim
781 1761 809 1820 in
824 1781 856 1820 ea
869 1760 907 1820 ita
919 1759 1039 1840 legitur:
1053 1762 1128 1820 Diei
1143 1774 1204 1821 turn
1217 1766 1365 1841 temporis,
1381 1783 1401 1821 a
1420 1783 1478 1844 quo
1491 1768 1618 1844 scriptus
1626 1766 1724 1845 suerit

175 1857 240 1915 liber
259 1854 423 1922 Actorum,
438 1864 469 1910 et
488 1859 554 1932 quis
570 1855 664 1930 operis
683 1855 768 1912 istius
783 1853 1007 1934 auetorsuerit‚·
1022 1855 1168 1912 imovero
1184 1874 1241 1912 non
1256 1857 1323 1934 quis
1340 1866 1445 1913 οιιιιον
1462 1859 1567 1935 operis,
1586 1857 1638 1915 sed
1654 1860 1721 1937 quis

177 1951 309 2005 minister.
320 1946 395 2003 Non
416 1947 495 2002 enirn
511 1943 565 2001 ille
578 1962 644 2022 quar
656 1943 739 2002 dicta
754 1956 824 2002 sunt
835 1943 985 2023 produxit,
1001 1943 1053 2002 sed
1063 1947 1110 2015 iis,
1127 1964 1192 2024 quae
1205 1946 1286 2004 dicta
1299 1957 1379 2022 sunt,
1394 1949 1586 2005 ministravit.
1599 1949 1674 2006 Diui
1687 1950 1724 2007 de

178 2038 254 2096 Actis
271 2040 364 2115 ipsis,
378 2047 410 2093 et
431 2035 505 2114 quid
519 2034 640 2092 tandem
658 2036 714 2092 sibi
729 2035 803 2093 uelit
819 2053 925 2093 nomen
938 2034 1017 2092 illud
1031 2032 1177 2095 Actorum
1192 2059 1200 2092 .·
1214 2037 1277 2095 diet
1296 2039 1386 2095 etiam
1399 2037 1436 2095 de
1448 2036 1660 2118 Apostolorum
1674 2060 1725 2119 ap·

178 2129 330 2208 pellatiune
346 2151 354 2184 ι
367 2130 435 2206 jam
450 2144 567 2185 neeesse
582 2136 625 2184 est
639 2125 783 2200 dicamrts,
797 2146 858 2206 qua
875 2127 912 2184 de
925 2145 1019 2188 causa
1035 2131 1192 2189 statuerint
1214 2141 1314 2208 patres
1330 2131 1432 2202 nostri,
1449 2142 1481 2189 ut
1494 2129 1569 2188 liber
1581 2128 1726 2189 Actorum

181 2226 206 2278 in
214 2223 393 2279 Pentecoste
404 2218 559 2298 legeretur.

210 2313 301 2390 ltaque
307 2310 374 2368 luce
391 2308 494 2368 elarius
513 2323 554 2368 est
568 2308 619 2368 bas
636 2308 759 2368 continue
769 2354 778 2384 ,
789 2307 897 2369 modico
915 2307 987 2369 inter
998 2309 1121 2390 singulas
1135 2311 1440 2394 interpositotempore,
1460 2310 1569 2373 habitas
1582 2313 1666 2374 luisse
1677 2332 1687 2371 ι
1697 2327 1725 2373 ιι

180 2402 278 2481 quida·
291 2422 349 2461 non
361 2400 413 2460 diu
425 2413 485 2481 pust
493 2398 651 2460 Paschalem
662 2399 858 2478 solennitatem,
869 2412 900 2460 ut
910 2421 947 2460 eu
960 2399 1004 2476 iis,
1018 2423 1077 2480 quae
1087 2402 1123 2463 de
1136 2424 1222 2485 nuper
1236 2403 1396 2462 illuminatis
1410 2402 1481 2462 circa
1496 2403 1579 2463 linem
1592 2405 1688 2486 primae
1700 2417 1728 2463 et

182 2495 254 2553 ude
264 2493 390 2554 homiliae
397 2491 542 2566 dicuntur,
552 2491 687 2571 arguitur.
701 2492 802 2550 Praeter
811 2491 882 2550 hanc
894 2511 961 2552 retu
969 2492 1109 2553 Pascbatis
1120 2515 1208 2575 nuper
1220 2492 1304 2573 elapsi
1317 2505 1420 2564 notam,
1433 2493 1546 2553 alteram
1557 2495 1679 2554 eruimus
1692 2515 1729 2554 ex

183 2586 320 2646 hisverbis
338 2585 465 2644 homiliae
478 2586 503 2660 I,
518 2588 640 2644 numu:
654 2585 725 2643 Non
738 2597 808 2644 sunt
829 2587 920 2663 igitur
929 2585 1042 2644 malum
1067 2587 1190 2665 diuitiae,
1206 2586 1258 2646 sed
1277 2586 1452 2666 illegitimus
1472 2606 1576 2645 earum
1598 2606 1667 2646 usus
1685 2599 1729 2646 est

183 2679 301 2738 natum
315 2691 346 2736 et
363 2680 445 2737 sieut
457 2696 552 2754 rutper
565 2676 604 2734 de
617 2677 757 2735 ebrietate
776 2677 871 2734 uerba
882 2677 1011 2754 faciens,
1030 2698 1090 2737 non
1107 2682 1213 2738 uinum
1226 2680 1416 2746 accusabam,
1435 2680 1540 2757 quippe
1554 2698 1619 2737 eum
1634 2683 1729 2738 omnis

184 2783 311 2829 aratura
324 2771 390 2828 Dei
405 2771 486 2826 bona
503 2770 553 2840 sit,
567 2787 633 2847 que
646 2787 713 2826 eum
721 2770 890 2847 gratiarum
901 2765 1019 2828 actione
1029 2773 1201 2850 percipitur5
1214 2768 1267 2829 sed
1283 2769 1394 2827 malurn
1408 2789 1503 2840 usurn,
1519 2782 1569 2830 etc.
1583 2771 1635 2829 Hic
1648 2791 1729 2852 porro

183 2876 301 2921 annotare
320 2881 440 2942 prorsus
462 2856 575 2920 videtur
588 2858 736 2918 Homiliam
754 2871 848 2918 contra
859 2857 990 2919 Ebriosus
1007 2873 1033 2919 et
1052 2859 1087 2919 de
1097 2861 1315 2938 Resurrectione,
1331 2880 1413 2938 quam
1429 2861 1463 2918 T.
1475 2863 1494 2919 2
1508 2859 1663 2921 edidimus:
1681 2863 1729 2923 ubi

183 2970 260 3014 uantra
274 2954 446 3014 temulentos
457 2951 544 3011 multa
557 2951 701 3024 disserens,
717 2951 777 3011 bec
788 2951 858 3011 iuter
872 2950 925 3010 alia
935 2950 1004 3012 dicit
1014 2974 1022 3008 ι
1031 2951 1246 3012 Aestimemus
1257 2954 1296 3011 ab
1305 2953 1446 3010 ebrietate
1457 2973 1466 3006 .·
1481 2971 1542 3009 nan
1554 2954 1631 3026 dico,
1644 2952 1678 3013 A
1679 2957 1730 3013 bs-

184 3052 320 3106 u'neamns
334 3067 357 3104 a
372 3047 461 3121 uino,
483 3044 547 3119 sed,
562 3041 613 3102 Ab
635 3046 774 3102 ebrietate
787 3043 995 3104 abstinemus.
1009 3045 1079 3104 Νοιι
1090 3048 1198 3104 vinum
1210 3043 1307 3124 efficit
1319 3045 1490 3101 ebrietatem
1503 3067 1512 3100 .·
1527 3056 1570 3103 est
1584 3049 1661 3104 enirn
1673 3047 1731 3105 Dei
1767 3083 1769 3086 >

183 3152 333 3199 mma.-
346 3139 410 3196 Dei
419 3157 508 3216 porro
519 3147 658 3194 malma
668 3136 747 3194 nteit
754 3135 850 3217 efficit
861 3135 946 3207 mali,
961 3136 1015 3195 sed
1022 3136 1165 3195 uoluntas
1174 3135 1309 3215 maligna
1324 3129 1418 3215 respicit
1429 3137 1610 3209 ebrietatem,
1623 3150 1675 3197 cte.
1686 3137 1732 3198 Es

183 3229 218 3290 lis
230 3250 315 3311 porro
332 3227 430 3289 verbis
442 3227 568 3306 arguitur
584 3226 727 3286 homiliam
739 3227 826 3304 illam,
841 3248 901 3305 quae
921 3240 952 3286 ut
969 3247 1057 3308 nuper
1068 3226 1161 3286 habita
1174 3238 1338 3286 memoratur
1350 3224 1378 3283 in
1391 3223 1443 3283 hac
1456 3226 1545 3305 prima
1564 3227 1691 3287 concione
1703 3228 1732 3288 in

184 3328 304 3383 luorum
319 3320 446 3398 initium,
460 3341 521 3380 eam
541 3319 629 3400 ipsam
641 3341 709 3392 esse,
724 3341 786 3398 que
797 3332 891 3380 coutm
913 3317 1042 3378 Ebriosus
1063 3317 1091 3377 in
1111 3317 1156 3376 die
1177 3314 1390 3377 Resurrectionis
1409 3314 1483 3376 dicta
1497 3317 1558 3394 luit,
1572 3330 1654 3397 atque
1666 3317 1733 3378 adeo

184 3413 245 3473 hane
256 3413 383 3495 primam
397 3410 494 3492 paucis
507 3423 568 3491 post
579 3410 681 3471 Pascha
698 3410 797 3471 diebus
809 3409 931 3470 habitam
946 3410 1038 3471 luisse.
1054 3408 1178 3491 ldipsum
1192 3429 1258 3469 vero
1279 3408 1410 3489 probatur
1431 3408 1513 3467 etiam
1525 3429 1559 3468 ex
1574 3409 1629 3469 alio
1650 3410 1733 3491 hujus

185 3504 294 3564 homilias
314 3503 392 3576 Ιοοο,
415 3503 534 3577 numb,
546 3501 596 3560 ubi
612 3500 715 3563 dicitur
728 3525 734 3559 ι
749 3503 950 3582 Superioribus
961 3503 1042 3584 apud
1062 3522 1117 3562 uos
1140 3503 1243 3561 diebus
1268 3502 1305 3559 de
1323 3499 1492 3580 apostolicis
1511 3501 1621 3575 verbis,
1642 3503 1736 3579 deque

185 3595 358 3676 evangelicis
374 3594 580 3670 disseruimus,
597 3614 665 3652 cum
684 3595 722 3653 de
740 3595 823 3654 Juda
843 3596 1135 3696 uerbasaeenemus.
1131 3616 1138 3630 ·
1152 3595 1341 3652 disseruimus
1362 3602 1391 3649 et
1413 3592 1451 3648 de
1468 3592 1663 3669 propheticis,
1680 3594 1736 3650 bo·

186 3689 280 3746 diurno
296 3688 350 3745 dte
366 3684 509 3743 commus
520 3685 780 3764 deApostolorum
795 3685 892 3761 Actis,
904 3698 955 3744 etc.
970 3683 1022 3743 llic
1032 3684 1142 3743 omnino
1154 3682 1263 3741 videtur
1273 3701 1318 3760 agr
1310 3680 1365 3739 de
1378 3680 1521 3739 Homilia'
1513 3702 1541 3740 m
1554 3680 1662 3759 ludam,
1675 3704 1737 3762 quae

186 3777 270 3837 habita
283 3777 341 3836 luit
354 3775 426 3835 feria
440 3773 507 3835 Vm
521 3775 604 3835 Goena
617 3776 739 3849 Domini,
754 3775 802 3835 ubi
812 3775 850 3835 de
862 3775 1017 3857 apostolicis
1031 3775 1105 3835 etde
1120 3772 1285 3856 pmpbeticis
1298 3772 1390 3831 verbis
1401 3771 1536 3831 edisserit.
1554 3772 1641 3853 llujus
1655 3795 1737 3855 porro

186 3869 297 3930 humiliar
309 3866 456 3948 duplicem
465 3878 573 3925 textum
586 3851 722 3925 edidimus
725 3867 812 3945 ,quia
824 3888 887 3927 cum
902 3867 1021 3949 priorem
1032 3865 1069 3926 de
1080 3866 1163 3942 luda,
1178 3864 1257 3945 cujus
1270 3863 1380 3922 initium
1401 3876 1442 3924 est
1444 3863 1545 3943 ,ὀλίγα
1558 3865 1659 3945 ἀνάγκη
1682 3865 1735 3939 σή-
1719 3883 1770 3924 -ιι

185 3985 268 4074 peppo,
281 3959 397 4037 aliquot
408 3969 472 4017 aute
486 3956 566 4016 annis
578 3956 718 4017 habuisset
730 3959 919 4038 posteriorem,
933 3979 993 4037 quae
1006 3958 1045 4018 sic
1058 3911 1288 4036 intentionum,
1301 3954 1452 4035 ἀγαπητοὶ,
1465 3959 1513 4027 τῆς
1526 3956 1596 4015 κατὰ
1612 3956 1657 4016 τὸν
1680 3981 1736 4017 πα-

187 4055 324 4135 aprime,
340 4049 481 4125 undem,
489 4070 573 4128 quam
583 4049 712 4130 priorem,
723 4048 771 4110 aed
781 4064 964 4129 reuacuum,
975 4064 1001 4109 et
1008 4050 1129 4129 aliquot
1121 4071 1149 4109 m
1159 4048 1226 4108 locis
1235 4060 1344 4107 auctam
1353 4045 1464 4105 eadem
1456 4067 1515 4127 ipsa
1525 4047 1739 4129 Quadragesima

188 4144 289 4222 habuit,
318 4163 381 4222 qua
395 4138 530 4201 Homilias
544 4140 572 4199 in
585 4140 724 4201 Genesim.
738 4141 814 4202 Hanc
828 4142 901 4201 enim
920 4155 981 4223 post
998 4141 1165 4221 trigesimam
1185 4137 1330 4199 secundam
1345 4137 1374 4196 in
1389 4137 1515 4198 Genesim
1526 4138 1677 4218 homiliam,
1691 4141 1737 4199 in·

190 4236 307 4295 temisso
327 4231 465 4293 videlieet
478 4230 662 4290 Homiliarum
675 4231 703 4291 in
713 4232 845 4293 Genesim
862 4253 956 4310 cursu,
977 4234 1126 4293 Antiochiae
1145 4231 1252 4306 habuit,
1264 4243 1294 4288 ut
1315 4229 1344 4287 in
1358 4229 1463 4289 blunito
1485 4229 1522 4290 ad
1536 4230 1683 4290 Homiliam
1701 4231 1737 4290 de

191 4327 328 4388 Pruditore
344 4323 422 4388 tum
435 4322 571 4400 diximus,
592 4337 675 4402 atque
689 4323 759 4383 inlra
772 4323 895 4384 dicemus
908 4325 937 4383 in
952 4326 1113 4386 Praelatione
1130 4322 1168 4382 ad
1180 4321 1314 4382 Homilias
1325 4320 1352 4380 in
1367 4321 1505 4381 Genesim.
1518 4322 1629 4381 Certum
1650 4322 1740 4402 itaque

192 4435 227 4480 est
242 4421 293 4481 has
313 4420 343 4480 in
358 4416 530 4500 principium
542 4420 672 4477 buturum
684 4416 812 4476 homilias
824 4415 919 4476 eodem
934 4437 1004 4476 anno
1019 4416 1127 4475 habitas
1142 4435 1208 4488 esse,
1226 4434 1281 4492 quo
1292 4412 1411 4472 Humilia
1425 4412 1473 4471 illa
1490 4412 1519 4471 in
1538 4411 1648 4487 ludam,
1662 4416 1740 4495 eujus

194 4502 309 4584 initiirm,
326 4509 490 4589 ἕόοιιλόμην,
504 4508 648 4589 ἀγαπητοί,
660 4522 687 4569 et
703 4508 823 4569 Humilia
838 4522 931 4569 contra
944 4507 1074 4568 Ebriosus
1087 4518 1113 4565 et
1126 4505 1159 4565 de
1168 4503 1386 4582 Resurrectione,
1398 4503 1544 4585 paucisque
1557 4516 1619 4584 post
1632 4517 1739 4564 utram-
1754 4511 1758 4517 '

254 4603 363 4664 diebus.

198 4625 308 4756 ιιιιῖἰιιιιι
325 4715 410 4797 porro
428 4691 575 4752 ordinem
567 4711 625 4772 ipse
638 4691 849 4773 Chrysostomus
862 4691 957 4752 statuit
982 4690 1083 4750 llomil.
1096 4689 1157 4751 bb
1148 4709 1177 4747 m
1195 4687 1333 4765 Genesim,
1350 4687 1398 4745 ubi
1412 4685 1544 4746 rationem
1562 4684 1677 4745 reddens
1691 4708 1740 4747 cur
1857 4736 1863 4751 .

196 4785 396 4848 llumiliarurn
387 4807 416 4846 m
432 4784 573 4858 Genesim,
588 4805 655 4863 quas
668 4807 717 4865 per
732 4798 816 4844 tutam
829 4773 1072 4864 Quadiagesimam
1091 4781 1231 4855 habuerat,
1251 4799 1358 4839 cursum
1375 4777 1552 4857 interceperit,
1567 4778 1626 4836 haec
1641 4777 1741 4838 habet:

200 4883 297 4940 biensa
314 4891 417 4938 autem
438 4879 525 4936 vobis
543 4877 736 4955 proponenda
751 4888 815 4935 erat
830 4880 893 4936 suis
912 4896 1043 4958 congrua
1056 4875 1243 4953 temporibus.
1257 4871 1300 4929 Et
1319 4871 1428 4928 idcirco
1447 4870 1567 4948 quando
1584 4873 1668 4928 uenit
1681 4872 1743 4930 dies

204 4974 377 5031 Traditionis
390 4982 420 5029 et
434 4971 604 5040 Passionis,
623 4972 766 5027 continua
789 4969 988 5029 docendorum
1007 4970 1081 5027 serie
1094 4976 1216 5041 resecta,
1230 4963 1421 5043 presentibus
1443 4980 1509 5040 qua
1525 4962 1668 5041 urgebant
1690 4983 1743 5021 nos

205 5065 461 5134 accommodantes,
486 5063 618 5140 primum
635 5063 668 5118 in
684 5061 870 5120 Proditorem
892 5062 1025 5142 linguam
1039 5059 1223 5118 mactmus:
1235 5053 1342 5111 deinde
1357 5053 1393 5109 de
1406 5052 1612 5133 Crucealiqua
1631 5057 1663 5110 in
1680 5075 1742 5113 me·

206 5155 277 5215 dirue
287 5156 474 5236 protulimus.
486 5155 609 5224 Postea,
621 5152 808 5212 illucescente
818 5154 1048 5212 Resurrectianis
1064 5151 1113 5209 die
1129 5148 1323 5207 necessarium
1338 5155 1412 5215 eret,
1430 5155 1461 5202 ut
1475 5144 1512 5201 de
1524 5145 1745 5204 Resurrectione

210 5248 317 5311 Domini
329 5251 489 5309 caritatem
499 5256 636 5305 vestram
651 5243 819 5306 doceremus
831 5258 879 5306 :et
890 5247 1076 5325 sequentibus
1090 5244 1202 5314 diebus,
1215 5259 1269 5319 per
1279 5258 1315 5298 ea
1325 5236 1480 5312 miracula,
1498 5257 1565 5315 qun
1579 5248 1649 5349 turpe
1661 5238 1746 5314 facta

826 5350 831 5360 '
1616 5339 1644 5375 J·
