3764 5992
307 432 340 483 ro
369 432 487 501 naun,
514 432 547 480 rs
576 426 703 477 racmn
729 424 837 478 norro
861 427 1005 481 enarrat.
1370 416 1444 515 439

146 590 180 629 τε
199 566 318 649 μα’λεατα
333 566 442 629 πάντων
458 564 604 647 ἀνύρύπων
620 569 678 624 τοῦ·
728 558 884 641 deberetur,
895 582 1012 642 eumque
1021 582 1078 645 pra
1090 562 1194 625 catoris
1205 562 1332 627 omnibus
1341 566 1446 629 colebat

154 652 200 737 ἥν,
212 660 282 722 odeo
304 661 368 742 περὶ
387 658 464 721 αὐτὸν
481 656 602 720 διίαειτυ.
625 655 679 716 Καὶ
727 652 896 729 hominibus,
908 669 933 715 et
944 654 1211 736 otdignuserat,ita
1221 658 1446 739 ergailfumafl'e·

146 759 196 815 λον.
208 752 245 815 Ἦ
259 752 401 834 οίαυυμίνη
417 761 493 811 πᾶσα
513 749 579 832 πρὸς
599 749 676 808 αὐτὸν
727 765 861 815 ctuserat.
871 755 959 834 Atque
969 752 1259 817 hocindeconstat.1n
1273 755 1445 819 illumtotius

146 845 239 916 νντίδες
258 849 313 907 τῶν
328 850 467 924 πανταχοῦ
481 846 530 913 τῆς
542 846 592 921 γῆς
612 839 677 900 Ἐκ·
727 846 801 907 orbis
808 861 941 907 terrarum
952 847 1026 908 oculi
1036 860 1110 908 erant
1120 848 1253 925 conversi,
1261 848 1443 911 Ecclesiarum

146 940 197 1002 ίνω
208 943 297 1023 φοχῆς
311 920 379 1014 feias
394 936 580 1018 ἐξηρτημένοι,
595 934 676 1016 μυρία
690 941 710 989 Ι)
727 938 861 999 universe
876 953 954 999 terrae
967 960 1030 999 cura
1043 939 1079 999 ab
1093 939 1169 1000 illius
1190 941 1282 1003 anima
1296 941 1441 1024 pendebat,

146 1032 243 1107 τοία-την
261 1032 365 1115 ἡμέραν
375 1031 536 1114 πράγματα,
547 1028 675 1089 ποίντοδεν
726 1029 761 1090 de
770 1031 851 1091 rebus
860 1031 1007 1092 innumeris
1016 1030 1275 1111 quotidiesollicitus
1285 1048 1353 1110 erat,
1361 1034 1442 1096 undi-

146 1125 312 1204 ινρεμανίαε,
324 1119 676 1208 προαταοίαε,δεορθώαεις,
726 1144 780 1202 que
798 1123 877 1184 illum
899 1122 1125 1184 circumsidebant
1142 1127 1353 1207 procurationes,
1367 1148 1441 1209 pre·

145 1213 272 1290 ιτοίαεες,
290 1212 473 1284 διδασκαλίαι,
491 1208 591 1291 μυρίων
605 1211 677 1269 etse
726 1214 846 1290 fectorae,
873 1215 1060 1291 correctiones,
1085 1217 1208 1298 consilia,
1231 1219 1442 1295 cohortationes,

146 1306 443 1368 νν·ααλπίνταίαεῑνα
456 1301 546 1385 ἀρελς,
560 1303 677 1372 ἀπῆλθεν
726 1303 872 1380 doctrina,
897 1305 972 1366 mille
1001 1307 1169 1386 negotiorum
1194 1311 1379 1392 expeditiones
1395 1335 1402 1369 τ
1416 1324 1443 1372 et

146 1440 157 1471 ,
187 1395 236 1457 ααλ
257 1397 388 1481 πρόφασις
411 1400 461 1468 τῆς
486 1395 546 1453 ὁδοῦ
566 1389 676 1467 οὐδεμία
727 1396 854 1457 omnibus
867 1396 923 1457 illis
936 1397 1043 1458 omissis
1064 1401 1260 1483 Jerosolymam
1274 1424 1303 1465 sc
1314 1403 1440 1482 contulit,

157 1488 192 1551 et
203 1488 308 1574 Hirpos
323 1491 399 1564 ἰδεῖν,
422 1485 511 1555 καθὼς
527 1482 604 1552 αὐτός
623 1504 673 1564 ρη-
727 1510 776 1550 nec
790 1488 865 1548 illios
877 1490 994 1572 suscepti
1007 1491 1111 1552 itineris
1124 1492 1178 1552 alia
1192 1494 1245 1554 fuit
1255 1495 1358 1555 occasio
1370 1495 1438 1568 ulla,

146 1578 321 1665 Ἰιροαάλυμα
335 1584 476 1663 ἱστορῆσαι
494 1577 553 1638 tlte
569 1597 612 1636 ον·
626 1574 673 1636 οὐ·
727 1577 779 1639 nisi
794 1594 824 1640 ut
836 1583 947 1641 Petrum
959 1581 1074 1661 videret,
1089 1583 1160 1644 sicut
1170 1585 1209 1647 ait
1224 1586 1281 1669 ipsc
1290 1610 1297 1645 r
1306 1587 1442 1649 Ascendi
1451 1609 1506 1653 (tat.
1520 1621 1541 1653 ι.
1556 1604 1583 1653 εδ

147 1674 221 1749 ,καί
237 1675 406 1758 repererimus
416 1666 475 1753 ἥγε.
489 1670 526 1732 Τί
539 1600 597 1744 eim
610 1668 673 1729 ἰδίαν
726 1673 946 1748 Jerosolymam
956 1676 1198 1750 viderePetrum,
1208 1677 1441 1761 sicipsumhono-

145 1760 292 1847 ιχείρηοενς
306 1766 455 1842 Οὐδαμῶς·
472 1762 530 1821 ἀλλΙ
554 1757 675 1837 ίπίμιινε
725 1761 816 1841 rabat,
828 1779 854 1825 et
870 1766 997 1828 omnssrus
1012 1769 1180 1850 preferebat.
1196 1770 1271 1846 Quid
1287 1773 1443 1853 ergoi'cum

145 1880 175 1924 ας
185 1858 340 1919 δοκαπίντε.
349 1856 387 1919 Et
395 1878 455 1916 τινα
465 1844 510 1916 οὐν
524 1851 675 1933 στρατηλᾶ·
727 1855 817 1937 ipsum
826 1856 949 1935 vidisset,
958 1860 1100 1920 confestim
1112 1860 1240 1922 recessit?
1252 1863 1441 1944 Nequaquam:

145 1974 211 2031 μοι,
234 1961 351 2032 γενναῖον
373 1949 419 2011 καλ
444 1949 605 2029 θαυμαστὸν,
627 1950 673 2006 τοῦ
689 1954 709 2005 Ε
725 1946 773 2007 sed
794 1948 869 2031 apud
887 1950 980 2032 ipsum
999 1951 1099 2013 diebus
1119 1952 1274 2033 quindecim
1288 1957 1395 2020 mansit.
1412 1958 1442 2019 Si

145 2044 313 2127 ροτημίνω,
332 2050 381 2119 τῆς
402 2043 576 2127 παρατάξεως
599 2064 675 2103 euvr-
727 2060 808 2119 quem
831 2040 915 2122 igitur
940 2042 1101 2125 magistrum
1124 2044 1244 2106 militum
1267 2047 1371 2127 videas,
1384 2048 1441 2127 dic,

145 2160 195 2217 pre
205 2138 329 2213 ζεούυης,
345 2139 445 2221 μυρίων
458 2139 536 2198 αὐτὸν
546 2135 674 2196 πάντοθεν
725 2131 812 2209 sodes,
823 2155 982 2215 generosum
992 2149 1018 2196 et
1027 2138 1170 2215 eximium,
1179 2139 1282 2201 indicto
1289 2141 1348 2223 jam
1356 2142 1441 2222 bello,

145 2229 245 2304 αὐτων,
259 2230 359 2314 ἀφέντα
380 2230 430 2305 τὴν
451 2227 610 2312 παράταξιν,
628 2225 674 2286 καλ
726 2226 1279 2316 militomacicjamdisposita,jampugna
1290 2237 1442 2311 commissa,

144 2342 215 2388 τινος
237 2324 386 2383 ὐπολύὐντα
412 2321 502 2404 φίλου,
516 2312 674 2400 ἀραίτίραν
726 2341 790 2380 cum
809 2320 950 2383 innumere
971 2324 1053 2385 illum
1076 2341 1202 2387 vocarent
1215 2328 1335 2407 negotia,
1349 2328 1443 2389 relicta

144 2416 226 2485 ζητεῖς
237 2414 380 2490 ἀπόδειξιν,
393 2415 452 2475 εἰπέ
465 2438 528 2494 μοι,
546 2417 594 2486 τῆς
609 2411 674 2489 πρὸς
725 2413 784 2473 acie
801 2411 839 2473 ad
851 2414 1020 2476 visitandum
1041 2419 1196 2500 quempiam
1215 2420 1333 2480 amicum
1344 2442 1373 2481 se
1388 2418 1454 2481 alio¹

145 2497 675 2587 ἰνανεύνοίας;ίλ’νκίγυνγεοίμαι.Τοῦτο
726 2505 863 2581 conferre,
877 2528 944 2567 num
967 2529 1048 2588 quam
1071 2510 1154 2570 aliam
1178 2511 1308 2593 majorem
1316 2503 1441 2592 ,'quaeso‚

144 2598 228 2660 αὐλαυ
242 2600 287 2660 καὶ
304 2598 409 2680 Hirpos
422 2599 537 2678 λογίζου.
553 2598 606 2658 Καὶ
621 2597 674 2679 γάρ
726 2597 981 2660 demonstrationem
991 2588 1220 2685 quaereresipsius
1232 2625 1295 2686 erga
1306 2603 1444 2665 hominem

144 2694 392 2770 εμοςαυνατπίκει
413 2691 547 2774 χαλεπὸς,
561 2692 675 2752 καλπα-
726 2691 807 2751 illum
830 2690 1050 2754 benevolentiae?
1069 2696 1132 2755 Non
1158 2695 1289 2783 equidem·
1311 2696 1440 2757 arbitror.

160 2784 255 2866 μάχη,
276 2788 305 2846 οὐ
330 2785 396 2866 πρδς
417 2785 569 2869 ἀνθρώπους
585 2784 784 2877 μίνον,,,,Ηοο
808 2782 893 2865 igitur
917 2798 943 2846 et
967 2784 1003 2846 de
1027 2786 1113 2847 Paulo
1145 2788 1278 2869 Petroque
1303 2789 1441 2851 existima.

144 2876 227 2959 ρχδς,
238 2879 304 2960 πρδς
316 2877 365 2946 τδς
376 2877 515 2955 ίξούαίας,
528 2880 595 2962 πρὸς
615 2879 675 2951 τούς
689 2892 710 2938 Α
726 2876 868 2956 Siquidem
889 2876 935 2937 hic
948 2896 1056 2958 qnoque
1077 2878 1182 2940 bellum
1203 2900 1285 2960 grave
1298 2880 1445 2941 conflatum

144 2976 182 3030 τοῦ
196 2970 307 3039 σκότους
319 2979 366 3032 τοῦ
381 2976 475 3040 αἰῶνος
492 2973 601 3047 τούτου,
628 2973 675 3034 καί
725 2983 793 3040 erat,
805 2980 832 3028 et
852 2967 922 3028 acies
936 2982 962 3030 ct
973 2989 1064 3050 pugna
1077 2984 1133 3030 erat
1143 2992 1196 3032 non
1209 2970 1339 3035 adsersus
1350 2973 1444 3033 homi-

144 3066 191 3123 ςῶν
203 3062 350 3145 &sepem
365 3065 513 3146 οονοηρίας·
525 3068 585 3127 αλλ’
602 3065 675 3145 ὅμως
725 3081 772 3120 nes
782 3073 901 3140 tanturn,
914 3059 962 3120 sed
974 3074 1001 3121 et
1015 3059 1146 3123 adversus
1157 3063 1305 3147 principes,
1314 3064 1444 3127 adversus

154 3154 269 3238 Πίτρυν,
280 3156 349 3218 ὥστε
359 3157 407 3217 καὶ
417 3157 546 3232 τοσαύτης
558 3157 676 3238 ἀνάγκης
724 3166 882 3233 potestates,
896 3152 1026 3215 adversus
1039 3155 1135 3216 mnndi
1148 3170 1264 3218 rectores
1273 3158 1444 3220 tenebrarum
1454 3171 1510 3232 nst.
1522 3169 1537 3215 6
1557 3182 1593 3215 ια.

144 3249 373 3330 mepta-44,
391 3252 532 3332 ίαδραροῖν
547 3253 581 3310 δι’
605 3255 676 3311 taet-
694 3234 698 3249 ¹
724 3244 815 3304 seculi
828 3245 923 3326 hujus,
940 3260 967 3307 et
979 3246 1014 3307 de
1024 3246 1111 3308 salute
1126 3248 1270 3310 hominum
1282 3272 1375 3333 pugna
1387 3278 1394 3311 τ
1405 3253 1445 3313 sic

143 3365 209 3421 νμα,
225 3343 270 3401 καὶ
294 3352 381 3419 μεῖναι
404 3346 470 3424 πρὸς
484 3343 562 3404 αὐτὸν
572 3344 675 3427 ἡμέρας
723 3349 813 3397 temen
824 3338 937 3397 Petrum
951 3340 1136 3419 reverebatur,
1149 3354 1252 3403 utrum
1268 3356 1340 3403 tanta
1354 3344 1445 3403 immi·

143 3434 187 3495 ἀπε
196 3437 356 3496 ἀπανελύεῖν.
364 3436 484 3515 ’Essene
492 3434 541 3509 τὴν
552 3438 673 3520 ἀνδρείαν
724 3443 808 3503 neret,
818 3444 981 3511 urgeretque
992 3432 1147 3511 necessitas,
1158 3431 1193 3492 ad
1204 3433 1281 3494 illum
1291 3448 1445 3495 excurreret

144 3532 207 3587 om
218 3527 268 3600 αλν
281 3529 472 3610 φιλοφροσύνην
486 3529 610 3603 Παύλου,
623 3530 673 3603 α-λν
722 3521 933 3603 ierosolymam,
948 3536 974 3583 et
985 3544 1048 3584 cum
1058 3523 1133 3606 apud
1144 3546 1207 3585 eum
1221 3526 1376 3607 quindecim
1387 3527 1445 3587 dies

143 3619 226 3688 όλανς
248 3620 366 3696 αόναας,
380 3620 428 3694 vqs
452 3621 513 3701 ηαρὶ
536 3623 613 3683 αὐτὸν
627 3623 672 3683 τὸν
722 3615 882 3687 mansisset,
907 3628 967 3675 tum
996 3614 1109 3676 demum
1135 3616 1245 3678 rediret.
1270 3619 1446 3699 Cognovistis

152 3713 248 3775 λοιπὸν
262 3714 306 3773 ἐπὶ
325 3713 374 3786 τὴν
385 3715 459 3776 λύσιν
473 3718 555 3775 ἐλθεῖν
566 3723 613 3777 τοῦ
627 3720 673 3790 ζη.
722 3706 909 3767 fortitudinem
933 3708 1018 3784 Petri,
1033 3706 1169 3769 didicistis
1183 3710 1338 3772 comitatem
1361 3711 1442 3773 Pauli

148 3806 197 3866 οιαὶ
215 3797 288 3874 αὐτος
302 3806 385 3888 ὶφίλον
398 3807 441 3867 τὸν
456 3806 568 3888 Πέτρον,
582 3813 673 3869 sanet·
722 3822 785 3882 crga
799 3821 891 3860 omnes
902 3799 1050 3882 apostolos,
1063 3821 1126 3883 erga
1138 3802 1227 3884 ipsum
1241 3805 1352 3865 Petrum
1367 3829 1374 3862 τ
1386 3805 1445 3886 jam

143 3898 214 3959 υκαλ
225 3900 365 3981 ἄνανδρος,
379 3900 456 3973 καλή
471 3900 671 3981 φνλοναναίαααὶ
724 3914 830 3954 necesse
843 3894 930 3952 estad
944 3892 1032 3975 ipsam
1048 3895 1202 3971 questionis
1218 3894 1379 3957 solutionem
1392 3918 1445 3959 ve·

157 3992 213 4053 ἀπὸ
224 3996 312 4074 ψυχῆς
325 3993 441 4072 ἐγένετο,
454 3994 481 4053 τί
493 3994 557 4054 ποτέ
571 3998 627 4056 ἐστι
641 3998 672 4057 τὸ
687 3991 705 4039 Β
723 3985 841 4046 niamus.
855 3985 885 4047 si
900 3984 974 4045 enim
989 3984 1075 4045 01th
1095 3986 1205 4048 Petrum
1223 3989 1343 4062 amahaf,
1358 4003 1385 4049 ei
1397 3989 1445 4050 file

143 4085 198 4155 (οος
214 4086 300 4146 tvm„
312 4094 396 4146 ταῦτα
406 4090 582 4168 pressurita,
723 4076 838 4137 timidus
849 4090 896 4137 aut
907 4097 1006 4159 parum
1016 4088 1140 4138 strenuus
1153 4099 1208 4140 non
1217 4093 1285 4160 erat,
1298 4094 1324 4141 et
1335 4095 1444 4142 conten-

724 4170 763 4230 tio
777 4191 809 4231 ac
823 4169 999 4230 contradictio
1020 4168 1069 4230 illa
1090 4191 1125 4232 ex
1145 4172 1236 4233 animo
1256 4188 1377 4256 suscepta
1390 4196 1443 4235 non

722 4274 791 4338 erat,
806 4263 874 4341 qnid
895 4261 947 4322 sihi
969 4264 1031 4323 solt
1050 4263 1102 4323 ista
1125 4264 1267 4324 narratio?
1281 4279 1329 4324 aut
1342 4288 1396 4346 qua
1409 4266 1444 4326 de

724 4372 804 4413 cansa
819 4354 878 4414 haec
887 4352 1056 4436 dispensatio
1069 4355 1175 4415 fiebat?

142 4444 465 4527 είρετεςκαὶδιανάστητέ
475 4470 535 4524 μοι,
549 4446 595 4505 καλ
609 4470 672 4506 ουν-
771 4447 800 4506 9.
823 4446 881 4506 Hoc
904 4447 963 4506 loco
985 4447 1137 4524 advertite,
1157 4448 1315 4530 animosque
1337 4464 1439 4513 vestros

150 4538 222 4599 dors
235 4538 358 4607 δέξασθαι
372 4544 443 4620 σαφῆ
455 4538 504 4612 τὴν
516 4539 671 4619 ἀπολογίαν.
723 4538 833 4619 crigite,
851 4560 883 4600 ac
902 4538 1047 4621 diligenter
1062 4540 1203 4612 attendite,
1221 4555 1249 4601 ut
1271 4544 1439 4605 manifestam

147 4630 196 4711 ἀμδ
216 4630 320 4711 piures
335 4633 533 4693 διασκίπτοντα
546 4638 670 4693 τοσοῦτον
722 4631 903 4692 defensionem
911 4632 1079 4714 intelligatis.
1088 4633 1198 4717 Quippe
1208 4635 1358 4697 absurdum
1371 4653 1439 4698 esset

142 4727 230 4803 ,ὑμᾶς
245 4723 272 4785 rt
294 4723 354 4791 τοδς
371 4722 398 4793 ἐξ
417 4725 536 4793 εὐκολίας
559 4726 669 4803 μέλλον·
723 4747 766 4785 me
782 4725 830 4806 qni
852 4738 952 4786 terram
970 4725 1083 4805 effodio,
1098 4739 1204 4787 tantum
1217 4726 1337 4790 laborem
1351 4752 1439 4791 exon-

142 4815 371 4900 ρᾳν,τῇρρύυμίρ
384 4817 416 4877 τδ
428 4816 519 4899 κέρδος
532 4824 672 4878 τούτυπα-
723 4817 801 4894 tlare,
813 4837 863 4876 sos
876 4832 977 4891 autem,
991 4818 1040 4898 qui
1060 4818 1137 4879 nullo
1150 4821 1257 4899 negotio
1270 4823 1357 4884 visuri
1376 4824 1441 4886 estis

142 4930 187 4991 ρεη
212 4909 242 4970 δί
268 4909 362 4990 μικρὸν
376 4909 500 4989 ἀνωτέρω
523 4910 568 4969 τδν
595 4911 672 4991 λόγον
724 4930 840 4987 aurum,
860 4930 917 4990 prae
945 4910 1030 4971 nimia
1054 4911 1177 4973 socordia
1205 4926 1310 4975 tantum
1332 4915 1441 4977 lucrum

142 5001 296 5085 roprrsfpev
314 5005 376 5079 ὐμῑν
396 5006 507 5073 ποιῆσαι
530 5002 580 5075 τὴν
598 5005 673 5064 διδα-
724 5001 939 5082 pretermittere.
957 5002 1071 5064 Necesse
1089 5018 1128 5064 est
1146 5018 1249 5085 autern,
1263 5020 1294 5066 ut
1311 5009 1441 5071 orationis

142 5095 156 5171 λ
179 5093 233 5176 γδρ
259 5096 371 5167 ἀνῆλθεν
386 5096 422 5161 εἰς
442 5092 503 5162 τούς
521 5094 674 5175 οὐρανυύςὸ
725 5095 833 5153 initium
856 5092 939 5153 altius
957 5109 1121 5176 repetamus,
1147 5110 1178 5157 ut
1200 5099 1342 5161 clariorem
1361 5102 1441 5163 vobis

142 5187 175 5271 ἀρ
192 5191 269 5268 ἡμῶν
292 5186 442 5266 οἰκονομίαν
457 5186 616 5270 πληρώσας,
630 5190 674 5249 τὸν
725 5189 876 5249 doctrinam
895 5184 1049 5249 reddamus.
1069 5192 1216 5272 Postquam
1230 5196 1302 5256 eninr
1318 5195 1346 5256 in
1363 5197 1440 5257 calos
1470 5228 1473 5235 ·

142 5280 230 5351 ιαλίας
241 5279 369 5341 κατέλιπε
384 5287 438 5348 τοῖς
450 5283 543 5341 ἑαυτοῦ
558 5280 674 5341 ἀποστό-
727 5283 804 5341 Jesus
826 5301 947 5341 reuersus
969 5295 1019 5359 cst,
1035 5282 1139 5363 cxpfcta
1154 5307 1235 5363 spiram
1250 5302 1339 5347 nostra
1360 5311 1440 5348 carisa
