3764 5992
848 493 1028 543 nersmsffe
1307 500 1310 505 ·
1635 466 1706 566 849

162 621 379 703 προαπούήσεαθε
400 623 426 680 ἐν
445 631 498 688 τοῖς
512 624 634 700 οὐρανοῖς
655 621 707 678 τῶν
729 622 816 678 καλῶν
835 619 932 678 τούτων
988 617 1125 697 praeclaris
1147 614 1363 677 certaminibus
1356 635 1384 675 tn
1402 615 1468 676 eaelo
1482 615 1592 697 praetnia
1613 634 1705 677 recon-

164 713 272 791 ἀγώνων
285 713 318 771 τὰ
332 717 365 792 βρ
367 713 453 773 αύεῖα.
985 704 1064 767 datis

373 948 438 1029 ρπε’.
455 947 590 1030 Πενταδίρ
602 947 723 1026 διακόνῳ.
1069 956 1246 1016 CLXXXV.
1264 957 1419 1016 Pentadioe
1434 956 1619 1017 diaconissa.
1679 971 1682 977 '

205 1132 320 1212 Μακράν
333 1131 458 1211 ἐσίγησας
473 1131 562 1209 σιγήν,
576 1129 663 1190 καίτοι
674 1131 779 1190 πολλῶν
788 1129 916 1246 ύγτιιιν”
880 1151 932 1188 των
949 1156 968 1204 B
1025 1133 1162 1194 Diuturno
1178 1136 1285 1195 silentio
1298 1158 1346 1196 use
1359 1159 1398 1214 es,
1414 1138 1520 1198 tametsi
1531 1130 1614 1197 multi
1628 1148 1703 1197 erant
1714 1143 1764 1190 lun
1766 1158 1779 1187 ο
1799 1144 1855 1201 ιώ.

163 1232 261 1287 ἐκεῖθεν
276 1223 472 1304 ἀφικνουμένων
488 1223 553 1304 πρὸς
570 1227 650 1300 ἡμᾶς
671 1211 820 1281 Ticer*
790 1245 834 1282 ουν
847 1219 918 1279 δν
892 1245 933 1293 ειη
984 1225 1032 1304 qui
1054 1224 1090 1284 ad
1115 1247 1164 1296 nos
1185 1226 1264 1286 istinc
1284 1226 1527 1307 proficiscerentur.
1551 1226 1627 1300 Quid
1640 1215 1738 1308 ergont
1756 1215 1834 1266 ΡΜ
1835 1223 1854 1251 '⁶

163 1341 194 1377 το
180 1316 307 1386 αἴτιον
300 1319 374 1373 ·τῶν
389 1312 716 1396 πραγμάτωνὸθύρυύοςς
728 1311 846 1392 ’·λτιαγε
858 1316 934 1371 τοῦτο
986 1316 1128 1376 tandem
1120 1336 1149 1376 tn
1174 1337 1254 1377 causa
1279 1318 1353 1377 suit?
1384 1338 1451 1377 num
1479 1338 1571 1377 rerum
1598 1326 1704 1399 pertur-

163 1412 211 1467 ουκ
221 1408 252 1465 αν
263 1409 380 1483 εἴποιμι
373 1397 497 1464 οἶδα
463 1429 514 1487 γαρ
525 1429 572 1465 σου
584 1404 632 1476 τὴν
644 1405 762 1486 μεγαλην
774 1404 819 1463 καί
830 1402 933 1484 υψηλν
984 1409 1081 1470 butio?
1110 1408 1210 1488 Absit,
1239 1409 1292 1469 hoc
1307 1429 1357 1489 ego
1374 1408 1410 1469 de
1435 1424 1462 1469 te
1486 1422 1663 1489 numquam
1657 1409 1702 1469 di-

162 1499 260 1579 ψυχὴν,
291 1496 339 1570 τήν
363 1497 409 1556 καί
432 1499 459 1555 ἓν
484 1499 591 1564 πολλοῖς
613 1495 766 1564 κλυδωνίοις
789 1495 935 1574 δυναμίνην
985 1500 1073 1560 xerim
1095 1522 1103 1557 ι
1124 1500 1187 1560 novi
1223 1500 1324 1581 quippe
1355 1522 1485 1580 magnum
1515 1515 1541 1560 et
1567 1501 1704 1561 excelsum

164 1589 281 1671 έξουρίας
298 1590 384 1658 πλεῖν,
405 1587 451 1647 καί
469 1589 497 1646 ἰν
510 1586 600 1666 μέσοις
613 1586 714 1665 νόμοισι
733 1586 850 1667 γαλήνης
866 1590 933 1645 ἀπο·
984 1590 1107 1649 animum
1134 1604 1231 1665 tuum,
1260 1591 1307 1669 qui
1334 1591 1380 1651 vel
1399 1592 1428 1649 in
1450 1590 1544 1650 multis
1564 1604 1705 1672 tempesta·

163 1681 252 1742 λαύειν
270 1683 375 1751 λευκῆς.
396 1679 450 1738 Καὶ
463 1683 541 1739 τοῦτο
553 1679 587 1737 δι’
603 1681 688 1737 αὐτῶν
702 1681 755 1737 τῶν
770 1677 934 1758 πραγμάτων
984 1680 1058 1740 tibus
1077 1694 1163 1760 potest
1177 1680 1330 1754 felicissime
1345 1682 1484 1761 navigare,
1504 1697 1585 1760 atque
1602 1676 1631 1742 in
1647 1704 1705 1743 mc-

163 1770 272 1847 ἐδειξας,
287 1770 333 1830 καί
347 1771 411 1850 πρὸς
424 1768 566 1837 adederit<
579 1767 704 1849 ἐσχατιὰς
718 1772 766 1841 τῆς
781 1767 935 1846 οἰκουμένης
984 1771 1039 1832 diis
1051 1772 1179 1832 fluctibus
1192 1771 1386 1850 tranquillitate
1402 1793 1498 1852 magna
1511 1773 1579 1832 frui.
1594 1771 1628 1832 ld
1640 1794 1705 1834 vero

161 1857 278 1937 ήλθενή
303 1862 378 1943 φήμη
405 1861 439 1921 τὰ
458 1860 492 1921 es
514 1861 628 1941 φέρουσα
651 1858 864 1941 κατορθώματα,
888 1860 944 1919 καί·
985 1877 1014 1924 tu
1035 1866 1118 1924 rebus
1131 1864 1198 1946 ipsis
1213 1862 1413 1942 demonstrasti,
1435 1865 1704 1944 tuorumquenuntia

162 1956 259 2022 πάντες
283 1977 312 2013 σε
339 1952 577 2031 ἀνακηρύττουσιν,
601 1950 641 2010 ύτι
666 1951 712 2010 καί
733 1955 760 2012 ἐν
780 1950 819 2010 tol
840 1950 933 2032 χωρίῳ
984 1972 1055 2017 reete
1079 1957 1211 2016 {amorum
1237 1953 1272 2014 nd
1296 1970 1430 2016 extremos
1444 1977 1530 2035 usque
1548 1955 1616 2015 fines
1630 1955 1705 2017 ttrbis

162 2044 289 2126 ἱδρυμένη
309 2042 413 2104 rell
368 2067 398 2103 το
416 2066 462 2109 ςπ
462 2043 575 2123 deludet
589 2041 665 2109 ὄντας
679 2042 782 2114 &dvis
795 2041 968 2109 &induisse
985 2063 1119 2109 terrarum
1132 2050 1203 2108 lama
1215 2049 1354 2156 pervenit,
1369 2063 1396 2108 et
1409 2049 1531 2108 omnium
1554 2070 1600 2109 ore
1605 2048 1706 2109 ¹·lauda
1794 2048 1797 2053 ’

161 2163 209 2210 της
223 2141 271 2208 σῆς
282 2133 425 2216 διεγύρεις,
440 2134 486 2192 rol
497 2133 710 2214 προθυμοτέρους
720 2142 812 2201 ποιεῖς
825 2123 919 2201 Τ1ςἸ
888 2157 933 2193 ουν
985 2145 1041 2218 ris,
1059 2143 1209 2223 quodcum
1225 2145 1252 2203 in
1267 2165 1321 2203 uno
1335 2144 1480 2204 constituta
1493 2145 1529 2205 sis
1544 2145 1706 2224 Ιοικι,1οιιρε

161 2226 317 2301 ἡαῑτία
284 2250 331 2300 τις
346 2229 438 2304 σιγῆςῐ
452 2225 527 2306 Ἐγὼ
541 2223 589 2303 μίν
604 2227 747 2286 ‘infirmis
760 2225 825 2306 ίχὼ
839 2228 934 2308 Παρα-
984 2234 1094 2295 dissitos
1105 2249 1206 2295 exortes
1217 2248 1263 2293 tua
1274 2248 1394 2315 pretate
1405 2248 1484 2314 atque
1492 2235 1640 2305 alacriores
1648 2235 1705 2296 effi

162 2320 273 2379 καλῶδ
274 2319 288 2378 έ
313 2342 359 2379 σου
383 2316 432 2389 τήν
455 2316 636 2396 ἐμμίλειανδ
622 2315 666 2376 sd
679 2340 725 2377 του
708 2317 933 2400 τάγραίμματα
985 2323 1049 2384 cies.
1064 2324 1559 2428 Quernnntigiturestesusasilentii?
1570 2322 1705 2426 Equidem

162 2409 349 2491 ἐγχειρίζοντύς
372 2413 470 2487 σουτῇ
493 2408 670 2487 εύλαύείφ,
656 2411 690 2468 αι’
716 2411 796 2470 αὐτοῦ
816 2410 935 2482 δηλῶσαι
984 2413 1122 2475 dicere
1085 2435 1197 2475 minime
1210 2434 1330 2495 possum.
1346 2415 1437 2474 Tuam
1450 2427 1540 2474 eutem
1552 2433 1600 2473 oro
1611 2435 1705 2475 σιιανι-

161 2507 226 2580 ἡμῖν
236 2501 270 2562 cl
288 2501 349 2582 περί
366 2504 414 2572 τῆς
427 2500 527 2579 ὑγιείας
539 2505 588 2572 τῆς
602 2503 667 2573 σῆς,
681 2499 727 2561 καί
738 2505 786 2572 τῆς
800 2503 934 2581 εὐθυμίας,
984 2519 1078 2582 ιαιιιιιι,
1095 2519 1127 2565 ut
1139 2527 1188 2586 pcr
1201 2526 1263 2564 eum
1277 2504 1323 2584 qui
1339 2505 1432 2564 literas
1444 2504 1537 2586 pietati
1551 2519 1604 2564 tuae
1619 2504 1705 2566 tradet

162 2593 207 2651 καί
221 2597 269 2666 τῆς
279 2590 442 2671 ἀσφαλείας,
457 2591 503 2650 καί
514 2598 560 2651 σοῦ
573 2590 619 2650 καί
630 2598 676 2651 τοῦ
686 2592 758 2651 οἰκου
769 2616 816 2652 σου
826 2597 933 2664 παντός·
984 2595 1012 2655 in
1027 2616 1133 2673 manus,
1151 2595 1186 2656 de
1199 2592 1247 2656 ιιια
1259 2595 1425 2671 valetudine,
1439 2596 1634 2676 tranquillitate
1646 2598 1705 2657 ani·

161 2684 205 2743 ἵνα
214 2684 260 2743 καί
276 2687 306 2742 ἐκ
321 2681 448 2743 τοσούτω
473 2681 620 2759 καθήμενοι
634 2681 830 2760 διαστήματος,
845 2684 892 2744 καί
905 2687 932 2746 ἐν
984 2687 1022 2746 mi
1035 2709 1067 2747 ae
1081 2688 1224 2748 securitate
1236 2708 1299 2748 eum
1312 2702 1369 2766 tuo,
1385 2702 1444 2747 turn
1458 2688 1591 2750 universe
1608 2689 1706 2750 domus
1761 2677 1765 2685 ¹

163 2774 232 2833 ούτω
245 2774 424 2855 χαλεπωτάτη
440 2771 538 2854 ἐρημίιρ
552 2772 749 2854 διατρίύοντες,
767 2775 869 2849 πολλὴν
880 2776 934 2836 ἀπὸ
984 2789 1047 2848 ture,
1061 2776 1187 2836 certiores
1201 2795 1253 2835 non
1269 2775 1364 2835 facias:
1377 2788 1408 2834 ut
1423 2774 1487 2834 licet
1500 2788 1576 2834 tanto
1592 2775 1705 2836 ate'in-

164 2869 216 2924 τῶν
239 2865 361 2925 τοιούτοιν
382 2865 547 2946 γραμμάτων
565 2862 771 2945 καρπωσιύμεθα
782 2866 830 2940 τήν
844 2869 933 2950 παραί-
984 2868 1098 2928 tervallo
1110 2867 1236 2948 sejuncti,
1251 2881 1331 2947 ααρυε
1345 2866 1372 2927 in
1384 2866 1565 2927 tam'molosta
1578 2866 1706 2946 degentes

163 2958 267 3028 κλησιν.
983 2958 1138 3034 solitudine,
1155 2959 1271 3019 multum
1283 2980 1319 3019 ex
1328 2958 1460 3040 ejusmodi
1472 2958 1559 3019 literis
1568 2957 1704 3040 percipic-

985 3072 1046 3110 mus
1060 3051 1196 3111 solatium.
1517 3044 1520 3049 ’

445 3186 516 3298 ιιι.
531 3204 654 3301 nino
949 3245 997 3300 o·
1170 3218 1363 3282 οικικιι.
1381 3217 1510 3298 Atypo
1550 3236 1555 3243 ·

205 3389 290 3454 Αὐτὸς
308 3387 355 3466 μέν
377 3389 533 3505 ἐδεισμςμή
559 3393 598 3471 τῷ
622 3390 748 3473 πρότερον
770 3392 934 3464 ἐπιπηδήσαι
1025 3395 1070 3454 Τιι
1072 3392 1307 3500 quidemveritus
1320 3415 1357 3469 cs,
1380 3414 1422 3469 ne,
1436 3391 1511 3472 quod
1520 3412 1597 3472 prior
1606 3392 1642 3453 ed
1656 3413 1748 3457 nescu
1750 3426 1802 3455 ιιιιι
1818 3428 1858 3456 ιι-

164 3487 219 3546 τοῑς
238 3479 303 3558 πρδς
319 3485 391 3559 ἡμᾶς
405 3482 547 3562 γράμμασι
563 3449 720 3563 προπετείας
741 3482 840 3563 μέμψει
854 3507 932 3564 περι·
985 3486 1152 3589 scripsisses,
1180 3486 1208 3545 in
1230 3485 1451 3566 praecipitationis
1472 3484 1744 3564 ιοριοίιιιιιοίοιτιιι110
1732 3472 1809 3534 ⁰l⁰l

163 3570 260 3651 πέσῃς·
275 3575 362 3645 αυτοις
373 3596 425 3654 γα
442 3596 489 3633 σου
504 3573 640 3655 χρήσομαι
651 3597 706 3644 τοις
718 3573 849 3656 ῥήμασιν
863 3573 934 3653 ·ἰγδι
985 3577 1153 3637 incurreres:
1146 3576 1231 3657 .ipsis
1244 3576 1317 3635 enim
1328 3574 1572 3651 tuisutarverbis3
1588 3594 1638 3654 ego
1658 3597 1704 3637 ve·
1756 3598 1788 3644 ·‚

164 3661 194 3721 δέ
218 3686 248 3721 σε
270 3669 392 3723 τοσοῦτον
417 3664 511 3745 ἀπέχω
532 3663 623 3725 τούτω
643 3665 815 3747 γράψασθαι,
834 3666 875 3726 ὅτι
888 3667 935 3726 καί
984 3690 1015 3728 ιο
1037 3681 1142 3729 tentum
1164 3668 1250 3744 abest,
1273 3679 1303 3726 ut
1317 3666 1429 3746 hujusce
1445 3665 1484 3725 rei
1504 3665 1557 3725 tibi
1574 3664 1705 3749 actionem

165 3754 294 3832 ῥᾳθυμίαν
316 3758 420 3830 ἐγκαλῶ
436 3759 484 3827 τ’ής
498 3757 661 3838 βραδυτῆτος
676 3756 773 3830 ίνεκεν,
787 3758 833 3818 καί
848 3758 935 3835 μειζύ-
985 3758 1134 3833 intendam,
1152 3772 1184 3818 ut
1195 3759 1276 3818 etiem
1289 3756 1458 3837 negligentiae
1471 3770 1581 3838 propter
1594 3755 1705 3817 mulitu-

163 3869 212 3911 νως
236 3845 382 3926 ἀνεκήρυξε
405 3848 534 3928 πρότερον
560 3848 751 3908 ἀπεσταλκότα.
785 3849 839 3910 Καί
858 3855 935 3909 τοῦτο
984 3865 1039 3911 tem
1060 3866 1087 3910 te
1110 3870 1251 3922 accusem,
1282 3847 1445 3928 etamplius
1471 3861 1532 3907 ante
1548 3845 1704 3927 laudaiim,

163 3937 246 4013 λέγω,
261 3939 327 4014 αὐτῇ
342 3937 421 3996 πάλιν
435 3962 481 3997 σου
495 3944 529 4014 τῇ
545 3939 626 4020 ψήφῳ
642 3941 679 4007 εἰς
693 3937 826 4007 ἀπόδειξιν
841 3937 933 3999 τούτου
985 3964 1048 4002 cum
1091 3941 1168 4023 prior
1193 3940 1286 3999 literas
1315 3938 1351 3998 ad
1378 3960 1427 3998 nos
1454 3938 1581 3999 misisses.
1619 3941 1707 4019 Atque

163 4027 333 4106 κεχρημένος.
349 4026 436 4107 Ἐφης
450 4030 519 4110 γδρ,
534 4036 611 4089 τοῖκτο
621 4031 740 4109 μάλιστα
752 4030 935 4110 φιλοστοργίας
986 4034 1037 4094 hoc
1054 4054 1104 4113 ego
1130 4031 1204 4111 dico,
1234 4043 1264 4090 ut
1282 4044 1328 4090 tua
1351 4030 1437 4113 ipsius
1457 4032 1586 4092 sententia
1617 4031 1653 4090 ad
1677 4032 1707 4090 id

165 4107 244 4190 εἶναι,
258 4118 288 4176 τὸ
302 4118 347 4178 καί
359 4124 514 4189 σιωπῶντας
527 4132 690 4203 προσειπεῖν.
714 4120 793 4182 Ἐπεί
804 4113 847 4182 odo
861 4121 892 4180 τύ
905 4146 934 4181 τε
986 4121 1215 4206 comprobandum
1243 4136 1303 4181 ιιιιι
1319 4145 1326 4179 =
1342 4123 1382 4181 sic
1408 4123 1480 4182 enim
1506 4123 1621 4197 dixisti,
1655 4123 1707 4182 ltoc

165 4206 220 4274 δέος
234 4231 276 4267 σοι
288 4214 336 4280 τῆς
355 4211 511 4290 προπετείας
525 4213 672 4294 ἀνήρηται,
698 4211 764 4292 ύπερ
780 4215 809 4272 ού
826 4212 935 4282 δεόντως
951 4237 970 4283 Β
986 4216 1122 4300 praecipue
1140 4213 1322 4297 propensioris
1336 4235 1392 4273 esse
1413 4214 1558 4285 amicitie,
1582 4227 1612 4273 ut
1626 4213 1707 4273 ctinm
1767 4272 1770 4277 .

163 4301 316 4375 ἐδεδοίκεις,
334 4302 411 4363 τοῦτό
427 4327 457 4363 τε
481 4302 598 4383 μείζονος
620 4306 805 4365 ἀποδέδεικται
825 4315 934 4421 σημεῖον
985 4322 1100 4370 tacentes
1127 4306 1213 4366 literis
1235 4305 1410 4407 appellemus.
1435 4303 1591 4377 Quando'
1581 4304 1667 4382 igitur
1681 4319 1707 4365 et

163 4392 283 4468 ἆγᾶπος,
306 4393 395 4471 πέμπε
419 4395 511 4459 λοιπὸν
537 4401 602 4475 ἡμῖν
624 4397 734 4477 νιφάδος
756 4397 933 4477 γραμμάτων.
984 4401 1206 4482 praeeipttettoms
1215 4417 1247 4455 ae
1258 4408 1414 4455 temeritatis
1427 4406 1706 4469 metmeotexemtus,

162 4477 230 4542 Οἶσθ
217 4489 250 4542 θα
264 4482 317 4562 γὰρ
330 4485 401 4554 ὅπως
412 4487 492 4547 καί
478 4488 532 4547 διετ
534 4487 630 4566 έθημεν
644 4488 690 4547 καί
704 4488 860 4567 διακείμεθα
871 4489 933 4570 περί
985 4509 1039 4566 quo
1062 4487 1120 4545 sine
1133 4505 1213 4543 causa
1231 4495 1370 4584 correptus
1389 4482 1498 4559 ίιιεταε,
1512 4496 1540 4542 et
1552 4481 1625 4543 boc
1617 4506 1706 4564 ipsum

162 4573 209 4644 τήν
234 4575 283 4644 σήν
299 4576 453 4654 ἐμμέλειαν.
476 4579 533 4639 Ιίδν
553 4580 658 4660 γδρέις
676 4578 840 4698 ἐρημότατον
855 4603 933 4640 τουτο
985 4576 1095 4658 majoris
1109 4574 1240 4634 indicium
1253 4572 1373 4632 caritatis
1389 4527 1527 4633 ostenstim
1542 4588 1593 4647 est,
1608 4575 1705 4654 ingen-

162 4663 259 4745 χωρίον
279 4668 475 4746 ἀπενιχθῶμεν,
494 4668 563 4728 1’κάν
584 4674 665 4738 εἰς’
636 4671 703 4731 αυτα
715 4695 764 4743 της
779 4673 932 4750 οἰκουμένης
984 4684 1039 4730 tem
1053 4667 1090 4728 ad
1112 4688 1160 4725 nos
1178 4664 1305 4744 deinceps
1326 4663 1467 4724 literarum
1488 4666 1594 4746 copiam
1618 4666 1704 4726 mitte.

162 4754 195 4812 τὰ
215 4753 332 4832 πέρατα,
353 4761 402 4828 τῆς
426 4762 579 4840 εἰλικρινοῦς
607 4762 714 4840 ἀγάπης
729 4762 774 4821 καί
797 4763 871 4823 δολον
885 4767 933 4823 οὐκ
986 4765 1046 4823 Non
1055 4761 1162 4820 enimtc
1175 4756 1245 4834 sugit
1257 4777 1311 4834 quo.
1324 4757 1416 4816 animo
1428 4778 1491 4838 erga
1502 4771 1578 4817 tunm
1589 4759 1706 4819 suavita-

161 4845 273 4924 ἐχούσης
294 4848 418 4909 οὐδέποτε
438 4850 607 4912 ἐπιλαθέσθαι
624 4853 766 4931 δυναίμεθα,
789 4853 858 4913 ἀλλά
873 4859 931 4915 καθ’
986 4869 1040 4913 tem
1058 4851 1148 4911 affecti
1161 4863 1187 4908 et
1200 4848 1342 4924 fuerimus,
1359 4863 1385 4908 et
1403 4849 1496 4911 simus.
1513 4852 1582 4910 Nam
1602 4851 1663 4910 licet
1678 4853 1706 4912 in
1746 4854 1750 4862 ’

161 4937 277 5006 ἑκάστην
300 4963 329 4998 σε
349 4937 396 5010 τήν
417 4941 520 5020 ἡμέραν
543 4943 732 5023 φανταζόμενοι
754 4947 932 5024 διατελοῦμεν,
987 4947 1059 5004 hunc
1072 4941 1288 5003 desertissimum
1307 4941 1397 5000 locum
1411 4942 1521 5020 relegati
1534 4943 1629 5022 simus,
1643 4943 1706 5004 lieet

161 5029 207 5093 cl<
223 5029 318 5108 ἀρετάς
338 5054 384 5090 σου
400 5037 447 5105 τῆς
461 5035 602 5114 ψυχῆςδιδι
615 5041 663 5108 τῆς
677 5035 785 5115 μνήμης
799 5039 932 5099 dioride
987 5037 1021 5096 nd
1036 5037 1107 5117 ipsos
1122 5032 1196 5093 orbis
1219 5046 1350 5093 terrarum
1371 5032 1482 5092 ultimos
1496 5033 1580 5111 fines,
1596 5034 1705 5094 sincere

195 5199 324 5250 ¹Coislin.
336 5210 379 5267 ἰγὼ
392 5207 531 5259 υίτοσοντον
544 5215 621 5272 ἀπέρω
634 5209 713 5260 τούτου
726 5214 864 5278 γράψασθαι.
950 5221 988 5268 τῆς
1006 5214 1104 5274 ιέγινους
1119 5214 1254 5273 σοιιψνχῆι
1266 5214 1305 5263 τῆς
1323 5204 1453 5272 ίλῑνίὲροῑη
1467 5214 1506 5263 fris
1525 5210 1655 5270 ἀπλάοτον,
1667 5223 1707 5269 ταῖς

198 5277 284 5330 1Ἰἰιιο
297 5280 354 5331 llss
369 5289 410 5336 κεἰν
399 5291 527 5353 νςιπρδ
499 5309 527 5338 αι
529 5308 559 5339 τα
572 5297 610 5345 της
622 5293 749 5351 οἰκοιμίιη
760 5309 790 5339 τα
802 5294 861 5359 rip
863 5312 921 5351 κτα,
948 5294 1038 5341 εἰλικν
990 5296 1086 5359 κνριοῦς·
1099 5296 1124 5338 et
1135 5282 1200 5336 ιιιίια
1212 5279 1287 5335 tidem
1299 5287 1336 5338 δια
1347 5296 1386 5343 τις
1396 5293 1639 5351 μιύμηιᾶαπτιιῐος
