3764 5992
103 407 173 506 394
204 467 208 476 .
260 483 266 489 ,
411 431 441 478 s.
468 427 608 478 ioannis
634 422 818 474 cnnusosu.
849 422 1005 472 aucnrnn.
1034 426 1305 478 cousraurruon.

101 555 190 614 solum
203 553 244 614 sol
258 574 385 632 umquam
396 552 502 634 aspexit
513 575 520 608 ε
532 566 676 628 autequam
688 544 823 628 ejusmodi
875 569 920 606 τον
933 549 980 608 καί
999 551 1076 629 μόνον
1090 553 1165 625 ἥλιος
1183 555 1320 614 ·ἐπεῖδεν·
1337 554 1398 614 luel
1418 560 1529 614 τοωῶιον

101 665 210 726 punam
230 644 356 719 inferret,
367 665 461 704 eorum
476 642 692 723 improbitatem,
702 638 751 717 qui
771 660 823 718 pu·
874 635 924 709 τὴν
938 639 1046 700 κόλασιν
1058 643 1158 714 ταύτην
1173 648 1329 724 έπαγαγιῖν,
1340 642 1423 712 ἔδειξε
1434 649 1486 704 τῶν
1499 670 1529 724 με

101 736 193 796 niendi
212 751 307 812 erant,
325 736 406 796 nubis
427 733 575 803 indicavit,
594 752 648 790 non
669 729 769 789 tabulis
792 742 822 787 ut
873 730 1087 806 κολάζεσθαιτλν
1101 735 1230 813 πονηρίαν
1243 741 1319 813 ἡμῖν,
1340 735 1402 815 οὐχί
1414 736 1530 814 γράμμα·

101 828 159 889 dixi
174 829 261 904 lectis,
273 829 321 889 sed
330 828 457 888 adductis
470 827 498 886 in
515 824 635 885 medium
649 823 717 904 ipsis
727 843 821 881 eorum
871 821 1018 897 γινώσκων,
1032 826 1153 908 καθάπερ
1167 826 1243 907 ἔφην,
1258 829 1317 886 ἀλλ’
1331 826 1401 887 αὐτὰ
1415 832 1452 893 εἰς
1467 833 1529 904 μέσα

101 923 227 1001 peccatis.
239 922 382 1001 Propterea
398 918 527 977 nimirum
538 915 648 995 angelos
662 911 752 990 misit,
765 933 819 971 nou
870 910 959 989 γαγδιν
975 914 1010 973 cd
1026 917 1218 997 ἁμαρτήματα.
1233 917 1286 979 Act
1299 926 1377 978 τοῦτο
1389 924 1450 996 γοῦν
1465 919 1529 996 έπεμ

6 1042 9 1056 .
45 1020 206 1073 nst-tantum
226 1025 258 1071 ut
278 1013 329 1071 bot
350 1011 511 1087 educerent,
524 1007 572 1067 sed
589 1020 620 1065 ut
637 1004 747 1065 illorum
761 1003 818 1062 ini·
871 1000 1010 1084 ἀγγέλους,
1034 1011 1082 1089 οὐχ
1099 1004 1143 1067 ίνα
1157 1010 1201 1068 τὸν
1214 1011 1279 1069 Adur
1300 1009 1450 1089 ἐξαγάγωσι
1471 1009 1529 1086 μέγα

1 1096 232 1189 ,'⁰,J{]quitatem
252 1102 437 1175 ostenderent,
450 1097 615 1178 quodetiam
631 1095 729 1156 evenit.
748 1093 818 1152 Cum
869 1094 912 1154 ἵνα
931 1121 973 1158 σοι
993 1098 1096 1167 δείξωσι
1119 1100 1169 1172 elo
1188 1102 1357 1183 παρανομίαν
1374 1100 1489 1163 ἐκείνων·
1509 1104 1523 1162 a

103 1197 175 1256 enim
187 1217 232 1255 eos
246 1196 298 1254 Lot
311 1182 469 1273 excepisset,
482 1188 597 1272 hospitis
610 1188 721 1247 domum
736 1185 815 1245 obse·
868 1184 982 1265 γέγονεν.
996 1187 1106 1263 Ἐπειδὴ
1126 1190 1178 1271 γδιρ
1200 1191 1317 1258 cerebro
1332 1192 1398 1252 Λὼτ
1411 1190 1529 1258 ίιπεδέξαι

100 1287 199 1348 derunt
223 1306 332 1361 omues,
357 1299 385 1344 et
404 1284 433 1343 iu
456 1283 549 1342 orbem
574 1280 815 1340 circumsteterunt.
821 1318 858 1358 αα,
868 1278 954 1338 οἰκίαν
967 1281 1135 1361 ἐπολιόρκουν
1145 1288 1192 1342 τοῦ
1207 1282 1343 1365 ξενσδάχου
1359 1283 1472 1357 πάντες,
1483 1307 1529 1362 περ

99 1380 189 1461 Hujus
201 1392 292 1439 autern
306 1376 457 1438 obsidionis
471 1374 610 1455 copiarum
626 1370 686 1432 dux
701 1383 759 1431 erat
773 1370 817 1429 iu·
834 1377 853 1421 Α
868 1393 910 1437 τις
923 1369 1023 1452 κύκλῳ.
1042 1372 1218 1455 Ἔστραιηγει
1241 1374 1269 1436 δὲ
1294 1380 1343 1447 τῆς
1365 1375 1517 1454 πολιορκίας

98 1456 197 1531 landus
212 1485 299 1546 amor,
316 1482 342 1528 et
361 1467 448 1546 iniqui
463 1464 599 1546 cupiditas
613 1463 717 1533 coitus,
729 1460 775 1540 qui
792 1473 818 1519 et
869 1461 949 1539 ἔρως,
964 1463 1010 1521 καὶ
1025 1462 1120 1540 μίξαος
1138 1465 1266 1544 ἐπιθυμία
1288 1466 1460 1548 παρανόμω,
1474 1464 1518 1523 καί

99 1561 185 1621 atatis
198 1575 224 1620 et
237 1573 341 1620 naturoe
355 1559 456 1617 limites
469 1549 625 1619 excedebat.
641 1556 734 1632 Neque
746 1551 819 1612 euim
869 1550 914 1611 καί
927 1551 1029 1632 φύσεως
1040 1554 1115 1634 δρους
1131 1555 1334 1637 θπερὸαίνουσα.
1349 1555 1421 1616 Οὐδὲ
1442 1555 1492 1635 γάρ
1507 1579 1529 1614 νε

31 1662 38 1671 '
97 1655 211 1733 juvenes
224 1644 624 1721 soluntcircumsteterunt,sed
638 1644 720 1704 etiam
729 1642 819 1703 senio-
869 1645 1046 1723 περιέστησαν
1072 1647 1160 1726 μόνον,
1184 1651 1243 1708 ἀλλ’
1266 1649 1318 1721 ἤδη
1343 1648 1390 1709 καὶ
1412 1648 1529 1727 πρεαδῦτ

100 1765 143 1804 res
152 1758 192 1804 :et
203 1764 288 1822 neque
299 1740 409 1802 canities
419 1739 520 1799 rabiem
530 1736 736 1814 sedavitnequc
745 1735 818 1793 ίιιεο-
870 1736 957 1807 οὐδὲὴ
971 1739 1052 1799 πολιδι
1065 1739 1114 1811 τὴν
1129 1739 1226 1800 λέπταν
1243 1741 1420 1815 κατέπαυσεν,
1435 1737 1494 1799 οὐδὲ
1512 1763 1529 1797 τ

99 1855 156 1894 rem
168 1847 289 1893 senectus
299 1830 447 1907 exstinxit,
457 1829 504 1889 sed
522 1828 615 1888 ridere
624 1841 680 1887 erat
697 1826 726 1885 in
738 1839 819 1906 portu
869 1828 917 1901 τὴν
932 1830 1028 1907 μανίαν
1045 1831 1163 1903 έσθεσεν,
1175 1835 1234 1893 ἀλλ’
1245 1825 1278 1905 ἦν
1290 1834 1354 1892 ἰδεῖν
1366 1836 1393 1892 έν
1406 1833 1494 1909 λιμένι
1506 1854 1529 1890 νι

99 1925 284 2005 naufragium,
301 1924 426 2002 iniquam
439 1921 467 1981 in
480 1934 615 1981 senectute
630 1917 817 2000 cupiditatem.
869 1921 897 1977 ἐν
921 1921 992 2004 γίρρ
1012 1923 1165 2003 παράνομον
1190 1923 1342 2002 ἐπιθυμίαν.
1362 1924 1418 1983 Καὶ
1443 1920 1502 1981 οὐδὲ
1527 1965 1529 1976 .

100 2021 134 2077 At
151 2036 205 2076 non
216 2016 272 2074 huc
285 2035 370 2093 usque
383 2027 489 2072 tantum
501 2032 641 2092 progressa
655 2023 695 2069 est
707 2009 819 2068 illorum
870 2009 984 2083 ἔστησαν
997 2016 1046 2084 τῆς
1063 2014 1245 2093 παρανομίας,
1265 2014 1335 2075 etit
1349 2019 1395 2075 τοῦ
1409 2013 1474 2073 Λὼτ
1485 2017 1529 2072 brt

98 2107 270 2189 improbitas,
281 2107 328 2166 sed
339 2119 366 2164 et
376 2126 439 2163 cum
449 2103 520 2162 lilias
533 2123 596 2162 suas
608 2101 775 2162 traditurum
790 2121 819 2160 sc
870 2125 914 2161 νου
930 2101 978 2171 τὰς
999 2107 1093 2166 ἑαυτοῦ
1113 2104 1282 2186 παραδώσειν
1305 2105 1466 2185 θυγατέρας,
1481 2106 1529 2162 οὐδ

99 2200 151 2258 Lot
165 2198 392 2278 polliceretur‚ue
406 2194 570 2273 sicquidem
584 2192 818 2266 recesserunt,sed
870 2194 1013 2274 ἀφίσταντο
1020 2239 1029 2271 ,
1052 2199 1112 2257 ἀλλ’
1133 2197 1281 2269 ἐπέκειντο,
1307 2197 1428 2276 λέγοντες
1452 2196 1490 2275 μὴ
1514 2221 1529 2255 π

97 2291 232 2369 urgebant
251 2289 368 2349 dieentes
381 2308 434 2347 non
453 2307 481 2345 se
498 2286 576 2366 prius
588 2306 671 2364 quam
684 2283 759 2345 viros
773 2305 819 2343 ac·
870 2287 1084 2361 ἀποστήσεσθαι,
1098 2287 1148 2356 ἕως
1162 2287 1193 2345 ἂν
1204 2289 1264 2356 τοὺς
1286 2289 1383 2368 ἄνδρας
1394 2287 1515 2346 λάθωσι·
1527 2311 1529 2341 1

98 2383 229 2462 cepissent
244 2401 410 2456 recessuros,
426 2399 507 2457 seque
520 2377 680 2457 gravissima
693 2375 818 2435 illaturos
869 2379 938 2456 γάλα
949 2378 1074 2450 ἠπείλουν
1085 2379 1179 2440 δαίσειν
1190 2380 1261 2440 κακά
1272 2384 1311 2461 τῷ
1324 2380 1371 2447 τὰς
1386 2384 1481 2439 έαυτῶ
1499 2385 1529 2438 θυ

97 2474 169 2532 mala
190 2473 364 2533 minabantur
384 2471 424 2546 ei,
439 2470 487 2549 qui
508 2483 539 2527 ut
558 2468 712 2549 hospitibus
731 2467 819 2527 hono-
869 2469 1043 2552 θποσγομένφι
1062 2470 1156 2531 δώσειν
1178 2472 1222 2531 διδ
1238 2472 1287 2544 τὴν
1308 2473 1345 2540 είς
1362 2470 1423 2538 τοδς
1444 2470 1528 2539 ξέναις

96 2587 155 2626 rem
173 2565 300 2640 deferret,
316 2562 389 2622 filias
402 2572 465 2622 s'uas
484 2581 512 2619 se
527 2560 690 2640 promiserat
701 2557 819 2618 traditu·
834 2581 851 2626 n
869 2552 947 2629 Εἶδες
960 2565 1017 2630 πῶς
1032 2565 1198 2645 πανταχόθεν
1209 2564 1289 2633 ἔδειξε
1300 2570 1353 2625 τῶν
1363 2566 1529 2641 Σοδομιτῶν

96 2677 168 2716 rum.
180 2656 267 2719 Vides
281 2668 311 2713 ut
324 2654 398 2714 omni
413 2674 448 2712 ex
462 2666 540 2734 parte
552 2651 757 2711 Sodomitarum
772 2671 820 2710 uc·
870 2654 1001 2728 zimel
1021 2655 1081 2714 τότε
1096 2656 1145 2728 τὴν
1158 2657 1289 2737 τιμωρίαν
1302 2656 1451 2736 ἐπήγαγενς
1464 2656 1524 2716 Ἵνα

97 2747 212 2825 quitiam
231 2744 445 2819 demonstrarit,
463 2764 496 2802 ac
514 2741 615 2801 deinde
632 2762 740 2822 poenam
763 2742 819 2801 illis
871 2744 939 2823 perd
956 2753 1040 2806 ταῦτα
1052 2751 1120 2829 δρῶν
1140 2749 1330 2827 κολαζομένους
1347 2748 1440 2815 αὐτοὺς
1458 2772 1529 2808 κατα

96 2837 290 2897 ἰιιιιιίετίιέΝο
304 2835 376 2895 enim
387 2848 479 2916 postea
494 2854 556 2893 cum
570 2854 616 2893 eos
629 2834 740 2892 affectos
753 2854 819 2915 sup·
871 2837 915 2896 διδ
940 2838 972 2898 τδ
993 2838 1100 2917 μέγεθος
1120 2844 1169 2912 τῆς
1190 2851 1340 2923 συμφορᾶς,
1360 2840 1430 2918 μηδὲ
1457 2843 1515 2917 μετ’

96 2928 179 3010 plicio
201 2927 316 3001 videris,
334 2940 447 3008 propter
465 2924 629 2984 calamitatis
650 2924 820 3004 magnitudi·
871 2931 985 3010 θγκαλῇς
999 2934 1038 3011 τῷ
1058 2933 1137 3011 Θεῷ,
1156 2930 1225 2991 ἀλλὰ
1244 2931 1313 3008 μετὰ
1327 2938 1373 2991 τοῦ
1393 2934 1466 2992 Θεοῦ
1484 2955 1529 2990 κατ

96 3040 158 3078 nem
182 3019 273 3078 animo
293 3018 438 3097 frangaris,
456 3037 542 3095 neque
565 3036 628 3075 cum
651 3015 707 3075 illis
728 3017 818 3077 Deum
871 3021 997 3097 tertioue,
1027 3022 1170 3103 προλαάιλν
1194 3026 1228 3101 τῇ
1256 3029 1305 3095 τῆς
1334 3021 1465 3104 πονηρίας
1494 3025 1529 3081 du

96 3130 221 3180 accuses,
237 3108 284 3168 sed
305 3107 368 3168 illos
391 3128 454 3168 cum
476 3109 534 3167 Deo
556 3105 730 3184 condemnes,
740 3122 819 3168 antea
869 3112 958 3173 πάντα
967 3113 1171 3193 προανήρπασεν
1182 3117 1267 3174 αὐτῶν
1277 3114 1412 3187 τδνέλεον,
1421 3113 1529 3192 τῆςπρδ

97 3201 277 3261 demonstrata
294 3199 406 3258 illorum
427 3196 603 3277 improbitate
624 3217 732 3256 omnem
755 3219 818 3278 erga
869 3202 1033 3281 συμπαθείας
1053 3203 1199 3284 ἀπαγαγὼν
1216 3209 1296 3283 ἡμᾶς.
1309 3204 1347 3264 Ὃ
1361 3205 1394 3277 δὴ
1412 3205 1460 3263 καὶ
1479 3210 1523 3262 νῦν

97 3293 159 3352 illos
172 3289 367 3352 misericordiae
383 3289 551 3348 occasionem
564 3288 716 3370 praeripuit,
730 3303 757 3348 et
770 3310 818 3350 nos
868 3296 1004 3375 προφήτου
1014 3295 1168 3367 πεποίηκεν.
1182 3295 1242 3355 Ἵνα
1257 3295 1295 3374 μὴ
1308 3300 1414 3374 θεωρῶν
1429 3296 1482 3354 ὑπὸ
1498 3299 1529 3353 τά

97 3384 133 3444 ab
143 3383 217 3445 omni
224 3380 457 3443 commiseratione
468 3380 496 3439 iu
511 3380 573 3439 illos
584 3381 720 3441 avocavit.
735 3381 818 3456 Quod
869 3385 1096 3468 διαφθειρομένους
1114 3385 1175 3453 τοὺς
1195 3385 1337 3454 Ἰουδαίους
1351 3387 1453 3466 ἀλγῇς,
1469 3385 1529 3445 δείκι

97 3491 124 3536 ct
133 3496 204 3536 uunc
210 3497 274 3557 erga
290 3474 450 3557 prophetam
461 3471 596 3552 praestitit.
612 3473 652 3531 Ne
664 3473 735 3532 fame
748 3495 816 3533 con·
868 3475 916 3548 τὴν
931 3477 1120 3558 ἀπανθρωπίαν
1135 3478 1278 3538 αὐτῶνκαὶ
1298 3479 1347 3550 τλν
1368 3478 1529 3557 ῶμότητα,;

98 3569 181 3628 tectos
191 3568 299 3628 intuens
308 3563 416 3628 tudaeos
430 3563 553 3640 doleres,
566 3563 764 3624 immanitatem
776 3566 814 3625 il·
831 3582 850 3629 c
868 3567 1012 3646 φιλοξενίας
1028 3567 1077 3641 τὴν
1097 3568 1201 3628 σπάνιν.
1215 3571 1256 3629 (λθ
1270 3569 1323 3651 γάρ
1343 3569 1376 3641 δὴ
1393 3569 1473 3647 μόνον
1486 3571 1529 3650 οθγ

98 3660 188 3719 lorum
205 3671 232 3718 et
251 3654 437 3717 crudelitatem
457 3654 590 3728 ostendit,
603 3667 629 3716 et
651 3676 733 3733 quam
755 3678 816 3716 raro
868 3657 944 3726 ξαντα
953 3659 997 3718 τδν
1009 3659 1157 3740 προφήτην,
1173 3659 1242 3720 ἀλλὰ
1256 3660 1301 3720 καί
1321 3660 1529 3731 ἀποκτείνιινήι

99 3751 210 3811 comiter
220 3749 376 3831 peregrinos
388 3744 553 3826 exciperent.
564 3748 626 3806 Non
638 3748 711 3807 euim
727 3749 816 3808 solum
867 3749 912 3809 καί
933 3756 1009 3810 τοῦτο
1035 3752 1115 3822 δῆλον
1139 3752 1170 3817 ἐκ
1189 3754 1244 3810 τῶν
1266 3755 1337 3813 Θεοῦ
1362 3753 1500 3835 ῥημάτων.
1524 3762 1529 3804 t

98 3842 258 3924 prophetam
268 3860 321 3901 non
332 3853 516 3919 susceperuut,
525 3838 571 3898 sed
584 3853 610 3898 et
620 3860 648 3899 se
657 3841 815 3900 interiectu·
867 3833 950 3916 εἶπεν,
967 3840 1165 3922 Ἀναχώρησοη
1180 3843 1268 3920 μόνον,
1279 3843 1348 3903 άλλδ
1361 3842 1423 3917 καὶ,
1440 3842 1529 3922 Κρύθη

99 3955 144 3994 ros
158 3932 348 3992 minabantur:
360 3929 389 3990 id
402 3928 477 4008 quod
489 3950 524 3988 cx
537 3931 588 3989 Dei
604 3931 696 3989 verbis
708 3931 815 4010 colligi·
867 3937 943 4013 ἀρκεῖ
955 3932 1007 4015 γάρ
1023 3956 1065 3992 σοι
1082 3934 1148 4016 πρὸς
1161 3934 1294 4014 σωτηρίαν
1308 3940 1325 4005 ἡ
1337 3933 1427 4014 φυγὴ,
1445 3933 1513 3993 ἀλλὰ

1 4048 41 4091 ιρ.
53 4047 88 4100 ¹7·
100 4039 154 4086 tur.
165 4024 226 4083 Non
245 4022 316 4082 enim
334 4020 373 4080 ait
392 4033 507 4094 tautum,
521 4021 648 4095 Recede,
664 4020 814 4096 sedetiam,
866 4025 955 4083 λαθεῖν
970 4025 1036 4101 μετὰ
1050 4027 1150 4095 πολλῆς
1170 4028 1218 4096 τῆς
1237 4024 1374 4104 αἰκριάείας
1385 4048 1391 4061 ·
1404 4026 1489 4102 δῆμος
1501 4035 1529 4103 γι·

9 4771 48 4821 .c.

99 4116 300 4177 Abscondere.
314 4114 374 4173 Non
388 4109 535 4170 sollicitati
546 4110 661 4169 salutem
677 4111 756 4190 fuga,
767 4113 816 4172 sed
867 4114 1026 4190 ’ίουδαῖκδς,
1044 4117 1128 4195 δῆμος
1144 4117 1263 4194 αἱμάτων
1285 4117 1369 4196 διψῶν
1389 4120 1529 4198 προφητια·

99 4221 125 4269 et
136 4220 240 4288 oportet
250 4218 312 4265 utte
319 4204 463 4282 diligenter
475 4202 728 4283 occulteszpopulus
737 4205 815 4286 quip·
866 4216 924 4274 ταῖς
937 4211 989 4266 τῶν
1008 4205 1090 4284 ἁγίων
1103 4207 1285 4283 ἐμμελετησας
1296 4215 1422 4286 σφαγαῖς·
1435 4208 1489 4267 ἀπὸ
1506 4210 1529 4265 τί

99 4320 133 4380 pe
147 4296 279 4361 ludaicus
292 4310 340 4371 est,
350 4294 469 4376 populus
479 4293 638 4372 sanguinem
652 4293 745 4354 sitiens
754 4318 814 4376 pro·
867 4302 985 4378 φητικῶν
995 4296 1115 4375 αἱμάτων
1128 4297 1170 4357 ἀεί
1180 4296 1227 4365 τὰς
1239 4301 1340 4370 ἑαυτῶν
1352 4297 1459 4377 ᾕμαξαν
1472 4298 1529 4367 δεξιι

98 4390 256 4470 phetamm,
270 4402 294 4448 et
313 4387 341 4445 in
361 4385 460 4446 sanctis
482 4383 610 4443 necandis
632 4386 812 4446 exercitatus:
867 4391 909 4451 ὅτε
932 4393 979 4471 μέν
1000 4395 1030 4451 ἐκ
1050 4397 1094 4464 ιῆς
1114 4389 1244 4456 Ἰουδαίας
1262 4389 1340 4448 αὐτὸν
1357 4389 1529 4471 ἐξέπεμψεν,1

100 4503 205 4563 semper
213 4497 377 4539 manussuas
386 4474 545 4556 prophetico
555 4475 685 4555 sanguiue
694 4473 814 4538 cruenta·
840 4550 843 4556 ¹
867 4484 913 4544 καὶ
927 4483 1052 4566 κρθὸηθι,
1064 4482 1160 4562 φησίν·
1171 4481 1214 4541 ὅτε
1225 4481 1253 4541 δὲ
1266 4482 1332 4561 πρδς
1343 4479 1393 4552 τὴν
1407 4482 1496 4563 χήραν
1508 4483 1529 4540 ολ

100 4585 171 4632 runt.
183 4570 219 4630 Et
229 4590 292 4628 cum
303 4567 381 4627 illum
391 4564 501 4644 q'uidcm
510 4564 650 4627 emittebat
660 4568 812 4646 exJudaea,
867 4580 920 4652 λεν,
931 4577 1021 4654 Ἐγὼ,
1041 4576 1129 4657 φησὶν,
1145 4578 1298 4653 ἐντελοῦμαι
1314 4576 1392 4652 αὐτῇ.
1406 4574 1529 4654 ‘opesque'

102 4664 193 4737 Vade,
199 4655 516 4735 etubseondere,inqnit
526 4681 533 4714 ι
545 4678 608 4716 cum
618 4672 709 4718 autem
721 4659 758 4719 ad
766 4662 813 4720 vi·
830 4687 849 4732 η
867 4675 909 4727 θεν
922 4668 969 4746 μὲν
981 4667 1109 4748 φεύγοντα
1121 4664 1188 4744 ματα
1198 4667 1298 4736 πολλῆς
1312 4666 1460 4746 ααααλαγαα
1471 4670 1529 4725 ααῦ,

99 4753 182 4815 duum
197 4750 421 4829 mittebatzlc'go,
430 4748 529 4827 inquit,
541 4750 589 4808 itti
599 4752 812 4812 mandabo.Vi·
866 4784 912 4820 σας
921 4759 1095 4840 προστάττῃ·
1110 4762 1221 4817 ἐνταῦθα
1233 4754 1261 4816 δὲ
1271 4758 1473 4836 ααααααύραααα
1487 4779 1529 4835 αα,

99 4845 147 4906 des
162 4857 192 4904 ut
203 4842 266 4903 inde
279 4840 390 4920 quidem
404 4839 551 4919 fugientem
563 4841 658 4921 jubeat
669 4840 739 4900 illud
749 4863 812 4902 cum
865 4855 913 4925 λῆς
924 4849 1074 4932 παρρηαίαα
1090 4850 1135 4909 χαὶ
1145 4855 1191 4908 ,αὖ
1206 4847 1316 4930 φαῤῥααα
1330 4849 1439 4909 αααραα,
1450 4848 1529 4909 „kp

98 4934 183 4995 miilta
196 4931 319 4991 cautione
329 4940 469 5008 praestare3
482 4927 539 4986 huc
551 4940 641 4985 auteur
657 4928 811 5006 confugien-

97 5039 150 5086 tem
168 5043 264 5103 magua
281 5042 344 5080 cum
360 5017 461 5078 fiducia
476 5016 619 5099 precipiat
630 5031 656 5076 et
669 5020 811 5080 securitate

95 5114 253 5179 discedere?

125 5275 136 5302 ι
156 5255 250 5329 [Sunii.
264 5256 288 5306 iu
301 5269 380 5320 marg.
390 5252 456 5318 conj.
469 5255 541 5306 ίπιῑδι
553 5260 654 5307 τοιοῦτον
665 5267 671 5279 ·
682 5254 755 5324 πρίω]
