3764 5992
282 448 328 534 οη
604 463 634 510 s.
662 461 802 512 sosnars
827 457 1009 509 cnarsosr.
1037 456 1194 505 tuentur.
1221 454 1491 504 oonsrsnmsor.

282 611 329 650 me
355 589 451 670 diligit
463 591 564 664 Pater,
594 591 666 669 quia
695 609 747 668 ego
767 608 845 666 pono
864 588 998 645 animam
1054 581 1269 663 Ιλεγι·Ποίτερ,
1294 579 1419 652 ἐλήλυθεν
1442 586 1460 653 ἡ
1484 576 1688 662 ὥραδύξασύν
1713 596 1759 634 σου
1781 572 1820 632 τδν
1869 569 1876 623 l

283 703 389 755 meam,
414 695 446 740 ut
463 685 568 740 iterum
586 702 702 741 sumam
720 701 795 739 eam.
817 679 933 740 sienim
947 697 1000 736 uon
1055 674 1213 749 Υίδν,δο’ξαν
1226 674 1271 733 τὸν
1281 673 1392 753 σταυρὸν
1404 664 1822 742 καλῶν·καίπῦνςάνταῦθαμίν
1867 681 1876 718 2

283 775 353 853 vult,
368 773 415 834 sed
426 787 540 850 recusat,
557 786 583 832 et
593 774 701 832 Patrem
711 785 780 849 orat,
792 770 927 849 quomodo
939 791 1001 850 pro·
1054 775 1242 848 παραιτεῖται,
1255 768 1311 825 ἐκεῖ
1324 764 1352 824 dl
1362 765 1413 825 ¹aad
1428 762 1595 844 κατεπείγεις
1608 762 1676 823 Ὀτι
1696 758 1750 841 γδρ
1770 756 1824 824 it'lss
1868 756 1876 807 θ’

283 879 371 946 pterea
378 865 504 944 diligitur
513 885 529 923 a
538 864 638 924 Patre?
649 863 752 923 Caritas
763 862 836 921 enim
846 875 886 921 est
894 881 1000 936 eorum,
1056 859 1207 940 θστανρδς,
1218 857 1330 917 ἄκουσον
1342 855 1370 915 τί
1381 880 1461 938 φησιν
1475 860 1490 916 θ
1502 853 1710 934 εύαγγιλισσίς·
1718 848 1825 910 mum
1870 868 1876 903 t

282 977 342 1035 quae
361 955 492 1015 exanimi
511 955 639 1015 sententia
653 954 733 1013 liunt.
751 953 894 1026 Quomodo
912 966 1002 1012 autem
1056 941 1154 1031 γάρῆν
1170 951 1281 1027 Πνεῦμα
1300 948 1391 1027 ἅγιον,
1409 946 1450 1007 δτι
1472 946 1576 1019 Ἰησοῦς
1596 944 1673 1004 oium
1696 940 1824 1012 ἔδοὶὄθθθ·
1869 940 1876 993 ί

132 1059 273 1121 spuisse.
283 1065 378 1104 rursus
398 1044 436 1103 ait
457 1043 713 1123 PauluszDiligite
731 1045 866 1115 invicem,
886 1045 961 1100 sieut
974 1052 1003 1099 et
1057 1039 1097 1102 ⁶0
1108 1040 1136 1102 δέ
1149 1040 1237 1120 λέγει,
1250 1039 1326 1100 τοῦτό
1339 1038 1542 1099 introeas
1551 1029 1584 1109 ῆν
1597 1038 1705 1121 δφθεῑσα
1718 1031 1826 1113 igione,
1869 1058 1876 1089 ε

287 1138 421 1197 Christus
435 1136 540 1194 dilexit
554 1156 622 1205 nos,
640 1147 668 1194 et
683 1135 807 1194 tradidit
819 1137 1004 1214 semetipsum
1058 1131 1182 1204 ἀπειθῆὴ
1203 1131 1317 1212 έχθραὴ
1337 1130 1402 1211 πρὸς
1423 1128 1484 1198 τοθς
1505 1128 1660 1208 ἀνθρώπους
1682 1122 1784 1185 cotim
1797 1112 1826 1193 ῆν

280 1249 335 1308 pro
358 1230 461 1286 nobis?
487 1225 612 1286 Christus
637 1226 695 1306 ipsc
718 1247 823 1297 rursus,
850 1245 912 1283 cum
936 1237 1004 1283 esset
1020 1237 1040 1284 B
1058 1225 1251 1297 καταλυθεῖσα,
1265 1225 1305 1302 τῷ
1319 1221 1431 1300 μηδέπω
1442 1222 1487 1282 τδν
1501 1219 1615 1301 σταυρδν
1625 1211 1828 1299 προσκεχωρηκέ-

133 1346 272 1401 mastya.
283 1317 480 1398 crucifigendus
492 1317 611 1396 dicebat,
627 1320 727 1392 Pater,
741 1320 823 1376 verrit
833 1317 908 1375 hora
915 1339 927 1386 ;
939 1316 1001 1396 glo
1059 1340 1113 1376 ναι.
1129 1315 1163 1377 Ὁ
1176 1315 1229 1397 γάρ
1242 1315 1354 1397 σταυρὸς
1372 1313 1421 1387 τῆν
1437 1313 1534 1395 ίχθραν
1554 1317 1601 1372 τοῦ
1620 1306 1828 1372 Θεοῦκατέλυσι

256 1424 259 1430 ’
283 1412 369 1494 n'fica
379 1411 494 1469 Filium
502 1408 829 1488 tuumrgloriamvocans
837 1428 956 1467 crucem.
966 1407 1004 1466 Et
1058 1407 1185 1487 τλνπρδς
1198 1405 1257 1475 τοὺς
1277 1404 1444 1486 ἀνθρώπους,
1460 1406 1509 1471 τάς
1527 1401 1704 1481 καταλλαγάς
1716 1397 1827 1476 δαίμων

284 1500 421 1580 quomodo
432 1501 478 1559 hic
489 1515 602 1577 recusat,
616 1501 674 1560 illic
684 1500 780 1580 urget?
795 1500 921 1560 Gloriam
933 1499 1005 1559 enim
1059 1499 1109 1572 τὴν
1121 1503 1170 1579 γῆν
1184 1499 1292 1579 οῦρανδν
1306 1497 1431 1571 ἐποίησε,
1445 1496 1504 1564 τοθς
1518 1494 1673 1578 ἀνθρώπως
1686 1501 1742 1558 τοῖς
1753 1488 1828 1568 ἀγγί·

284 1613 341 1652 esse
352 1613 467 1668 crucem,
482 1592 548 1652 audi
561 1591 696 1670 quomodo
711 1605 822 1651 testetur
833 1592 1006 1671 evangelista,
1060 1593 1115 1659 λαις
1137 1589 1256 1670 ἀνέμιξε,
1267 1595 1313 1649 τοῦ
1328 1589 1440 1648 θανάτου
1458 1588 1506 1662 τῆν
1521 1589 1667 1668 ἀκρόπολιν
1681 1582 1829 1662 κατήγαγε,

136 1681 378 1746 tear-7·³9·dicens
394 1708 400 1741 ε
417 1686 561 1746 Nondum
587 1689 664 1743 enim
684 1698 748 1744 erat
777 1686 865 1744 dutus
882 1685 1006 1764 Spiritus
1061 1690 1106 1744 τοῦ
1121 1682 1244 1743 διαθολου
1255 1680 1303 1754 τῆν
1316 1679 1566 1762 θσχθοάξενεύρωσε,
1576 1684 1625 1750 τῆς
1639 1674 1830 1757 ἁμαρτίαςτῆν

285 1791 414 1853 sanctus,
424 1779 589 1858 quiaJesus
600 1778 730 1836 nondum
741 1791 804 1836 erat
813 1776 1005 1858 glorificatus.
1062 1775 1171 1854 δύναμιν
1182 1775 1305 1856 ἠφάνισε,
1317 1773 1366 1845 τῆν
1380 1778 1430 1854 γῆν
1444 1778 1491 1846 τῆς
1503 1774 1607 1845 πλάνης
1622 1769 1773 1842 ἀπήλλαξε,
1786 1766 1830 1839 τὴν

285 1870 391 1930 Horum
421 1884 512 1930 autem
535 1871 681 1931 vorborum
698 1870 757 1929 haec
788 1884 827 1930 est
852 1867 1003 1928 sententia:
1062 1868 1187 1941 ἀληθειαν
1203 1867 1370 1947 ἐπανήγαγε,
1389 1866 1449 1935 τοδς
1462 1865 1588 1944 δαίμονας
1608 1864 1747 1936 ἀπήλασε,
1760 1858 1831 1925 vad<

287 1963 417 2022 Nondum
431 1976 488 2022 erat
501 1961 564 2021 data
578 1961 676 2042 gratia,
695 1962 761 2041 quia
774 1960 894 2020 noudum
906 1958 1005 2018 restiu-
1061 1963 1175 2035 καθεῖλε,
1183 1958 1545 2042 βωμοθςάνέτρεψε,κνίσοαν
1552 1955 1732 2037 ῆφάνισε,τῆν
1739 1951 1832 2036 ἀριτλν

287 2068 361 2114 ctum
376 2068 432 2114 erat
446 2053 495 2113 Dei
510 2075 572 2133 erga
585 2053 707 2112 homines
721 2052 833 2130 odium,
850 2050 924 2131 quod
938 2071 1007 2109 uou-
1062 2053 1253 2134 κατεφύτευσε,
1266 2052 1315 2121 τὰς
1329 2049 1492 2124 Ἐιινιλησίος
1504 2049 1640 2131 ἀρρίζιισι.
1651 2047 1786 2127 Σταυρδς,
1805 2045 1831 2104 ri

167 2167 278 2213 nesebin.
287 2145 355 2206 dum
367 2143 533 2205 Christusad
543 2166 647 2204 crucem
656 2146 836 2226 processisset.
850 2145 925 2202 Crux
935 2141 1007 2202 euim
1061 2150 1108 2204 τοῦ
1119 2145 1225 2224 Πατρδς
1239 2146 1360 2222 θέλημα,
1374 2149 1391 2215 ἡ
1406 2147 1452 2202 τοῦ
1468 2143 1534 2201 Υίοῦ
1546 2140 1626 2212 δυ’ξα,
1638 2139 1671 2199 τδ
1686 2146 1733 2200 τοῦ
1748 2137 1832 2197 [Iord-

136 2236 340 2300 cruci'⁰1³⁶'Dci
361 2239 390 2298 in
412 2237 534 2297 homines
555 2237 649 2298 odium
671 2238 807 2315 restinxit,
834 2240 921 2297 Deum
945 2255 1008 2295 cum
1064 2260 1146 2314 ματος
1166 2235 1336 2317 ἀγαλλίαμα,
1352 2233 1382 2293 τὸ
1402 2240 1448 2294 τοῦ
1463 2235 1572 2301 Παύλου
1593 2231 1745 2312 καύχημα·
1757 2228 1832 2308 Ἐμοί

136 2313 169 2341 '⁸'
288 2330 444 2390 homiuibus
464 2328 656 2405 reconciliavit,
676 2343 773 2405 terram
790 2329 886 2387 calum
903 2327 1006 2400 offecit,
1064 2328 1124 2408 γδρ,
1133 2327 1208 2409 φησί,
1219 2326 1256 2406 μὴ
1266 2325 1369 2407 γένοιτο
1378 2331 1546 2406 καυχᾶσθαι,
1560 2327 1584 2384 εί
1594 2323 1633 2402 μῆ
1645 2324 1833 2403 ἐντῷστανρῆι

287 2422 410 2482 homines
439 2442 501 2481 cum
521 2421 623 2500 angelis
644 2420 763 2492 miscuit,
797 2421 892 2480 mortis
919 2439 1008 2478 arcem
1026 2437 1046 2486 c
1063 2425 1109 2479 τοῦ
1127 2418 1224 2502 Κυρίου
1247 2422 1325 2497 ἡμῶν
1347 2418 1437 2490 Ἰησοῦ
1459 2420 1585 2500 Χριστοῦ.
1607 2414 1729 2495 Σταυρδς
1751 2418 1767 2474 θ
1790 2417 1834 2472 τοῦ

288 2513 496 2574 munitissimam
516 2511 613 2584 diruit,
641 2510 744 2571 diaboli
766 2511 837 2573 vires
856 2508 1005 2586 enervavit,
1063 2510 1140 2585 ἡλίου
1151 2510 1390 2591 φανότερος,ίτῆς
1401 2515 1505 2578 ἀκτῖνος
1515 2505 1835 2592 φαιδράτιρος·δτανγδρ

288 2603 391 2685 peccati
405 2602 534 2664 virtutem
547 2600 660 2675 delevit,
673 2616 772 2661 terram
785 2601 821 2660 ab
835 2623 923 2660 errore
935 2601 1008 2660 libe-
1064 2603 1163 2670 ἐκεῖνος
1177 2603 1346 2676 σκοτίζηται,
1360 2601 1420 2663 τότε
1431 2592 1504 2670 οὗτος
1513 2601 1616 2680 λάμιτει
1627 2623 1634 2637 ·
1646 2595 1835 2667 σκατίζσταιδλ

289 2696 369 2769 ravit,
396 2696 536 2754 veritatem
565 2692 692 2764 reduxit,
724 2692 859 2752 dromones
883 2693 1007 2774 expulit,
1065 2694 1168 2766 θῆλιος
1188 2693 1248 2756 τότε
1269 2698 1317 2755 οὐκ
1335 2694 1539 2772 ἀφανιζόμενος,
1553 2691 1623 2752 ἀλλά
1643 2691 1834 2771 νικώμενοςτῇ

289 2784 540 2866 templadestruxit,
553 2784 650 2842 altaria
660 2784 804 2859 subvertit,
818 2784 939 2844 nidorem
951 2808 1010 2846 sus·
1064 2794 1112 2847 τοῦ
1133 2792 1247 2868 σταυροῦ
1271 2786 1440 2868 φαιδρότητι,
1466 2785 1585 2864 Σταυρδς
1606 2784 1638 2844 εδ
1662 2781 1836 2866 χειρόγραφον

290 2876 355 2936 tulit
377 2874 583 2948 sacrificiorum,
596 2874 724 2934 virtutem
736 2875 860 2948 inseruit,
875 2875 1010 2936 Ecclesias
1065 2881 1144 2957 ἡμῶν
1166 2878 1300 2961 διέρρηξε,
1317 2884 1364 2938 τοῦ
1378 2877 1490 2937 θοινάτου
1506 2877 1536 2936 τδ
1549 2875 1733 2954 δεσμωτήριον
1753 2873 1837 2953 ἀχρη-

291 2967 428 3028 fundavit.
451 2969 527 3026 Crux
546 2967 635 3026 Patris
656 2967 789 3041 voluntas,
814 2967 878 3028 Filii
900 2969 1008 3047 gloria,

144 3063 200 3107 cat.
209 3062 233 3110 6·
244 3063 281 3122 tt·
292 3056 410 3139 Spiritus
423 3055 507 3115 sancti
519 3054 673 3130 exsultatio,
687 3055 766 3114 Pauli
778 3054 919 3135 gloriatio:
931 3059 1012 3117 Milri
1068 3061 1155 3132 δειξις.
1175 3062 1255 3124 Οὕτω
1273 3062 1325 3145 γὰρ
1337 3061 1475 3142 ἠγάπησεν
1491 3066 1506 3121 δ
1525 3061 1594 3129 Θεδς
1607 3060 1652 3120 τδν
1669 3058 1786 3137 κόσμον,
1799 3055 1839 3116 δτι

292 3149 364 3210 enim
378 3152 466 3220 obsit,
482 3147 579 3227 inquit,
589 3147 722 3228 gloriari,
740 3152 799 3208 nisi
809 3151 841 3206 in
852 3169 938 3209 eruce
949 3153 1011 3208 Do·
1067 3156 1112 3217 τὸν
1127 3155 1191 3215 Υἱὸν
1204 3157 1283 3215 αὐτοῦ
1297 3155 1342 3214 τὸν
1365 3157 1492 3233 μονογενῆ
1509 3153 1619 3226 ἔδωκεν,
1638 3151 1685 3211 lvo
1703 3161 1758 3218 πᾶς
1770 3153 1785 3209 θ
1796 3171 1839 3208 τε·

292 3246 366 3301 mim
382 3244 474 3301 nostri
491 3242 564 3300 lesu
583 3241 704 3300 Christi.
725 3243 802 3300 Crux
819 3241 875 3300 sole
895 3240 1010 3319 clarior,
1068 3246 1166 3308 στεύων
1180 3251 1216 3314 εἰς
1230 3247 1307 3307 αὐτὸν
1322 3245 1359 3325 μὴ
1373 3247 1516 3317 ἀπόληται.
1528 3244 1582 3305 Καὶ
1595 3244 1678 3304 πάλιν
1692 3249 1707 3303 ὁ
1722 3244 1839 3308 Παῦλος·

293 3335 378 3412 radiis
389 3334 558 3416 splendidior
574 3359 580 3390 :
595 3355 657 3395 cum
677 3334 748 3393 enim
768 3333 814 3392 ille
828 3335 987 3394 ohscuratur
998 3381 1008 3408 ,
1069 3342 1104 3400 El
1118 3339 1169 3420 γὰρ
1183 3338 1271 3420 ἐγθρολ
1290 3337 1362 3406 ὄντες
1381 3336 1587 3416 κατηλλάγημεν
1608 3341 1647 3416 τῷ
1660 3338 1725 3417 Θεῷ
1739 3333 1784 3393 διά
1796 3336 1840 3391 τοῦ

294 3441 354 3486 tum
376 3427 425 3486 ista
441 3426 543 3506 fulget,
561 3439 619 3485 tum
633 3447 697 3486 vero
712 3425 752 3484 sol
766 3426 937 3504 obscuratur,
959 3449 1012 3487 nou
1069 3433 1182 3492 θανάτου
1193 3437 1239 3490 τοῦ
1251 3431 1315 3492 Υίοῦ
1327 3433 1416 3490 αὐτοῦ.
1431 3428 1550 3511 Σταυρδς
1560 3428 1591 3487 τὸ
1603 3437 1691 3509 τεῖχος
1702 3426 1734 3486 τδ
1756 3429 1841 3509 ἀρρα-

296 3519 368 3598 quod
380 3517 490 3577 emedio
502 3518 623 3588 tollatur,
636 3515 765 3595 sedquod
777 3518 864 3576 crucis
873 3517 1014 3600 splendore
1032 3540 1052 3587 ι)
1069 3522 1126 3603 γές,
1150 3524 1181 3583 τὸ
1204 3524 1285 3584 ὅπλον
1307 3523 1338 3582 τδ
1362 3521 1521 3603 ἀχείρωτον,
1540 3525 1593 3580 τῶν
1619 3518 1805 3580 πλουτούντων
1823 3521 1841 3588 ἡ

293 3609 1015 3694 superetur.Cruxnostrumchirographumlaccravit,
1070 3615 1217 3696 ἀσφάλεια,
1239 3619 1291 3674 τιῦν
1320 3613 1479 3686 πενήτωνὴ
1508 3612 1632 3693 εὐπορία,
1653 3615 1707 3672 τῶν
1735 3609 1842 3670 ἀποδω·

295 3705 389 3765 mortis
401 3725 534 3763 carcerem
549 3703 673 3763 inutilem
686 3701 815 3778 reddidit,
831 3724 900 3762 crux
914 3702 1015 3764 divinae
1070 3706 1217 3784 λουομένων
1235 3706 1265 3765 τὸ
1278 3699 1380 3787 τεῐγος,Ι
1398 3710 1450 3764 τῶν
1470 3702 1676 3782 πολεμουμένων
1696 3702 1728 3763 τδ
1753 3702 1844 3772 ὅπλον,

144 3808 239 3856 Jonas.
250 3806 286 3853 ιο.
296 3796 415 3856 caritatis
426 3796 568 3855 indicium.
577 3795 625 3854 Sic
633 3800 711 3854 enim
723 3797 804 3855 Deus
813 3797 919 3855 dilexit
931 3818 1016 3856 mun·
1070 3805 1123 3861 τῶν
1143 3804 1235 3859 παθῶν
1255 3805 1272 3872 η
1295 3797 1443 3880 ἀναίρεσις,
1464 3802 1512 3869 τῆς
1533 3799 1629 3879 ἀρετῆς
1652 3799 1794 3869 ἡκτῆσις,
1815 3793 1845 3854 sd

296 3890 378 3959 dum,
398 3900 429 3945 ut
445 3887 556 3945 Filium
574 3907 659 3945 surim
675 3891 857 3967 unigenitum
872 3890 965 3964 daret,
984 3903 1016 3949 ut
1072 3901 1181 3971 σημεῖον
1199 3892 1229 3952 τδ
1247 3891 1398 3970 θαυμαστὸν
1419 3889 1465 3948 καλ
1479 3888 1634 3968 παράδοξον.
1655 3889 1775 3967 Σημεῑον
1794 3884 1846 3966 γδρ

296 3983 390 4038 omnis
416 3982 467 4058 qrri
484 3979 576 4036 eredit
593 3983 625 4035 in
646 3983 741 4057 ipsum
764 4001 823 4037 non
845 3994 957 4059 pereat.
982 3984 1017 4042 Et
1071 3987 1224 4058 ἐπιζητεῖῆ
1247 3982 1324 4063 γενεδ
1348 3981 1418 4054 αὕτη
1432 4005 1440 4019 ·
1456 3982 1502 4041 καλ
1517 3989 1628 4059 σημεῖον
1650 3982 1682 4039 ού
1705 3980 1845 4053 δοθήσεται

147 4096 285 4144 nmero.
296 4091 390 4130 rursus
403 4070 515 4143 Paulus,
530 4071 561 4130 Si
570 4074 660 4147 enim,
675 4090 741 4129 cum
752 4074 865 4128 inimici
879 4093 1014 4146 essemus,
1074 4078 1156 4154 αὐτῇ,
1171 4077 1195 4133 εἰ
1211 4073 1248 4153 μὴ
1267 4073 1298 4133 τὸ
1312 4081 1420 4149 σημεῖον
1438 4070 1525 4131 Ἰωνῦ.
1538 4071 1592 4148 Καὶ
1605 4069 1687 4129 πάλιν
1697 4075 1712 4130 θ
1723 4072 1846 4136 Παῦλος·

297 4163 587 4223 reconciliatisumus
598 4163 661 4221 Deo
669 4184 722 4241 per
731 4176 852 4221 mortem
863 4164 937 4222 Filii
945 4167 1015 4244 ejus.
1073 4165 1185 4238 Ἐπειδὴ
1200 4164 1245 4224 καὶ
1262 4163 1387 4225 Ἰουδαῖοι
1407 4171 1516 4242 σημεῖον
1530 4165 1644 4236 αἰτοῦσι,
1658 4162 1705 4221 καλ
1716 4161 1848 4232 Ἕλληνες

298 4256 375 4314 Crux
389 4274 482 4313 murus
496 4254 726 4335 inexpugnabilis,
742 4269 849 4315 scutum
863 4254 1016 4332 invictum,
1073 4258 1165 4339 σοφίαν
1177 4262 1298 4329 ζητοῦσιν
1310 4279 1316 4293 ·
1329 4261 1407 4334 ἡμεῖς
1418 4255 1446 4314 δέ
1455 4254 1621 4335 κηρύσσομεν
1631 4253 1747 4332 Χριστὸν
1756 4256 1848 4314 ἐσταυ-

298 4348 425 4409 sccuritas
439 4346 568 4421 divitum,
585 4368 737 4428 pauperum
750 4348 898 4428 opulentia,
924 4370 1016 4409 eorum
1074 4350 1200 4432 ρωμένον.
1215 4348 1334 4429 Σταυρδς
1347 4348 1509 4431 παράδεισον
1522 4346 1638 4427 ῆνίερξε,
1651 4345 1760 4423 λῃστὴν
1771 4343 1849 4416 εἰσεί-

297 4439 510 4522 quibusinsidiae
519 4454 650 4519 parantur·
659 4440 902 4520 propugnaculum,
913 4463 1016 4516 eorum,
1072 4467 1148 4524 γαγε,
1160 4443 1191 4503 τὸ
1204 4445 1256 4501 τῶν
1269 4439 1416 4521 ἀνθρώπων
1430 4439 1503 4520 γένος
1517 4438 1681 4499 ἀπολλυσθαι
1693 4437 1794 4516 μέλλον
1804 4436 1850 4496 καί

298 4534 345 4614 qui
363 4533 435 4592 bello
450 4545 595 4603 vexantur,
616 4545 764 4604 armatura,
781 4531 1016 4611 perturbationum
1073 4537 1132 4596 οὐδὲ
1146 4541 1193 4608 τῆς
1211 4540 1260 4614 γῆς
1275 4535 1345 4604 ἄξιον
1365 4533 1430 4614 πρὸς
1449 4531 1499 4605 νῆν
1511 4537 1564 4591 τῶν
1578 4533 1697 4611 ούρανῶν
1712 4528 1851 4609 βασιλείαν

299 4624 456 4699 destructio,
472 4622 580 4683 virtutis
591 4621 723 4696 fundatio,
738 4622 845 4701 siguum
858 4623 1020 4684 admirabile
1074 4627 1285 4709 ἐχειραγώγησε.
1302 4629 1428 4687 Τοσαῦτα
1441 4622 1527 4704 ἀγαθά
1543 4623 1596 4683 ἀπὸ
1609 4628 1656 4681 τοῦ
1675 4626 1792 4703 σταυρῶ
1804 4619 1851 4681 καλ

148 4729 235 4775 ararit.
253 4739 331 4778 mac
352 4716 525 4798 stupendum.
549 4717 708 4775 Generatio
728 4715 800 4773 euim
823 4717 884 4775 lroee
906 4721 1019 4797 signum
1037 4727 1056 4774 Ε
1075 4721 1165 4800 γέγονε
1190 4717 1366 4797 καὶγίνεται,
1389 4716 1433 4777 καὶ
1457 4719 1486 4775 ού
1510 4713 1635 4794 βούλεται
1649 4718 1854 4792 σταυρωθῆναι,

150 4790 190 4848 ³9·
302 4814 415 4889 quierit,
431 4809 823 4889 etsignumnondobiturei,
838 4811 1021 4888 uisisignum
1076 4814 1134 4884 εζπέ
1148 4837 1208 4890 μοις
1223 4811 1277 4872 Καὶ
1294 4810 1334 4878 τίς
1348 4809 1379 4868 ἂν
1392 4814 1471 4869 τοῦτο
1483 4804 1704 4884 είποι;Είδὲμῆ
1718 4803 1855 4883 ἐβούλετο,

152 4925 173 4953 ι.
194 4910 248 4955 cor.
272 4899 643 4978 1.Jonoe.ltcmquePaulus,
660 4901 902 4980 Quandoquidem
910 4902 1018 4975 Judoei,
1076 4905 1115 4971 τίς
1138 4903 1217 4963 αύτδν
1236 4903 1386 4982 ἠνάγκασε,
1400 4900 1440 4968 τίς
1461 4899 1601 4971 ἐῦιάσατος
1623 4896 1650 4956 τί
1667 4897 1696 4958 δέ
1719 4896 1768 4955 καί
1790 4916 1856 4977 προ·

151 4986 191 5018 ²²·
303 4998 389 5074 signa
401 5005 515 5070 petunt,
534 5006 562 5051 et
577 4994 673 5052 Graeci
685 4995 860 5071 sapientiam
874 5007 1020 5072 quaerunt,
1077 4998 1180 5077 έπεμψε
1200 4994 1337 5076 προφήτας
1357 4993 1589 5074 ἀπαγγελλοντας,
1602 4988 1644 5050 ὅτι
1664 4987 1856 5069 σταυρωθήσε·

306 5103 358 5143 nos
368 5095 465 5141 autem
473 5085 666 5162 predicamus
678 5086 826 5143 Christum
840 5086 1023 5166 crucifixum.
1078 5113 1137 5163 ται,
1153 5087 1191 5167 μῆ
1204 5086 1308 5166 μέλλων
1323 5091 1511 5168 σταυροῦσθαι,
1527 5082 1594 5163 μηδὲ
1607 5082 1766 5163 βουλόμενος
1779 5086 1857 5139 τοῦτο

180 5197 224 5241 nte
233 5197 295 5242 rm.
307 5175 383 5236 Crux
394 5171 550 5254 paradisum
563 5173 701 5254 reseravit,
716 5174 847 5234 latronem
860 5174 1024 5251 introduxit,
1080 5184 1235 5259 θπομεῖναι;
1249 5177 1329 5244 Τίνος
1351 5176 1379 5238 δέ
1393 5177 1481 5237 ἕνεκεν
1504 5172 1690 5257 κολαστήριον
1712 5175 1791 5233 καλεῖ
1811 5172 1856 5232 τὸν

153 5279 236 5321 etnam
273 5277 392 5348 ingenus
412 5265 573 5339 humanum,
592 5265 665 5343 quod
691 5265 843 5346 periturum
864 5281 932 5347 erat,
958 5291 989 5329 ac
1003 5289 1036 5331 uc
1082 5273 1204 5355 σταυρὸν,
1219 5271 1284 5350 είγε
1299 5270 1337 5349 μὴ
1352 5271 1473 5332 tostino
1484 5274 1683 5351 σταυρωθῆναι,
1696 5271 1786 5330 Τοῦτο
1803 5266 1857 5347 γδρ
