3764 5992
624 430 706 483 rosr
730 430 880 484 aturrus
904 434 948 481 an
973 430 1117 485 exsisto.
1211 446 1215 453 ·
1571 413 1641 513 5⁰7

98 583 205 632 νουσαι,
219 560 249 621 τὸ
271 573 333 640 πιρι
351 564 395 619 τὸν
410 558 512 639 πατίρα
528 560 635 640 φίλτρον
650 557 869 637 ἐπιδεικνύμεναι.
924 558 1016 620 beatos
1033 559 1216 642 praedicabant
1239 581 1283 621 eos
1305 560 1352 640 qui
1373 556 1525 642 psallerent.
1551 560 1641 623 Hodie

98 652 187 731 Εύχαί
210 654 285 729 ὑμῶν
297 649 356 729 ίμολ
380 648 541 728 διαδήματος
561 651 753 731 λαμπρότεραι.
769 648 872 731 Ἄνδρες
925 650 1054 711 circenses
1076 664 1150 730 sunt,
1172 665 1199 712 et
1217 672 1295 713 nuno
1312 651 1412 729 adest3
1436 651 1484 711 sed
1500 672 1593 713 omnes
1612 653 1641 713 itt

96 748 163 820 ὁμοῦ
183 743 229 802 καλ
243 750 380 821 γυναῖκες·
399 742 448 802 Ἐν
470 741 522 821 γὰρ
546 743 656 823 Χριστῷ
668 741 757 814 Ἰησοῦ
775 745 822 801 οῦκ
833 741 872 801 ίνι
924 742 1064 801 ecelesiam
1083 763 1132 802 eeu
1156 757 1285 803 torrentes
1306 743 1521 805 confluxerunt:
1536 756 1640 805 tonans

96 835 176 916 ἄρσιν
201 834 247 892 καί
269 837 344 906 θῆλυ.
369 836 432 902 Πῶς
455 833 565 905 λαλήσω
584 832 632 900 τίς
653 832 805 901 δυναστείας
823 838 870 892 τοῦ
924 834 1353 912 veroreste1·ooetus,ettlumina
1367 833 1639 914 suntroces‚quaein

96 926 211 1006 Koplou3
229 926 328 986 Οίδατε
339 925 420 994 πῶςί
433 926 502 1005 λέγω
514 926 556 986 del
565 923 661 999 ἀληθίς
672 929 742 986 ἐστιν
753 949 759 962 ·
771 923 812 985 ύτι
825 925 869 985 ἰοίν
885 941 904 987 Β
923 923 1017 983 celum
1031 925 1190 1004 ascendunt,
1205 948 1317 1006 queque
1332 946 1452 985 amorem
1461 946 1526 1005 erga
1536 938 1641 1006 patrem

94 1042 136 1085 τις
148 1016 272 1096 γενναίως
288 1017 354 1100 φέρῃ
371 1017 533 1097 πειρασμὸν,
544 1017 590 1077 καί
613 1017 714 1101 καρπὸν
728 1019 776 1076 ἀπ’
787 1019 867 1078 αὐτοῦ
922 1016 1075 1096 perhibent.
1093 1020 1188 1078 Preces
1201 1032 1296 1077 vestras
1309 1017 1459 1077 diademate
1475 1014 1641 1098 splendidio-

95 1109 179 1188 ρι’γαν
193 1120 286 1190 τρυγᾷκ
920 1129 963 1168 res
987 1109 1055 1169 mihi
1084 1123 1156 1170 sunt.
1182 1109 1245 1172 Viri
1267 1110 1446 1188 mulieresque
1465 1107 1549 1167 simul
1571 1131 1579 1167 ι
1601 1112 1640 1168 In
1652 1130 1790 1179 caldas.

921 1200 1038 1261 Christo
1055 1199 1128 1260 enim
1148 1202 1222 1261 Jest‘r
1239 1222 1299 1261 non
1320 1214 1364 1261 est
1382 1200 1530 1260 masculus
1547 1220 1640 1283 neque

916 1292 1043 1370 semina.
1066 1292 1209 1365 Quomodo
1228 1293 1323 1372 loquar
1345 1290 1478 1374 potentias
1504 1290 1639 1351 Domini?

918 1382 1001 1443 Scitis
1015 1405 1097 1463 quam
1113 1383 1148 1444 sit
1161 1404 1258 1445 serum
1275 1382 1316 1461 id,
1331 1382 1405 1462 quod
1422 1381 1485 1442 dico
1501 1405 1508 1439 r
1526 1380 1557 1441 si
1574 1382 1637 1461 quis

918 1475 1023 1535 sortiter
1040 1475 1198 1536 tentationes
1210 1475 1289 1554 ierat,
1303 1494 1433 1553 magnum
1447 1472 1636 1534 indeiruotum

918 1566 1043 1629 demetet.

135 1662 187 1723 Διὰ
209 1664 285 1723 τοῦτο
306 1664 375 1740 ὑμᾶς
399 1660 513 1722 ίκοίλεσα
533 1660 599 1744 πρδς
620 1661 680 1731 τοῦς
697 1660 865 1730 ἂποστολως.
959 1664 989 1721 2.
1005 1660 1070 1721 ldeo
1084 1682 1132 1720 vos
1140 1659 1175 1720 ad
1188 1661 1321 1741 apostolos
1333 1657 1492 1721 oonvoeavi.
1503 1656 1636 1721 Venimus
1702 1688 1790 1731 asota

91 1750 228 1831 Ἦλθομεν
243 1758 268 1815 οῖ
284 1753 437 1835 διωχθέντες
451 1754 516 1835 πρὸς
538 1753 598 1822 τοὺς
615 1753 763 1823 ίλαθίντας.
773 1754 868 1833 Ἡμεῖς
919 1753 990 1835 pulsi
1005 1753 1042 1813 ad
1056 1773 1110 1830 eos,
1126 1753 1172 1832 qui
1187 1753 1259 1835 pulsi
1272 1766 1345 1813 sunt.
1358 1754 1413 1813 Nos
1423 1749 1530 1811 insidiis
1543 1770 1636 1809 summ
1770 1753 1774 1760 '

93 1846 331 1926 ίπεῦουλιύθημιν,
356 1849 450 1906 ἐκεῖνοι
478 1846 624 1919 ἠλάθησαν.
642 1846 778 1926 Ἦλθομεν
802 1847 868 1927 πρὸς
919 1844 1040 1926 appetiti,
1050 1844 1092 1904 illi
1101 1844 1393 1926 pulsisunt.Venimus
1403 1842 1439 1903 ad
1448 1842 1634 1920 Timotheum,
1648 1887 1697 1916 rom
1720 1888 1757 1917 ,,

93 1937 223 2017 Τιμόθεον
235 1939 280 1999 τδν
290 1938 347 1997 νέον
357 1940 475 1999 Παῦλον.
487 1938 620 2018 ’Πλθομιν
634 1940 700 2019 πρὸς
708 1938 743 1999 sd
754 1936 867 2017 σώματα
919 1958 1021 1998 novum
1042 1938 1168 1997 Paulum.
1188 1939 1321 2001 Venimus
1339 1937 1376 1997 ad
1396 1949 1488 1997 saneta
1504 1956 1616 2017 eorpora
1627 1979 1636 2011 ,

93 2031 158 2110 ἅγια
169 2036 215 2090 τοῦ
227 2032 341 2111 Χριστοῦ
352 2030 522 2109 βαστάσαντα
531 2029 565 2090 τδ
574 2030 717 2111 στίγματα.
727 2030 868 2103 Μηδίποτε
918 2051 978 2109 quae
991 2029 1091 2090 Christi
1104 2030 1230 2110 stigmata
1244 2042 1423 2109 gestaverunt.
1432 2030 1586 2107 Numquam
1601 2027 1637 2087 ti·

94 2122 212 2203 φούηθῇς
225 2121 389 2201 πειρασμὸν,
413 2119 458 2181 ἐὰν
473 2122 594 2204 γενναίαν
617 2123 681 2204 ἔχῃς
697 2123 745 2195 ele
763 2124 866 2203 ψυχήν·
881 2137 900 2185 c
919 2143 992 2183 meas
1004 2122 1188 2199 tentationem,
1203 2122 1227 2182 si
1239 2122 1331 2182 animo
1343 2122 1381 2182 sis
1393 2122 1542 2181 instructus
1557 2140 1636 2201 gene-

93 2214 191 2282 ποίντες
205 2218 230 2274 σί
243 2213 313 2294 ίίγιοι
326 2212 406 2281 olente
427 2214 655 2295 ἐστεφανώθησαν.
677 2213 770 2286 Πολλὴ
785 2214 833 2293 μὲν
849 2220 866 2286 ἡ
919 2236 980 2275 roso
991 2239 998 2272 ι
1011 2214 1096 2274 saneti
1105 2236 1196 2274 omnes
1205 2214 1246 2275 sie
1255 2213 1375 2277 coronati
1389 2226 1460 2273 sunt
1473 2211 1564 2273 Multa
1577 2232 1636 2272 onr-

93 2305 180 2386 θλίψις
190 2312 243 2367 τῶν
257 2305 398 2384 σωμάτων,
415 2305 510 2385 μείζων
523 2308 551 2367 δὲ
565 2312 582 2378 ἡ
599 2307 686 2375 ἄνεσις
698 2312 751 2368 τῶν
763 2311 866 2389 ψυχῶν.
919 2328 1016 2388 porum
1026 2306 1148 2381 afflietio,
1162 2307 1248 2388 major
1260 2327 1324 2367 vero
1337 2305 1489 2365 animorum
1502 2304 1637 2382 tranquil-

93 2397 201 2459 Γένοιτο
214 2399 334 2476 ῦμῦςοίεί
356 2396 500 2457 θλίῦισθαι.
515 2397 596 2458 Οῦτω
609 2399 655 2458 καλ
669 2398 770 2478 ποιμὴν
779 2399 869 2482 χαίρει
920 2397 992 2458 litas.
1012 2399 1124 2459 Utinam
1146 2419 1251 2479 semper
1274 2396 1301 2456 in
1320 2418 1440 2456 aerumna
1460 2394 1528 2456 sitis.
1547 2395 1594 2456 Sic
1610 2409 1637 2455 et

92 2488 144 2548 ὑπὸ
170 2488 312 2570 προῦοίτων
336 2488 571 2566 καταπονούμενος.
599 2491 636 2550 Τί
667 2492 793 2565 λαλήσω,
817 2499 869 2553 ποῦ
920 2504 1012 2571 pastor
1028 2489 1128 2571 gaudet
1140 2510 1203 2549 oum
1219 2489 1337 2548 laborem
1354 2500 1465 2570 propter
1478 2507 1542 2547 oves
1554 2486 1636 2547 subit.

93 2578 283 2661 σπείρωςθύκ
304 2578 359 2659 ίχω
379 2578 470 2660 χώραν
489 2579 598 2659 ἔρημον.
624 2583 682 2642 Ποῦ
704 2581 869 2661 ἐργοίσομοι;
920 2581 996 2655 Quid
1009 2581 1190 2662 loqua1·?ubi
1199 2580 1309 2641 seram?
1323 2577 1571 2640 Locumdesertum
1582 2598 1636 2638 non

93 2673 152 2730 θύοι
167 2669 222 2752 lpus
242 2671 361 2750 δμπιλον
375 2672 590 2751 γιγνμνωμίνην.
611 2675 668 2732 Ποῦ
682 2675 867 2752 οίκοδομήσω,
920 2674 1016 2736 babeo.
1024 2675 1080 2735 Ubi
1091 2672 1238 2747 laborabo?
1249 2673 1309 2732 Non
1318 2685 1358 2731 est
1369 2670 1524 2732 mibivinea
1534 2683 1636 2751 aperta.

93 2760 268 2845 Ἀπήρτισται
282 2768 297 2823 ὁ
309 2761 382 2830 ναός·
395 2761 430 2822 sd
441 2763 595 2841 δίκτυύμου
606 2763 869 2845 διορριίγνυνταιῦπδ
920 2765 977 2826 Ubi
988 2764 1153 2827 edificabo?
1169 2763 1331 2824 Absolutum
1350 2776 1389 2823 est
1401 2761 1533 2843 templum
1545 2785 1556 2841 3
1570 2761 1638 2822 retia

93 2858 146 2914 τῶν
160 2854 268 2935 ἰχθύων.
279 2857 305 2915 Τ
307 2853 317 2912 ί
325 2854 442 2928 ποιήσοις
450 2856 634 2937 Ἐργοίσαοθαι
645 2857 737 2938 καιρὸν
748 2861 794 2918 οθκ
804 2859 867 2941 ἔχω.
919 2877 979 2916 mea
988 2870 1153 2939 rumpuntur
1162 2854 1198 2915 ob
1208 2852 1410 2915 multitudinem
1419 2852 1546 2936 piscium.
1561 2852 1639 2928 Quid

92 2945 146 3006 Διί
163 2952 241 3007 τοῦτο
255 2948 420 3028 παρακαλῶ,
435 2950 486 3028 οὐχ
505 2952 541 3015 ῶς
563 2947 692 3027 δεομένων
706 2953 780 3028 ὑμῶν
795 2952 868 3012 διδο-
919 2949 1041 3008 fariam?
1060 2945 1215 3008 Laborandi
1229 2960 1337 3029 tempus
1354 2968 1408 3006 non
1429 2945 1558 3028 suppetit.
1573 2943 1639 3005 Ideo

93 3036 220 3112 σκαλίας,
235 3040 293 3097 ἀλλ’
307 3037 351 3098 ίνα
364 3037 439 3107 δείξω
452 3039 500 3110 τὴν
515 3039 581 3121 πρὸς
594 3045 663 3119 ῦμῦς
677 3040 784 3120 ιίγιίπην
798 3069 867 3124 γνη-
883 3052 903 3099 D
919 3042 1023 3118 bortor,
1041 3063 1094 3102 non
1112 3039 1187 3121 quod
1207 3039 1330 3100 doctrina
1348 3060 1397 3100 vos
1413 3038 1523 3120 egeatis,
1541 3036 1589 3099 sed
1608 3036 1650 3098 ut'

94 3130 163 3191 σίαν.
186 3133 330 3210 Πανταχοῦ
359 3130 472 3211 στοίχυες
494 3136 622 3211 κομῶσιν.
644 3135 771 3193 Τοσαῦτα
796 3136 866 3216 πρύ-
919 3133 1058 3196 ostendam
1073 3131 1217 3212 genuinam
1235 3152 1323 3192 meam
1337 3151 1401 3211 erga
1418 3151 1468 3193 vos
1485 3129 1635 3190 caritatem.

94 3222 181 3297 ῦατο,
201 3222 247 3282 καί
267 3223 382 3300 οὐδαμοῦ
407 3222 505 3290 λύκος·
521 3228 641 3284 τοσοῦτοι
663 3223 793 3306 στάχυες,
821 3229 867 3288 καί
920 3226 1029 3306 Ubique
1040 3225 1119 3306 spice
1130 3222 1308 3284 vernant.Tot
1317 3236 1379 3282 sunt
1387 3235 1493 3295 ores,et
1502 3242 1637 3301 nusquam

93 3316 209 3393 οὐδαμοῦ
232 3313 360 3375 ἄκανθαι·
380 3321 508 3375 τοσαῦται
527 3315 657 3393 ἄμπελοι,
680 3317 726 3377 καί
751 3320 867 3399 ούδοροῦ
919 3314 1022 3399 lupus3
1039 3329 1079 3376 tot
1095 3328 1157 3376 sunt
1174 3315 1267 3397 spirae,
1284 3329 1310 3375 et
1325 3336 1457 3394 nusquam
1473 3314 1579 3395 spinae3
1597 3327 1637 3373 tot

93 3405 213 3480 ἀλώπηξ.
241 3409 275 3465 ,tt
295 3405 371 3475 δοίκτς
393 3404 654 3482 κατεποντίσθησον,
679 3409 725 3469 καί
747 3415 772 3470 οἱ
790 3411 866 3472 λύκοι
919 3408 1072 3481 suntvites,
1085 3421 1112 3467 et
1126 3427 1260 3486 nusquam
1271 3407 1376 3488 vulpes.
1391 3404 1533 3466 blordaoes
1543 3404 1637 3465 bestias

93 3500 196 3580 ίφνγον.
220 3498 270 3566 Τίς
294 3497 387 3566 αὐτοῦς
413 3497 533 3573 ἐδίωξεν,
550 3502 611 3580 Ούχ
635 3504 649 3559 ὁ
673 3502 773 3580 ποιμὴν
795 3503 866 3585 ἐγὼ,
919 3501 1064 3561 submersae
1080 3512 1153 3576 sunt,
1170 3498 1230 3578 lupi
1249 3498 1386 3576 fugerunt.
1401 3496 1471 3569 Quis
1486 3496 1548 3556 illos
1565 3495 1637 3556 inse·

94 3592 153 3650 ἀλλ’
162 3594 237 3669 ὑμεῖς
245 3589 280 3650 τί
292 3589 422 3672 πφύῦατα.
435 3586 623 3670 Ὧπρούοίτων
640 3592 769 3671 εύγίνιια·
785 3595 865 3656 σἰπύν-
918 3606 1020 3672 quutus
1033 3591 1094 3650 ost?
1104 3590 1165 3650 Non
1176 3610 1225 3667 ego
1232 3600 1333 3669 pastor,
1343 3586 1389 3648 sod
1400 3608 1449 3648 vos
1462 3607 1535 3647 oves.
1550 3587 1575 3647 Ο
1588 3608 1636 3647 no·

94 3707 137 3752 τος
150 3689 195 3744 τοῦ
205 3681 329 3761 ποιμένος
343 3681 401 3751 τοῦς
412 3682 505 3750 λύκους
518 3683 630 3755 ἤλασαν.
643 3682 683 3744 Ὢ
694 3685 791 3754 κοίλλος
803 3688 866 3767 νύμ-
917 3685 1010 3744 bilitas
1023 3682 1117 3744 ouium
1134 3680 1142 3743 ί
1159 3680 1273 3739 Absente
1286 3693 1402 3760 pastore,
1417 3678 1497 3760 lupos
1507 3678 1636 3759 prodiga-

92 3800 158 3857 φης,
173 3777 273 3855 μᾶλλον
292 3775 320 3834 ll
348 3774 394 3834 κοί
420 3774 589 3856 σωφροσύνη·
610 3775 647 3853 μὴ
670 3776 798 3859 παρόντος
819 3786 865 3841 τοῦ
918 3772 1210 3857 runt.0pulcbritudo
1221 3792 1335 3854 sponsae,
1344 3772 1399 3832 imo
1408 3771 1499 3854 potius
1507 3770 1633 3834 castitas!

93 3868 185 3949 ἀνδρὸς
196 3865 257 3935 τοῦς
268 3865 376 3947 μοιχοῦς
388 3866 534 3938 ἀπήλασεν,
550 3863 588 3925 Ὦ
601 3867 697 3935 κοίλλος
706 3868 753 3927 καί
763 3893 866 3953 σωφρο-
918 3868 1027 3928 absente
1043 3866 1103 3928 viro
1117 3864 1254 3925 adulteros
1269 3863 1367 3944 abegit.
1382 3865 1407 3923 Ο
1420 3861 1598 3945 prdebritudo
1609 3876 1636 3924 et

93 3957 159 4030 σύνη
169 3956 288 4038 νύμφης·
304 3955 385 4026 ίδειίε
396 3957 494 4037 γυμνὸν
508 3959 589 4031 αὐτῆς
603 3957 634 4017 τὸ
647 3960 757 4028 καλλος·
770 3961 864 4032 ἔδειξεν
918 3961 1027 4022 castitas
1034 3957 1156 4042 sponsae!
1167 3956 1282 4018 ostendit
1290 3955 1521 4038 pulchritudinem
1529 3980 1539 4036 3
1548 3970 1636 4018 osten·
1673 3988 1676 3992 ·

92 4049 227 4123 αθιῆιτλν
238 4047 397 4127 σεμνύνηται
412 4051 476 4116 Πῶς
487 4049 589 4121 sibeos<
601 4049 661 4116 τοὺς
681 4051 801 4133 μοιχούςς
812 4056 866 4116 Τὸν
918 4053 959 4113 dit
969 4065 996 4112 et
1008 4051 1179 4134 probitatem.
1194 4047 1337 4122 Quomodo
1350 4047 1463 4128 abegisti
1476 4047 1635 4109 adulteros?

92 4141 177 4222 ἄνδρα
200 4144 372 4201 ἐπιποθοῦαα.
388 4142 452 4208 Πῶς
474 4140 577 4212 ἤλασας
597 4139 656 4209 τοῦς
673 4144 799 4223 μοιχούς,
821 4149 864 4227 Τῇ
881 4163 900 4209 r:
919 4144 1002 4219 Quod
1011 4144 1102 4205 virum
1114 4162 1225 4201 amares.
1243 4139 1388 4216 Quomodo
1400 4139 1514 4220 abegisti
1525 4138 1634 4199 adulte-

91 4237 143 4305 τῆς
165 4231 334 4314 σωφροσύνης
357 4232 500 4314 ύπερύολῇ.
520 4236 579 4293 Οὐκ
598 4234 693 4294 ἔλαύον
716 4239 802 4311 ὅπλα,
818 4242 865 4300 ούκ
918 4234 1132 4298 εοείῦοειὶῖοιίο
1145 4233 1342 4313 magnitudine.
1357 4233 1418 4292 Non
1430 4231 1535 4311 arripui
1547 4252 1634 4307 arma,

91 4324 188 4386 ίλαῦυν
200 4324 310 4407 δόρατα,
324 4324 382 4384 οῦδὲ
395 4325 521 4392 ἀσπίδας·
536 4325 620 4396 ἔδειξα
634 4329 720 4395 αὐτοῖς
740 4328 770 4388 τὸ
793 4331 866 4392 κύλ-
919 4328 1080 4405 nonhastas,
1090 4347 1142 4385 non
1152 4325 1251 4405 clipeos
1264 4322 1446 4383 :ostendiillis
1454 4320 1636 4403 pulchritudi-

92 4417 138 4483 λος
153 4439 217 4493 μω,
240 4416 285 4474 καί
304 4418 352 4476 οὐκ
376 4415 489 4496 ἤνεγκαν
504 4416 552 4491 τὴν
565 4419 733 4498 λαμπηδόνα.
749 4423 806 4480 Ποῦ
821 4429 864 4483 νῦν
919 4443 980 4482 nem
990 4441 1089 4498 meam,
1103 4438 1156 4477 non
1170 4416 1289 4476 tulerunt
1300 4413 1481 4496 splendorem.
1493 4413 1549 4474 Ubi
1564 4433 1636 4473 nnnc

92 4510 201 4582 ίκῑῑνθῑῖ
217 4506 263 4569 Ἔν
278 4507 400 4588 αἰσχύνῃ·
414 4510 473 4567 Ποῦ
485 4507 513 4568 δὲ
533 4515 627 4588 ἡμεῖς
640 4510 688 4571 Ἐν
700 4514 866 4591 ἀγαλλιάσει.
919 4513 986 4573 illi?
1000 4514 1032 4572 lu
1049 4508 1229 4591 turpitudine.
1244 4506 1300 4565 Ubi
1312 4527 1361 4564 nos
1374 4506 1429 4564 tln
1444 4503 1633 4566 exsultatione.

92 4601 217 4668 Βασιλεῖς
240 4598 299 4678 μεθ’
314 4603 407 4677 ἡμῶν·
427 4599 554 4680 ἄρχοντες
578 4604 636 4680 μεθ’
649 4606 736 4681 ἡμῶν.
762 4605 814 4665 Καί
840 4606 868 4666 τί
919 4608 1097 4686 Imperatores
1105 4599 1246 4659 nobiscum
1256 4620 1266 4674 3
1278 4597 1412 4678 principes
1421 4596 1573 4655 nobiseum.
1582 4596 1634 4656 Eo-

94 4690 177 4763 είπω;
192 4689 219 4750 τί
234 4689 360 4762 λαλήσω
378 4690 511 4770 Προσθείη
524 4691 537 4769 [
550 4692 666 4774 Κύριοι]
679 4695 724 4754 καί
743 4697 783 4778 ἐφ’
798 4701 866 4776 ὑμᾶς
919 4695 985 4778 qnid
999 4694 1089 4754 dicam
1100 4690 1191 4770 lquid
1205 4689 1301 4768 loquar
1314 4688 1328 4748 ί
1340 4689 1476 4770 Adjieiat
1488 4690 1635 4750 Dominus
1645 4712 1712 4760 nme,
1722 4712 1778 4760 ηπ,

94 4780 140 4840 καί
167 4781 211 4841 ἐπί
232 4781 266 4841 τὰ
291 4780 371 4840 τέκνα
389 4785 472 4859 ὑμῶν,
490 4783 536 4841 καί
560 4782 608 4857 τὴν
631 4787 779 4866 προθυμίαν
793 4794 866 4868 ὑμῶν
920 4808 1007 4868 super
1019 4805 1075 4844 vos
1088 4797 1117 4842 et
1128 4803 1214 4862 super
1216 4781 1303 4863 filios
1315 4793 1440 4857 vestros,
1454 4779 1635 4841 alacritatem·
1648 4773 1684 4831 ¹4·

94 4873 254 4954 σαγηνεύσρ.
278 4873 409 4933 Ἐνταῦθα
430 4872 458 4934 δὲ
478 4876 691 4957 καταπαύσωμεν
719 4880 762 4941 τὸν
791 4882 867 4962 λόγον
921 4901 973 4959 que
993 4890 1107 4938 vestram
1123 4872 1200 4951 quasi
1217 4892 1314 4951 sagena
1332 4870 1429 4951 capiat.
1449 4869 1501 4929 llic
1520 4891 1585 4931 rero
1603 4872 1636 4931 sr-

95 4966 309 5046 εῦχαριστοῦντες
321 4963 365 5025 ἐπί
378 4974 446 5024 πᾶσι
469 4970 508 5048 τῷ
528 4968 706 5052 φιλανθρώπῳ
719 4974 802 5053 Θεῷ,
814 4963 837 5054 ᾧ
849 4979 867 5047 ἡ
922 4993 982 5033 nem
990 4966 1119 5048 loquendi
1128 4965 1268 5037 faciamus,
1280 4963 1307 5022 in
1315 4962 1440 5023 omnibus
1448 4962 1548 5043 gratias
1556 4984 1638 5045 agen·

96 5055 159 5126 δόξα
177 5055 280 5126 tirtel<
295 5061 400 5126 αἰῶνας·
412 5056 506 5136 Ἀμήν·
922 5079 962 5125 tes
972 5061 1088 5140 benigno
1097 5060 1164 5133 Deo,
1176 5056 1219 5115 eui
1231 5052 1317 5134 gloria
1330 5053 1473 5114 insaecula.
1488 5058 1582 5116 Amen.

1430 5239 1477 5298 ῦῦ.
