3810 6000
316 403 388 501 978
1024 415 1154 468 souare.

317 563 422 626 nautas,
433 550 519 625 funes,
531 547 673 622 anchoras,
685 544 775 605 onmia
786 542 957 625 disposita,et
970 561 1034 600 nus·
1091 544 1283 626 ςθτρεπισμίνιι
1291 591 1299 620 ,
1322 545 1369 605 καλ
1393 547 1521 625 μηδαμοῦ
1544 552 1657 625 πνεῦμα
1682 549 1795 626 ἀνέμω-
1812 556 1861 633 037¹,

319 652 402 710 quam
423 650 480 688 esse
500 627 627 708 spiritum
643 626 717 685 venti
727 649 733 682 :
745 643 833 684 noune
846 636 930 682 cessat
947 621 1035 681 omnis
1091 628 1166 708 άργεῑ
1179 625 1213 684 τὰ
1222 630 1270 697 τῆς
1281 629 1467 705 παρασκευῆς,
1480 625 1519 704 μὴ
1532 627 1678 709 mpsim
1691 633 1740 700 ‘fis
1750 626 1860 713 ἐνεργείας

318 723 550 789 quantuscumque
566 720 605 766 est
617 711 771 787 apparatus,
788 704 810 763 si
832 701 902 762 desit
915 701 1036 793 operatio
1090 714 1136 766 eeu
1150 705 1315 784 πνιύμαςςςγ
1330 705 1423 773 οὕτως
1439 705 1516 775 ἔθος·
1534 706 1588 765 χᾶ,
1604 707 1689 785 λόφω
1703 710 1811 781 κλάῃς,
1823 713 1861 771 ,g

319 789 452 870 spiritus?
465 790 503 848 lta
519 787 577 845 fieri
599 786 666 845 solet
677 809 683 841 ι
694 783 758 844 licet
774 784 809 843 sit
829 802 961 863 sermonis
977 801 1035 839 am·-
1091 786 1206 852 δςανοίας
1222 786 1309 865 βάθος,
1324 785 1375 844 κάν
1385 785 1496 866 φράσις,
1509 786 1564 845 κᾶν
1579 786 1682 857 ἔννοια,
1699 790 1791 866 καὶμὴ
1802 797 1861 870 παρῇ

319 873 366 950 pia
381 867 519 949 supellex,
534 881 561 926 et
572 887 646 926 mens
662 863 811 947 profunda,
820 876 846 921 et
865 861 1033 940 eloquentia,
1091 864 1122 925 τδ
1133 866 1244 944 Πνεῦμα
1257 866 1288 926 τὸ
1302 867 1377 945 άγιον
1388 872 1536 948 χορηφῶ,,
1552 866 1566 897 a
1574 870 1655 949 ἀργεῖ
1671 867 1707 928 τὰ
1719 871 1809 929 mum

319 963 346 1008 et
368 946 556 1026 intelligentia,
572 947 594 1005 si
615 966 669 1007 non
688 943 758 1022 adsit
783 941 903 1023 Spiritus
916 954 1034 1018 sanctus,

319 1028 367 1107 qui
376 1027 435 1087 vim
445 1026 609 1107 suppeditet,
623 1024 706 1084 otiosa
718 1036 780 1083 suut
789 1021 888 1082 omniu.
929 1066 933 1082 .

359 1108 387 1166 9.
403 1106 493 1179 Quare
508 1106 591 1186 igitur
603 1104 637 1164 de
650 1104 745 1185 scipso,
761 1102 831 1162 sicut
845 1099 916 1160 etde
930 1098 1035 1180 Spiritu
1132 1098 1185 1159 Διλ
1199 1097 1226 1157 τί
1239 1089 1282 1158 ούν
1293 1123 1328 1160 πε
1343 1099 1354 1159 l
1371 1102 1474 1173 ἑαυτοῦ,
1490 1104 1531 1167 ῶς
1544 1101 1592 1159 καί
1606 1100 1673 1183 περὶ
1688 1106 1735 1161 τοῦ
1751 1102 1860 1182 Πνιύμτ·

320 1201 411 1246 saneto
437 1186 519 1261 dixit,
541 1185 573 1244 A
594 1189 701 1264 meipso
721 1204 781 1241 non
806 1183 928 1263 loquor?
952 1178 1037 1250 Quasi
1092 1201 1136 1247 τος
1152 1169 1238 1252 εἶπεν,
1255 1179 1313 1239 Ἀπ’
1330 1122 1445 1257 ίμαυτοῦ
1465 1183 1496 1240 ού
1512 1183 1607 1252 λαλῶς
1623 1181 1812 1261 Ἀγωνιστυιῦς
1826 1187 1860 1242 ἐν·

320 1266 447 1346 agonistae
460 1286 588 1341 essemus,
603 1259 1036 1331 subvertimuscontradicentem,
1093 1259 1240 1339 ιτρίψαμιν
1255 1260 1299 1319 τὸν
1313 1259 1497 1337 ἀντιλέγοντα,
1516 1262 1617 1321 λοιπὸν
1631 1263 1861 1343 πληροφσρήσννριν

320 1344 517 1405 sufficientibus
533 1357 724 1422 cousequenter
741 1341 908 1422 argumentis
924 1359 1034 1421 persua·
1048 1377 1085 1418 ω,
1094 1340 1139 1399 καί
1151 1338 1267 1410 ἑαυτούς,
1278 1339 1421 1412 κάιιείνους,
1433 1338 1488 1419 είγι
1500 1340 1658 1400 πείθονται.
1668 1344 1730 1401 ote
1738 1344 1768 1400 ἂν
1776 1345 1862 1409 πάντας

320 1424 388 1498 suri,
403 1423 445 1484 bis
459 1438 485 1483 et
494 1424 557 1495 illis,
569 1423 703 1503 siquidem
713 1443 808 1504 parere
820 1420 967 1480 voluerint.
977 1419 1036 1476 Non
1056 1440 1076 1481 u
1094 1419 1210 1496 ἀνάγκην
1222 1419 1309 1485 αὐτοῖς
1323 1419 1478 1495 ἑπάγοιμεν,
1491 1419 1568 1478 ἀλλὰ
1579 1420 1719 1498 λέγωμεν,
1727 1423 1750 1480 ςί
1761 1424 1805 1500 ἄρ,
1816 1447 1863 1482 m.

321 1505 393 1563 enim
408 1504 518 1564 omnino
529 1504 682 1563 necessitate
695 1523 739 1562 eos
752 1501 925 1573 adducemus,
939 1496 986 1557 sed
996 1496 1038 1558 di·
1093 1501 1195 1558 σθῶσι·
1210 1496 1256 1556 καὶ
1270 1496 1308 1576 μὴ
1322 1497 1474 1578 θαυμάσῃς,
1490 1500 1550 1557 eil
1575 1497 1583 1521 “
1615 1496 1863 1578 &drogonem

320 1604 413 1644 camus
438 1597 537 1662 tamen,
561 1585 584 1643 si
613 1585 681 1642 sorte
709 1581 938 1664 persuadeantur:
952 1590 978 1637 et
1004 1596 1038 1637 ne
1092 1577 1171 1656 λέγω.
1194 1575 1299 1657 Λίγειδ
1318 1576 1387 1645 eat<
1400 1581 1438 1657 τῷ
1453 1524 1611 1651 'tetendi
1626 1579 1744 1639 Ἀπελθε
1758 1582 1815 1663 πρὸς
1829 1584 1864 1640 ι’σν

321 1663 465 1723 admireris
478 1663 501 1722 si
519 1684 568 1742 ego
580 1664 661 1723 horno
682 1663 736 1722 hoc
749 1661 846 1721 dicam.
865 1659 939 1718 Dicit
962 1656 1037 1717 Dens
1094 1648 1164 1718 οίιιον
1178 1664 1223 1716 τοῦ
1237 1655 1356 1737 Ἰσραὴλ,
1370 1656 1415 1715 καί
1433 1658 1490 1718 εἰπὲ
1507 1661 1604 1725 αὐτοῖς
1619 1681 1627 1696 ·
1641 1659 1690 1719 ἐὰν
1702 1660 1754 1739 ἄρα
1768 1662 1865 1720 ἀκούσια

249 1787 255 1800 .
288 1787 294 1800 .
321 1742 551 1803 ΕιαοίιὶσίίιᾹύὶ
569 1745 611 1802 ad
622 1745 741 1801 domum
761 1740 857 1800 Israel
869 1752 898 1799 et
916 1740 964 1796 dic
982 1740 1035 1810 eis,
1093 1735 1268 1815 σιν,ίδνάρα
1282 1735 1473 1797 Ιπιστιύσωαι.
1489 1737 1622 1816 Λέγομεν
1640 1740 1865 1821 ταῦτα,Ἔλνι’ρα

228 1851 233 1863 ·
321 1827 347 1882 si
362 1821 449 1904 sorte
471 1823 608 1894 audiant,
623 1826 649 1881 si
663 1824 743 1901 sorte
762 1819 893 1879 credant.
914 1816 1038 1876 Dicimus
1094 1816 1249 1885 ὠιούσωσιν,
1264 1814 1372 1897 ἐὰνάρα
1387 1817 1582 1891 πιστεύσωσιν,
1598 1820 1650 1878 ἐὰν
1665 1819 1721 1901 ἄρα
1734 1825 1865 1880 συνθῶνται

319 1902 389 1973 lraee,
411 1902 443 1962 Si
454 1903 540 1983 sorte
563 1902 700 1974 antliam,
713 1905 739 1960 si
755 1902 840 1982 sorte
860 1899 993 1967 credant,
1014 1897 1037 1954 si
1093 1897 1159 1957 ’Edu
1171 1895 1306 1956 δὲτούτων
1381 1895 1520 1973 μίνιονμὴ
1532 1904 1705 1971 συνθῶνται,
1717 1900 1866 1976 ἀθῶοίίαμιν

320 1981 390 2040 forte
398 1981 584 2040 assentiantur.
601 1979 681 2052 Quod
696 1980 719 2040 si
733 1979 790 2038 baec
798 1978 875 2037 nobis
884 1975 1038 2036 dicentibus
1093 1982 1180 2053 ἡμεῖς.
1197 1973 1278 2035 Ούτιο
1296 1976 1324 2035 ll
1341 2001 1357 2036 u
1374 2000 1401 2042 ος
1414 1974 1559 2049 ἐδίδασκε,
1574 1979 1628 2037 οιαὶ
1643 1979 1717 2055 μετὰ
1736 1980 1767 2038 τὸ
1782 1981 1867 2048 idaia

321 2081 374 2119 non
388 2060 576 2136 assentiantur,
589 2059 694 2120 innoxii
707 2080 799 2118 snmus
814 2079 871 2116 nos.
881 2057 927 2117 Sic
937 2054 1039 2114 Paulus
1093 2055 1165 2136 λέγει
1178 2078 1184 2091 ·
1199 2053 1423 2137 Διαμαρτύρομαι
1436 2054 1560 2130 πάντας,
1572 2058 1619 2117 ὅτι
1632 2058 1751 2138 καθαράς
1764 2055 1813 2136 sipi
1825 2062 1868 2119 θσθ

170 2152 310 2205 ausono.
320 2139 444 2217 docebat,
462 2153 488 2199 et
507 2153 651 2220 postquam
671 2137 775 2216 docuit,
790 2136 873 2197 dicit:
888 2135 1041 2214 Testificoi·
1094 2142 1140 2196 τοῦ
1154 2133 1264 2212 αἵματος
1278 2134 1385 2194 πάντων
1396 2137 1480 2212 ὑμῶν.
1496 2137 1540 2195 Οὔ
1554 2137 1613 2220 γάρ
1626 2139 1821 2216 ὑπεστειλάμην
1831 2145 1868 2198 τῶ

169 2233 211 2280 ²⁷·
322 2224 455 2280 omnibus
489 2220 569 2299 quod
600 2220 726 2280 ιιιιιπάιιο
753 2239 819 2280 sum
846 2236 867 2276 a
896 2215 1040 2295 sanguine
1096 2213 1133 2293 μὴ
1158 2218 1208 2274 dvo
1244 2214 1312 2274 εἶλαι
1335 2216 1396 2292 ύμῖν
1416 2212 1466 2319 'l'
1491 2215 1555 2275 δδδν
1584 2221 1638 2276 τοῦ
1664 2219 1745 2277 Θεοῦ.
1767 2218 1815 2277 Καὶ
1831 2225 1867 2278 νῦν

323 2304 453 2359 omnium
464 2313 604 2358 oestrum.
619 2301 689 2358 Non
700 2303 777 2357 euim
793 2296 956 2376 subterfugi
967 2313 1038 2374 quo*-
1093 2295 1173 2393 λέγω,
1187 2237 1243 2351 διλγ
1244 2294 1271 2352 τί
1285 2299 1299 2354 θ
1311 2292 1409 2372 Σωτὴρ
1420 2316 1505 2366 ειπεν,
1521 2294 1584 2355 Ἀπ’
1602 2301 1727 2373 ἐμαυτοῦ
1745 2302 1774 2357 ού
1792 2301 1867 2356 λαλῶ·

168 2382 640 2448 satyrum.minusannuntiarem
652 2379 833 2437 vobisoium
846 2377 911 2434 Dei.
925 2375 959 2432 Et
968 2393 1038 2431 nunc
1095 2397 1141 2433 και
1161 2371 1289 2451 περὶτοῦ
1309 2371 1556 2454 Πνεύματος,Ἀφ’
1578 2380 1685 2434 ἑαυτοῦ
1707 2381 1737 2435 ού
1762 2377 1867 2448 λτλήπη

170 2474 302 2521 macutum
321 2458 383 2518 dico
396 2457 504 2530 :Quare
520 2458 646 2518 Salvator·
660 2457 745 2531 dixit,
757 2456 789 2515 A
804 2459 912 2533 meipso
926 2472 985 2510 nort
997 2452 1038 2510 lo·
1058 2470 1077 2524 n
1095 2453 1197 2530 Δάομαι
1208 2456 1256 2523 τῆς
1266 2452 1394 2534 ύμετέρας
1409 2454 1534 2532 ἀγάπης,
1549 2457 1674 2514 ἐνταῦθα
1686 2458 1732 2517 τδν
1747 2463 1802 2517 νοῦν
1813 2457 1866 2536 ἔριν

170 2525 314 2633 ffffi'w
323 2559 417 2619 quor.-
430 2552 456 2597 et
471 2537 506 2597 de
520 2538 623 2617 Spiritu
643 2551 734 2597 sancto
745 2559 752 2593 :
765 2535 797 2594 A
808 2539 901 2613 seipso
916 2552 975 2590 non
996 2532 1039 2590 lo-

1096 2556 1153 2592 ιιεν.
1166 2531 1242 2601 Ἔνος
1254 2533 1326 2599 ὄντος
1341 2535 1471 2615 Χριστοῦ,
1485 2531 1609 2593 Ι’πολλοὶ
1631 2540 1768 2614 προῆλθον
1786 2527 1867 2633 pecii-

324 2625 447 2699 quetur?
457 2620 513 2677 Oro
524 2617 662 2677 caritatem
673 2629 801 2686 vestram,
814 2611 1040 2672 hicanimadver·
1094 2589 1216 2693 Ιγριστοι,
1229 2606 1295 2680 det
1317 2611 1413 2690 Σωτὴρ
1434 2602 1513 2671 εἶτα·
1529 2614 1641 2674 Πολλοὶ
1667 2615 1814 2676 ἐλεύσονται
1832 2617 1867 2674 ἔτι

323 2710 420 2756 tamus.
436 2698 506 2755 Cum
517 2717 586 2756 uuus
599 2697 634 2756 sit
645 2697 779 2764 Christus,
791 2693 869 2753 multi
901 2691 1040 2751 rodieruut
1094 2695 1133 2751 τῶ
1153 2690 1264 2751 θνάυατί
1278 2713 1327 2770 μου
1349 2689 1556 2772 prodigos-eoi,
1584 2694 1637 2753 καί
1661 2696 1765 2774 ψευδαπ
1810 2699 1837 2767 ”,.

172 2791 258 2836 Hatra.
274 2791 303 2850 αθ
325 2775 580 2851 falsiChristi‚'sicut
590 2775 715 2834 Salvator
724 2715 910 2834 dixitzMulit
919 2772 1040 2831 uenient
1095 2750 1171 2838 ‘livit
1186 2748 1231 2831 oilv
1244 2771 1316 2836 ὄντος
1335 2771 1451 2852 Χριστοῦ
1464 2771 1514 2831 καί
1529 2774 1749 2854 ἔπαγγελθίντος
1765 2719 1868 2834 m

170 2850 201 2914 2ί
325 2859 484 2915 innomine
498 2872 561 2914 meo
573 2855 648 2935 falsi
660 2856 780 2925 Christi,
793 2852 906 2935 etsalsi
917 2851 1040 2930 propte·
1095 2857 1238 2951 προφητῶν
1253 2851 1293 2909 du
1306 2849 1421 2930 ἔρχεται,
1432 2850 1546 2929 πρὸτῆς
1557 2854 1806 2933 παρουσίαξαιίτοῦ
1818 2855 1868 2933 ίφά·

325 2949 372 2996 toe.
393 2936 462 2995 Cum
483 2935 570 3014 igitur
593 2954 662 2993 unns
675 2934 711 2993 sit
730 2932 864 3007 Christus,
877 2951 956 3010 quem
978 2950 1041 3010 pro·
1095 2952 1179 3002 νησαν
1193 2953 1262 2996 τινες
1277 2931 1388 3003 πλάνοι,
1408 2929 1548 3008 λέγοντες,
1566 2939 1656 3010 ἡμεῖς
1675 2939 1764 3012 ἔσμεν.
1782 2936 1869 2998 oroma

324 3016 411 3095 pinetae
434 3028 577 3074 venturum
601 3013 797 3094 promiserunt:
810 3023 870 3070 ante
894 3008 1041 3068 adventum
1096 3009 1185 3146 λίγει,
1201 3009 1253 3092 ἐγώ
1271 3013 1326 3088 εἰμι
1339 3032 1345 3046 ·
1360 3009 1484 3076 'luliaco
1499 3012 1663 3083 Γαλιλαῖος,
1681 3015 1736 3093 ἐγώ
1755 3016 1821 3090 ε’ίμι·
1832 3015 1868 3073 καὶ

350 3112 381 3154 us
396 3102 579 3174 apparuerunt
594 3093 706 3170 quidam
723 3091 888 3230 deceptores,
904 3089 1040 3148 diceutes:
1097 3093 1132 3150 lrt
1149 3089 1217 3150 άνιυν
1231 3087 1352 3157 πολλούς.
1366 3086 1400 3148 Ὁ
1415 3087 1515 3171 θυτὴρ
1529 3090 1620 3151 ἐλθὼν
1633 3094 1728 3172 λέγει,
1741 3094 1819 3154 Ὅσοι
1830 3085 1868 3164 li·

323 3113 338 3151 e

175 3115 378 3236 reassudos
401 3192 503 3230 sumus.
524 3171 653 3230 Theudas
675 3170 769 3229 dixit:
812 3167 1042 3248 gosum31udas
1098 3173 1141 3228 θον
1152 3160 1868 3252 πρδέμοῦ,ιιλίπταιῆσανκαὶλῃσταίἜπιίυῖνά

171 3246 215 3308 ³7·
323 3251 454 3311 Galilaeus
472 3249 562 3309 dixit:
573 3249 633 3330 Ego
650 3271 710 3309 sum
724 3274 732 3308 ι
745 3262 773 3308 et
787 3247 950 3307 seducebant
966 3247 1039 3305 mul·
1097 3246 1146 3386 μὶν
1160 3253 1261 3328 πρῶτοι
1274 3248 1369 3307 πλάνοι
1390 3247 1479 3319 ὄντες,
1502 3250 1685 3328 ἐνδυσάμενοι
1699 3252 1732 3311 τὸ
1746 3254 1822 3330 ύνομι
1834 3259 1868 3311 τοῦ

170 3348 310 3398 manuos.
323 3344 374 3393 tos.
389 3331 516 3391 Salvator
528 3330 613 3401 venit,
636 3344 661 3388 et
674 3329 765 3388 dixit:
781 3330 929 3408 Quotquot
951 3347 1041 3385 vene·
1126 3336 1226 3407 ριστοῦ,
1239 3327 1396 3396 ἐσπούδαζον
1410 3337 1503 3386 πεῖσαι
1517 3327 1562 3386 τὸν
1579 3333 1660 3405 λαδν,
1672 3332 1716 3392 ὅτι
1734 3335 1804 3391 αὐτοί
1817 3335 1867 3390 εἰςιν

323 3424 393 3470 runt
418 3424 489 3470 ante
510 3432 566 3482 me,
585 3412 673 3490 sures
693 3412 819 3492 suerunt
847 3420 876 3466 et
901 3408 1040 3468 latrones.
1096 3409 1311 3489 ὁΧριστδς,οῦχ
1323 3413 1389 3485 ὁμοῦ
1403 3407 1615 3486 φανάντες,άλλ’
1629 3411 1867 3478 ἔκαστοςιιαθέαν

320 3491 459 3564 Quoniam
480 3490 563 3569 igitur
602 3490 674 3562 rimi,
688 3511 750 3548 cum
768 3486 921 3568 deceptores
941 3499 1038 3560 esseut,
1095 3487 1157 3559 τὸν,
1172 3487 1246 3565 ὁμὲν
1258 3492 1303 3545 νῦν
1317 3486 1481 3566 φαινόμενος,
1492 3488 1576 3554 ἄλλος
1589 3489 1618 3547 δὲ
1636 3490 1681 3549 ἐπ’
1693 3493 1769 3571 ἄλλῳ
1782 3494 1866 3568 ποιεῖν·

322 3571 424 3630 Christi
438 3590 535 3629 nomen
548 3512 687 3628 induentes
701 3567 802 3659 populo
816 3565 976 3648 persuadere
990 3586 1038 3624 co·
1095 3566 1167 3645 λέγει
1177 3572 1191 3627 δ
1202 3567 1325 3648 Χριστὸς,
1337 3565 1417 3624 Ὅσοι
1426 3558 1507 3638 ἦλθον
1521 3568 1577 3646 πρὸ
1588 3572 1669 3643 ἐμοῦ,
1684 3572 1799 3629 κλέπται
1820 3594 1863 3640 ,τιν

322 3650 377 3709 uati
390 3663 465 3725 suut,
479 3647 555 3728 qnod
569 3648 621 3729 ipsi
645 3648 770 3707 Christus
786 3660 874 3719 erant;
885 3661 939 3704 non
957 3644 1039 3704 simul
1058 3667 1076 3714 e
1095 3645 1140 3706 καί
1151 3645 1263 3724 λῃσταί·
1276 3648 1334 3705 ἀλλ’
1349 3648 1396 3704 ούιι
1408 3645 1527 3717 ἤκουσαν
1541 3648 1636 3706 αὐτῶν
1649 3649 1684 3707 τὰ
1697 3653 1823 3732 πρόάατα.
1834 3650 1866 3706 l'i

323 3729 350 3787 iu
366 3730 454 3789 lucem
466 3728 639 3809 prodeuntes,
656 3726 702 3787 sed
718 3727 818 3806 singuli
833 3725 955 3798 seorsim,
968 3744 1038 3783 untes
1094 3725 1216 3804 πρύύατα
1229 3724 1263 3784 τά
1277 3723 1329 3803 ἐμὰ
1343 3727 1390 3795 τῆς
1404 3727 1470 3800 ἐμῆς
1481 3731 1575 3804 φωνῆς
1596 3729 1708 3801 ἀκούει,
1729 3732 1774 3788 καί
1787 3731 1865 3825 γναμ-

322 3808 432 3887 quidem
449 3829 519 3867 nunc
533 3830 561 3866 se
574 3807 697 3880 offerens,
710 3807 781 3865 alius
794 3819 884 3864 autern
900 3804 954 3863 alio
972 3816 1038 3862 tem·
1094 3807 1132 3873 ζει
1142 3803 1190 3878 τλν
1206 3804 1294 3885 φωνήν
1313 3829 1372 3881 μου,
1387 3804 1431 3862 καί
1451 3807 1633 3865 άνιολουθοῦσί
1648 3831 1706 3885 μοι.
1720 3800 1817 3868 Ἦλθον
1830 3833 1863 3866 ουν

169 3890 235 3954 am,
253 3919 291 3955 νο,
322 3887 1038 3968 poretdieitClrristus:Quotquotueneruntortte
1094 3886 1226 3943 ἕκιῖνοιοί
1242 3883 1495 3965 φευδύχριστοι,ιιαλ
1509 3887 1557 3943 οὐκ
1576 3886 1706 3956 ἐδίδαξαν
1723 3891 1776 3949 άπὸ
1789 3889 1863 3964 νόμον,

166 3964 192 4016 Β·
323 3969 470 4049 mesmes
478 3971 600 4045 fueram
610 3979 638 4024 et
649 3967 778 4025 latrones
785 3990 796 4034 ;
808 3966 859 4024 sed
868 3985 927 4022 non
936 3964 1037 4023 audie·
1093 3967 1139 4022 οὐκ
1154 3964 1207 4022 ἀπὸ
1226 3967 1381 4046 προφητῶν,
1397 3965 1455 4021 ἀλλ’
1470 3961 1497 4031 ἐξ
1512 3967 1619 4022 ἑαυτῶν
1637 3967 1751 4027 ἐλάλουν
1769 3970 1810 4026 ναὶ
1822 3968 1864 4026 izi

171 4063 298 4125 [νάπη.
321 4059 390 4105 runt
407 4066 455 4105 eos
467 4067 544 4105 oves.
562 4048 636 4104 Oves
658 4067 729 4103 mete
749 4062 843 4102 meam
858 4064 960 4102 vocem
981 4063 1037 4101 au·
1092 4048 1141 4115 τῆς
1155 4044 1222 4109 ἰδίας
1242 4028 1358 4145 γνάιμης.
1376 4041 1411 4101 Ὁ
1424 4037 1522 4121 Σωτὴρ
1535 4043 1627 4103 ἐλθὼν
1649 4049 1700 4104 οὐκ
1716 4049 1814 4120 ἀπέστη
1827 4053 1863 4105 τα]

319 4128 418 4198 diunt,
429 4139 458 4185 et
466 4137 643 4206 cognoscunt
653 4145 753 4182 uocem
765 4136 906 4193 meam‚et
916 4142 1037 4203 sequun-
1093 4122 1182 4198 νόμου,
1193 4124 1241 4181 οὐκ
1252 4126 1354 4194 άπιοιη
1366 4127 1518 4202 προφητῶν,
1528 4125 1592 4181 ἀλλ’
1607 4125 1712 4204 ἔλεγεν,
1724 4131 1760 4194 ὡς
1771 4132 1796 4186 ἐν
1809 4134 1864 4186 tm·

323 4220 373 4266 tur
382 4227 436 4269 me.
449 4208 587 4267 Venerunt
601 4204 685 4285 igitur·
699 4201 738 4262 illi
750 4203 809 4261 salsi
822 4201 933 4272 Christi,
947 4216 973 4261 et
984 4221 1036 4260 uon
1094 4201 1233 4280 δείγματι·
1245 4204 1341 4268 Καλῶς
1361 4192 1433 4261 εἶπεν
1449 4199 1564 4269 Ἡσαΐας
1578 4222 1586 4240 ”
1603 4206 1653 4264 καὶ
1671 4208 1770 4280 πάλιν,
1780 4213 1817 4268 Ού
1826 4207 1864 4286 μ’·

321 4285 471 4344 docuerunt
486 4296 520 4344 e'x
531 4285 590 4365 lege
600 4298 670 4343 etex
682 4282 828 4364 prophetis,
842 4281 888 4341 sed
898 4303 932 4340 ex
943 4280 1036 4362 seipsis
1094 4304 1213 4363 γραπται
1231 4284 1257 4340 ἐν
1272 4285 1307 4340 τ”
1323 4280 1396 4361 νύμφι
1411 4281 1560 4359 θμῶν;Ι(αί
1575 4283 1622 4342 ὅτε
1641 4290 1794 4364 προσῆλθεν
1807 4289 1865 4360 risio

320 4364 427 4444 loquuti
442 4378 514 4436 suut,
530 4378 556 4422 et
568 4377 608 4422 'ex
628 4363 738 4444 propria
762 4359 899 4421 sententis.
913 4362 1038 4421 Salvator
1094 4359 1251 4434 δδιάύολος,
1265 4306 1336 4440 lidiae
1354 4363 1442 4440 αὐτῷ,
1456 4360 1638 4443 Γέγραπται·
1655 4366 1751 4444 Κυρίω
1765 4372 1800 4426 τῶ
1814 4369 1866 4442 Θεῷ

321 4446 405 4518 venit,
419 4458 445 4502 et
466 4444 519 4502 nou
543 4443 664 4502 discessit
685 4464 700 4501 a
720 4441 788 4522 lege,
803 4462 855 4499 uon
877 4439 1000 4500 discessit
1020 4461 1036 4498 a
1094 4464 1141 4500 σου
1155 4441 1359 4544 πρρσκυνήσεις,
1373 4440 1418 4499 καὶ
1440 4442 1513 4520 αὐτῷ
1535 4441 1614 4523 μόνῳ
1634 4428 1798 4526 λατρεύσειξ.
1812 4447 1866 4505 Ἐλ-

170 4551 257 4595 νιηη,
275 4523 472 4605 ¹5,prop'hetis,
487 4521 533 4582 sed
546 4521 652 4581 dicebat
671 4522 747 4600 quasi
763 4523 789 4580 iu
801 4520 1038 4601 exemplozllene
1095 4519 1147 4579 θὼν
1169 4544 1214 4578 ουν
1235 4523 1249 4578 ὁ
1270 4518 1383 4599 Χριστὸς
1400 4518 1469 4578 ιιατίι
1496 4520 1587 4601 σάρκα
1610 4527 1660 4582 οὐκ
1683 4526 1811 4596 ἔλαλησεν
1830 4525 1865 4603 ἐφ’

170 4627 195 4672 7·
323 4606 399 4662 dixit
420 4605 567 4678 Hesuias;
590 4616 616 4660 et
639 4601 756 4661 iterum:
772 4604 878 4660 Nonne
898 4605 1038 4679 scriptum
1095 4602 1203 4668 ἑαυτοῦ,
1225 4599 1285 4657 ἀλλ’
1306 4598 1358 4657 άπὸ
1372 4604 1526 4679 προφητῶν.
1545 4599 1631 4661 Ἐπεὶ
1651 4594 1699 4663 οὖν
1722 4610 1746 4664 oi
1767 4606 1866 4667 ἐλθόντα

169 4694 366 4762 ιονιθνμοιθ
387 4687 419 4741 in
449 4684 511 4741 lee
540 4686 661 4740 vestro?
683 4681 719 4739 Et
746 4702 809 4740 cum
840 4678 977 4740 accederet
1004 4677 1040 4737 ad
1094 4679 1393 4776 πρὸτοῦΧριστοῦ,ίν
1405 4677 1518 4755 ὀνόματι
1532 4680 1658 4760 Χριστοῦ
1673 4690 1723 4745 cix
1740 4688 1866 4753 ἐλάλησαν,

173 4788 256 4830 τηινγ,
272 4784 295 4848 q,
321 4784 383 4822 euru
395 4704 537 4838 diabolis,
551 4761 620 4820 dicit
635 4761 659 4819 ei
673 4762 834 4840 :Scriptum
855 4773 913 4829 est,
932 4760 1040 4817 Domi·
1095 4762 1143 4819 οὐκ
1159 4758 1212 4817 ἀπὸ
1227 4781 1324 4834 νομου,
1338 4761 1386 4816 οὐκ
1400 4759 1452 4816 άπὸ
1464 4783 1486 4817 π
1539 4766 1636 4835 ητῶν,
1656 4767 1718 4826 ἀλλ’
1740 4766 1792 4826 ἀπὸ
1813 4765 1866 4826 ἰδίει

172 4860 209 4893 ¹⁰·
323 4864 392 4900 ιιιιιιι
422 4845 520 4901 Deum
555 4855 637 4900 turem
666 4842 803 4899 adorabis
836 4853 865 4900 et
897 4841 945 4898 illi
984 4838 1041 4898 soli
1056 4863 1076 4911 n
1095 4839 1215 4916 γνώμης.
1239 4839 1334 4909 τδτῆς
1357 4837 1458 4910 πλάνης
1483 4781 1710 4923 didono-lipsi
1732 4852 1746 4907 δ
1768 4844 1864 4921 λυπήρ’

322 4926 439 4982 servies.
459 4921 542 4984 Venit
555 4921 639 5002 igitur
663 4919 787 4979 Christus
807 4919 956 4979 seeundum
978 4940 1037 4980 car·
1095 4917 1169 4998 Ἐγὼ
1189 4916 1237 4977 ἀπ’
1251 4921 1364 4996 ἐμαυτοῦ
1379 4920 1409 4976 ού
1429 4918 1523 4993 λαλῶ,
1537 4922 1576 4989 ὡς
1593 4926 1704 4987 ἐκιῖνοι.
1719 4926 1760 4987 Τὸ
1772 4925 1818 5006 γὰρ
1830 4920 1863 4999 ἀφ’

355 5078 368 5118 ‘¹
386 5081 447 5147 lieg.
461 5090 487 5129 et
505 5078 579 5131 Colb.
599 5089 664 5152 άργιθ
682 5086 766 5133 πάντα.
783 5076 850 5128 lltid.
867 5076 1031 5139 Colb.'tlrrcv‚
1044 5083 1082 5148 ἀφ’
1109 5080 1195 5130 διδῶσι.

322 5161 415 5211 laotos.
1139 5154 1154 5192 l‘
1172 5151 1247 5211 (dull),
1259 5158 1337 5210 milei
1348 5158 1424 5216 ἦλθον.

354 5241 517 5294 *strateium
535 5234 648 5288 Colbcrt.
669 5248 694 5287 et
713 5238 748 5288 ita
768 5234 827 5302 legit
848 5232 1081 5302 liudperti-ilorci
