3810 6000
349 395 423 494 964
1059 384 1190 468 srun'm.

199 535 340 596 melli·
350 567 465 630 persona
475 544 513 607 ita
525 544 692 624 loquitur,ut
704 543 816 626 impiam
837 544 914 605 illam
935 543 1117 625 suspicionem
1134 542 1227 623 abigat
1243 565 1249 600 :
1264 541 1647 624 Vosautem,quoecumque
1657 544 1784 605 audistis
1795 563 1885 628 epatre

351 653 451 699 oestro
462 639 590 698 diabolo.
605 639 675 697 Nam
685 659 744 717 quae
756 637 839 718 patris
848 652 921 714 sunt,
935 659 992 697 sors
1002 652 1028 696 et
1048 635 1183 696 hereditas
1194 648 1258 693 sunt
1277 633 1398 692 liliorum
1411 657 1418 691 ι
1432 633 1553 712 ideoque
1564 655 1596 692 ea
1605 655 1670 713 quae
1684 635 1722 695 ad
1734 636 1809 698 illum
1821 655 1886 720 pren

351 745 415 791 nent
425 730 571 790 heredibus
584 731 642 810 ejus
655 729 754 790 cedunt
766 755 773 787 :
785 732 823 789 ita
836 745 866 790 ut
883 730 1003 811 idipsum
1022 736 1088 801 e'sse,
1105 743 1136 791 ut
1150 728 1179 788 in
1199 727 1320 808 idipsum
1335 726 1453 786 recidere
1462 725 1705 807 deprehendatur,
1716 751 1753 789 ex
1762 735 1888 814 semetipsis

351 823 437 902 loqui,
453 837 479 881 et
500 843 535 880 ex
548 835 623 902 patre
636 843 685 880 suo
699 821 809 881 diabolo
831 822 917 901 loqui.
931 820 1168 894 Quemadmodum
1192 820 1316 878 Christus
1329 817 1477 878 adveniens
1489 819 1581 877 factus
1596 832 1639 878 est
1655 820 1798 900 plenitudo
1809 824 1890 903 leg‘set

352 916 565 996 prophetarum:
582 915 620 972 ita
640 927 665 972 ct
686 914 804 994 Spiritus
832 915 971 995 plenitudo
996 912 1138 993 evangelii.
1162 911 1286 971 christus
1301 910 1448 970 adveniens
1463 933 1495 969 ea
1508 933 1575 990 quaa
1595 931 1612 968 a
1628 913 1714 971 Patre
1726 914 1754 972 in
1770 914 1824 994 lege
1834 931 1858 975 et
1868 919 1889 976 in

201 1008 269 1056 Rom.
278 1006 341 1071 ¹04
352 1006 490 1089 prophetis
503 1005 575 1071 dicta
588 1005 704 1083 inerant,
715 1006 896 1066 confirmarit.
909 1006 972 1066 ldeo
980 1006 1047 1065 dicit
1056 1005 1167 1078 Paulus,
1182 1005 1342 1064 Plenitudo
1353 1005 1424 1086 legis
1438 1006 1592 1065 Christus.
1605 1004 1734 1086 Spiritus
1744 1021 1841 1066 sanctus
1851 1008 1891 1068 ad-

351 1099 461 1160 veniens
485 1097 609 1179 implevit
628 1119 657 1155 ea
673 1119 733 1176 quae
758 1097 890 1177 evangelii
905 1112 988 1157 crant.
1004 1100 1192 1176 Quaecumque
1213 1097 1240 1155 in
1259 1095 1382 1156 doctrina
1404 1095 1510 1155 Christi
1523 1110 1607 1174 sunt,
1621 1119 1654 1156 ea
1670 1097 1794 1178 Spiritus
1804 1100 1889 1180 implet,

351 1212 527 1271 quaecumque
539 1211 604 1249 vero
617 1189 644 1248 in
660 1190 782 1251 doctrina
799 1191 865 1270 legis
881 1205 954 1265 sunt,
979 1190 1294 1271 christusimple15uon
1318 1190 1395 1268 quasi
1411 1189 1595 1270 imperfectus
1607 1190 1645 1249 sit
1672 1190 1768 1266 Pater,
1780 1191 1822 1251 sed
1832 1195 1891 1272 quasi

131 1338 134 1346 .
351 1283 409 1364 ipse
422 1281 509 1341 Patris
523 1281 654 1362 interpres
662 1297 912 1362 consummatorque
920 1283 963 1342 sit.
979 1281 1083 1342 Eodem
1096 1303 1202 1362 qnoque
1213 1281 1293 1340 modo
1307 1280 1428 1362 Spiritus
1440 1280 1567 1361 explicat
1576 1295 1605 1340 et
1617 1281 1696 1340 clara
1712 1282 1890 1362 redditosque

200 1354 325 1466 ssmb'f’·
353 1376 417 1437 Filii
434 1389 505 1435 sunt.
519 1375 626 1434 Etenim
645 1375 734 1453 inquit
747 1376 812 1434 illc:
827 1376 928 1434 Multa
949 1378 1137 1435 haheovobis
1152 1376 1259 1447 dicere,
1283 1375 1335 1432 sed
1354 1394 1413 1432 non
1424 1378 1564 1453 potestis
1583 1387 1715 1453 portare
1727 1377 1817 1434 modo.
1835 1378 1891 1436 Cum

235 1451 241 1467 ⁹
284 1449 290 1463 ⁸
354 1482 453 1528 autem
466 1473 582 1526 venerit
595 1469 720 1547 Spiritus
732 1481 863 1540 sanctus,
876 1470 998 1528 deducet
1009 1489 1064 1527 uos
1087 1472 1122 1526 in
1133 1487 1249 1526 omnem
1263 1470 1419 1526 ueritatem
1425 1490 1437 1534 ‚·
1451 1486 1484 1524 ac
1495 1463 1616 1540 deinde,
1633 1469 1720 1545 Quia
1732 1489 1754 1526 ιι
1766 1473 1891 1548 semetipso

353 1583 412 1622 non
419 1562 561 1642 loquitur.
573 1561 632 1619 Non
646 1561 718 1619 enim
740 1561 899 1621 contradicit
911 1561 994 1638 Filio,
1012 1560 1060 1619 sed
1076 1561 1171 1642 implet
1185 1581 1215 1620 ea
1239 1580 1299 1637 quae
1313 1557 1377 1617 Filii
1388 1571 1462 1629 sunt,
1480 1571 1510 1616 ut
1527 1557 1625 1617 Filius
1642 1580 1677 1618 ca
1693 1581 1756 1637 quae
1772 1561 1856 1620 Patris.
1868 1562 1891 1620 ln

349 1654 402 1712 hac
416 1652 533 1711 oratione
556 1652 626 1711 circa
640 1651 722 1710 finem
742 1652 862 1712 invenies
876 1675 890 1711 a
906 1652 1100 1734 chrysostomo
1123 1650 1246 1732 probari,
1272 1649 1428 1712 missionem
1440 1670 1531 1729 neque
1546 1649 1661 1708 Filium
1678 1672 1768 1730 neque
1784 1652 1891 1733 Spiritum

352 1741 432 1800 Patre
445 1743 561 1801 minores
574 1743 735 1801 sucerelmo
747 1743 814 1823 ipsis
825 1743 915 1804 verbis
934 1743 1005 1819 dicit
1012 1745 1102 1824 ipsum
1117 1747 1225 1803 Patrem
1250 1742 1322 1801 mitti
1334 1764 1350 1800 a
1364 1741 1470 1822 Spiritu
1483 1755 1509 1800 et
1521 1763 1539 1799 a
1553 1742 1632 1801 Filio
1640 1766 1650 1818 ;
1664 1744 1728 1823 ejus
1736 1745 1815 1804 verba
1827 1759 1889 1803 sunt:

306 1828 344 1869 ⁷⁹⁷
352 1834 384 1894 Si
397 1837 450 1892 tibi
467 1835 618 1893 ostendero
633 1838 729 1914 ipsum
735 1837 888 1915 sectorem
899 1836 970 1894 caeli
985 1849 1013 1894 et
1026 1848 1110 1894 terrae
1121 1841 1241 1895 missum
1266 1856 1327 1894 esse
1352 1855 1371 1893 a
1382 1835 1494 1915 Spiritu
1519 1848 1552 1894 et
1574 1857 1596 1893 a
1607 1837 1709 1907 Filio,
1720 1838 1793 1916 quid
1795 1839 1892 1917 facies?

352 1926 419 1985 Aut
433 1947 507 2005 nega
517 1926 677 1997 Christum,
694 1940 746 1985 aut
763 1928 829 1986 dele
837 1929 1013 2008 Scripturas,
1024 1941 1077 1987 aut
1087 1928 1243 2008 Scripturis
1256 1928 1400 1997 subditus,
1425 1930 1498 2006 ipsis
1521 1930 1719 2007 obtempera.
1736 1931 1775 1987 Et
1786 1931 1892 2002 ubinam,

352 2022 477 2099 inquies,
492 2020 546 2076 hoc
555 2019 666 2078 dictum
680 2026 743 2078 est?
754 2018 839 2079 Audi
849 2023 946 2079 Deum
956 2043 1009 2100 per
1017 2022 1193 2100 proplietam
1200 2021 1345 2078 Heraiam
1357 2020 1502 2076 dicentem
1515 2041 1526 2073 .·
1538 2019 1634 2077 Audi
1645 2041 1707 2087 me,
1715 2021 1817 2091 Israel,
1828 2040 1893 2100 quen

352 2131 405 2190 ego
414 2131 489 2169 uoco
495 2134 508 2179 ;
524 2131 556 2168 ac
571 2123 624 2168 tota
636 2110 720 2190 hujus
734 2111 787 2170 loci
798 2111 908 2196 periodo
924 2112 1058 2193 exposita,
1072 2131 1158 2189 usque
1180 2109 1215 2169 ad
1234 2109 1313 2184 illud,
1328 2112 1370 2168 Et
1382 2129 1461 2168 nunc
1472 2111 1633 2169 Dominus
1641 2114 1729 2170 misit
1738 2112 1890 2190 meetSpiri·

352 2215 399 2262 tus
411 2205 483 2284 ejus,
507 2203 626 2261 affirmat
645 2206 752 2263 Patrem
765 2204 824 2263 baec
836 2204 937 2284 dicere,
963 2219 1042 2283 atque
1055 2224 1089 2262 ex
1105 2201 1319 2283 praecedentibus
1344 2220 1495 2260 sermonem
1508 2200 1680 2280 confirmat,
1697 2215 1725 2261 et
1739 2202 1824 2283 palam
1844 2201 1893 2260 lacit

327 2366 330 2371 .
350 2296 459 2356 Patrem
472 2317 529 2355 csse
542 2295 588 2374 qui
599 2295 656 2354 haec
670 2296 803 2374 loquitur,
813 2310 839 2355 ct
850 2297 898 2376 qni
913 2297 1056 2356 mittitura
1071 2294 1176 2375 Spiritu
1191 2308 1216 2353 et
1228 2315 1244 2351 a
1254 2293 1335 2352 Filio.
1349 2317 1364 2349 ν

391 2388 423 2446 ln
434 2387 478 2446 his
491 2387 572 2448 dictis
585 2388 711 2468 quaedam
726 2377 910 2467 observamus,
924 2402 950 2448 ct
962 2387 1172 2470 primoquidem
1185 2385 1256 2443 hanc
1263 2384 1405 2444 homiliam
1420 2383 1504 2442 suisse
1519 2383 1651 2464 primam
1670 2385 1746 2445 inter
1757 2407 1798 2445 ees
1812 2383 1894 2464 qnede

352 2478 457 2560 Spiritu
476 2495 568 2540 sancto
579 2480 648 2540 inter
660 2481 848 2562 Chrysostomi
860 2504 940 2563 opera
952 2481 1043 2541 Photii
1066 2494 1185 2560 ternpore
1199 2476 1472 2551 circumferebantur,
1483 2475 1533 2535 sed
1544 2498 1584 2535 ex
1598 2477 1636 2536 iis
1647 2478 1729 2537 nulla
1740 2479 1791 2537 alia
1803 2499 1892 2559 compa·

351 2586 468 2632 retznon
489 2574 560 2632 enim
576 2572 726 2653 putandum
737 2587 776 2633 est
789 2595 923 2633 sermones
935 2573 970 2632 de
980 2576 1132 2633 Pentecoste
1144 2570 1300 2650 dequibus
1325 2590 1407 2650 supra
1432 2568 1563 2629 diximus
1586 2570 1615 2628 in
1636 2571 1742 2631 harum
1764 2572 1797 2630 de
1808 2571 1893 2651 Spiritu

351 2679 443 2723 sancto
455 2665 631 2724 homiliarum
642 2688 753 2724 numero
763 2667 968 2747 comprehensos
982 2665 1064 2724 suisse
1076 2688 1083 2721 ι
1097 2661 1158 2722 illos
1169 2662 1271 2742 quippe
1282 2661 1336 2720 alio
1346 2661 1404 2719 loco
1413 2659 1564 2741 separatim
1577 2678 1781 2724 commemorat
1791 2663 1891 2732 Photius,

352 2771 383 2815 ut
400 2756 503 2815 ibidem
515 2755 646 2842 diximus.
663 2757 947 2818 AlindexbocPhotii
956 2756 1115 2838 compendio
1128 2753 1240 2828 inferes,
1253 2752 1428 2833 nempehunc
1436 2753 1616 2834 scriptorem,
1627 2757 1681 2834 qui
1694 2757 1893 2838 chrysostomum

352 2848 508 2924 ementitur,
526 2848 632 2929 ingenio
648 2848 765 2908 valuisse
784 2873 790 2906 :
805 2849 833 2908 in
848 2849 898 2910 hac
924 2848 997 2908 enirn
1010 2848 1125 2929 epitome
1145 2847 1204 2926 ejus
1217 2845 1360 2904 ratiocinia
1383 2843 1486 2904 clarius
1496 2846 1690 2906 enuntiantur
1705 2873 1713 2905 ε
1728 2870 1789 2907 nam
1801 2847 1894 2928 scriptor

351 2938 399 2998 ille
408 2985 415 3015 ,
425 2961 477 2999 non
493 2940 580 2998 multo
591 2940 702 2999 inferior
715 2954 792 3000 atate
808 2941 1011 3021 chrysostomo,
1026 2938 1149 2998 nonnihil
1163 2938 1304 2999 intricatus
1313 2937 1390 2996 estin
1408 2937 1584 3017 syllogismis
1598 2941 1672 3000 suis.

392 3032 458 3091 Haec
468 3032 579 3091 homilia
592 3033 669 3091 initio
676 3032 769 3091 habita
780 3034 865 3091 sertur
875 3032 920 3091 dic
933 3035 1104 3092 Pentecosten
1118 3031 1291 3109 insequente:
1304 3052 1334 3090 ac
1349 3043 1441 3089 ooutra
1455 3030 1683 3092 hlacedonianos
1695 3034 1754 3094 senc
1762 3054 1893 3114 semperne

354 3123 454 3202 agitur,
469 3124 613 3202 etquidem
624 3137 730 3182 strenue
742 3123 960 3203 argumentisque
972 3145 1008 3182 ex
1021 3123 1161 3204 Scriptura
1172 3143 1246 3182 sacra
1259 3121 1398 3181 desumtis.
1408 3121 1551 3202 Principio
1562 3124 1686 3183 docetur
1701 3126 1792 3204 inquo
1803 3124 1891 3183 diflert

353 3215 487 3296 generatio
501 3238 516 3274 a
530 3215 700 3297 processione
713 3215 853 3274 :dilucide
869 3215 970 3274 dicitnr
984 3215 1197 3274 intercessionem
1220 3229 1374 3273 sanctorum
1390 3213 1468 3272 nohis
1485 3213 1521 3272 ad
1536 3218 1719 3276 sanctitatem
1735 3218 1890 3277 auxilioesse

353 3310 470 3367 Docctur
484 3308 565 3367 ctiam
578 3308 785 3367 lllaccdonianos
799 3307 848 3366 etsi
862 3308 1164 3366 consubstantialitatem
1175 3307 1239 3365 Filii
1259 3306 1440 3379 admitterent,
1460 3305 1485 3363 ei
1496 3320 1591 3366 tamen
1603 3309 1763 3370 secundum
1778 3311 1891 3371 Nieamm

353 3400 495 3481 Synodnm
508 3400 676 3459 subscribere
686 3400 769 3458 nolle.
795 3401 854 3460 Sub
873 3400 954 3459 linem
966 3400 1001 3458 dc
1022 3401 1150 3460 hlontano
1171 3414 1197 3459 et
1217 3399 1251 3459 dc
1265 3399 1425 3472 hlaniclraeo,
1441 3397 1476 3459 de
1489 3414 1636 3481 postremo
1651 3401 1892 3464 maximenonnnlla

353 3493 422 3552 scitu
432 3493 513 3573 digna
527 3493 680 3552 traduntur.

393 3585 642 3665 interpretationem
657 3598 783 3656 veterem,
797 3606 879 3663 quam
893 3585 1029 3643 nonnullis
1045 3585 1072 3644 in
1084 3584 1150 3645 locis
1170 3586 1269 3645 Fronto
1284 3587 1402 3643 Ducaeus
1427 3582 1625 3666 castigaverat,
1642 3600 1672 3646 et
1697 3587 1790 3647 adhuc
1809 3584 1891 3646 medica

354 3698 436 3735 manu
449 3676 551 3755 egebat,
566 3675 661 3735 miultis
674 3675 736 3735 aliis
746 3675 771 3735 in
786 3677 852 3735 locis
866 3675 1075 3736 emendavimus.

349 3863 1892 3895 m

352 4016 383 4076 S.
417 4017 597 4078 JOANNIS
625 4019 830 4078 CHRVSOST
830 4021 910 4079 0M1
932 4020 1107 4080 SERMOA
1282 4022 1593 4083 ’ΧΡΥΣΟΣΤΟΜΟΥ
1615 4026 1761 4084 onitate

565 4206 602 4264 de
614 4218 719 4265 sancto
731 4207 851 4287 Spiritu.
1099 4220 1101 4226 '
1314 4208 1432 4291 περὶτοῦ
1445 4207 1521 4288 ἁγίου
1536 4210 1718 4289 Πνεόματος.

233 4387 296 4432 ⁰⁶¹²
306 4389 343 4432 ‘¹¹⁸
395 4394 422 4450 1
430 4390 1070 4463 llerranobis,amatoreschr1strsanctretado-
1163 4393 1232 4460 Χθὲς
1245 4383 1355 4469 ἡμῖν,ιο
1374 4393 1556 4492 φιλόχριστοι,
1570 4400 1588 4466 ἡ
1604 4404 1656 4457 τοῦ
1678 4398 1756 4475 <ipim
1772 4398 1814 4457 καὶ
1825 4419 1891 4475 epr-

197 4465 257 4554 ¹qu
256 4453 300 4555 ,¹2⁵
297 4451 344 4557 ιζ,
353 4471 431 4530 randi
454 4472 578 4561 Spiritus
589 4472 773 4530 celebrabatur
787 4471 931 4547 adventus,
953 4473 1069 4530 nonhu·
1122 4496 1232 4546 κυνητου
1216 4473 1401 4551 Πνευματσς
1423 4473 1637 4574 ἐπιγοίτησᾙς
1620 4488 1781 4553 ανυμνεῖτο,
1797 4482 1840 4538 οὐκ
1856 4479 1891 4532 όν

196 4584 278 4618 coires
354 4573 496 4609 manarum
514 4550 713 4641 cogitationum
731 4551 832 4610 honore
858 4565 995 4631 exceptus,
1021 4552 1068 4610 sed
1121 4554 1298 4654 oporinum}
1299 4552 1568 4658 ννοίαιςτιμιιμένιγ,
1585 4557 1711 4614 etta*
1677 4581 1711 4635 τῃ
1735 4557 1891 4637 πατραῆδυ

350 4645 491 4722 pateruae
493 4628 603 4690 virtutis
625 4631 777 4689 testimonio
797 4633 996 4711 comprobatus
1008 4633 1067 4690 Non
1120 4634 1199 4709 νόμει
1216 4632 1427 4712 μαρτυρουμένη.
1447 4634 1488 4691 oo
1517 4632 1571 4732 γὰρ
1598 4634 1630 4702 ἐξ
1652 4623 1703 4694 ὧν
1713 4624 1891 4727 loqcidpehai

349 4732 423 4769 enim
437 4732 471 4769 ex
485 4709 518 4768 iis
539 4732 599 4789 quae
621 4711 770 4789 cogitamus
793 4711 836 4770 vel
853 4710 991 4789 loquimur
1005 4732 1067 4769 ier-
1119 4713 1303 4819 qfteppdpadu,
1317 4719 1330 4771 ὁ
1352 4735 1397 4770 του
1418 4714 1488 4772 Θεου
1510 4710 1677 4773 συνίσταται
1684 4718 1791 4818 λόγος,
1805 4717 1855 4774 ἀλλ
1871 4711 1890 4776 ἐξ

348 4790 415 4849 bum
430 4790 481 4849 Dei
501 4790 722 4848 commendatur:
737 4788 783 4848 sed
798 4812 846 4870 per
859 4812 889 4849 ea
903 4790 1022 4880 quibus
1026 4789 1064 4848 il·
1119 4818 1156 4851 ων
1180 4793 1346 4892 φωτιζόμεθα
1369 4790 1415 4848 rol
1435 4794 1453 4861 ἡ
1476 4790 1603 4850 sciciderat
1628 4796 1802 4870 συνίσταται,
1823 4793 1889 4856 zeli,

344 4869 496 4930 lustramus
515 4883 541 4928 et
566 4867 651 4951 pietas
675 4869 890 4950 commendatur,
913 4885 939 4930 ct
964 4869 1065 4932 veritas
1119 4871 1229 4944 diuideret
1243 4870 1409 4953 κηρύττεται.
1423 4869 1511 4938 Μόνος
1526 4875 1540 4929 ὁ
1557 4894 1606 4932 του
1586 4872 1889 4955 Θεοῦλόγσς,ιιόνηὲ

376 5071 386 5095 ι
405 5052 504 5104 collata
517 5070 574 5104 cum
583 5054 640 5104 Mes.
652 5054 713 5120 lleg.
725 5054 800 5116 2343,
810 5064 836 5104 et
846 5071 906 5105 cnm
917 5052 1030 5107 colbert.
1044 5056 1103 5106 tro.
1132 5067 1202 5110 νοιῑτι
1213 5053 1271 5125 (sic)
1282 5063 1322 5119 τὸ,
1333 5061 1422 5115 κλητὸς.
1432 5051 1506 5106 Idem
1524 5055 1604 5123 paulo
1617 5073 1682 5126 post
1696 5063 1796 5116 initium
1807 5067 1888 5121 alian

343 5131 458 5201 ln[Colb.
473 5133 574 5199 titulus,
587 5139 665 5201 ὁμιλία
677 5141 730 5206 arpi
741 5142 781 5187 τοῦ
797 5142 863 5201 a'rpiau
881 5139 1009 5203 πνεύματος
1026 5142 1064 5188 καὶ
1078 5143 1108 5194 αἱς
1133 5143 1203 5205 olreiq
1215 5139 1308 5203 δυνάμιι
1317 5138 1513 5206 papsupuipeme·

342 5221 381 5266 res
391 5221 524 5284 urtpuepais,
534 5221 570 5268 rui
584 5221 611 5274 eie
623 5222 661 5268 τὸν
673 5221 755 5283 λῃστήν
767 5221 804 5268 καὶ
823 5222 882 5269 κατὰ
895 5212 1020 5283 dpatientia,
1030 5223 1067 5269 uei
1086 5223 1109 5269 τι·
