3764 5992
112 448 159 530 3'6
443 478 473 527 s.
500 476 641 527 ioannis
667 475 848 526 ennrsosr.
878 475 1035 524 ancnrnr.
1062 471 1330 524 oonsraorruor.

112 606 175 665 dole
191 604 249 685 agit
267 616 298 664 ut
320 603 426 686 vulpes,
449 602 540 662 hinnit
562 602 599 668 ad
621 603 734 662 seminat
747 601 832 661 instar
885 600 995 660 δόναται
1015 603 1029 658 θ
1046 604 1161 666 τοιοῦτος
1182 596 1230 670 τὴν
1254 600 1303 676 υίῷ
1324 594 1475 676 replicemus
1499 595 1656 675 ἀναπέμψαι

111 695 175 774 oqui
190 694 338 773 emissarii,
353 694 401 774 qui
422 693 507 775 possit
531 694 644 774 dignam
663 693 722 758 filio
736 714 831 753 vocem
885 691 984 773 φωνὴν,
998 691 1044 750 καί
1064 690 1176 771 Πατέρα
1197 693 1290 749 ἑαυτοῦ
1304 689 1394 747 καλεῖν
1407 687 1452 747 τόν
1463 685 1548 759 Θιόν;
1563 688 1600 748 Τί
1613 677 1656 746 οὖν

99 787 246 865 emittere,
259 787 422 865 Patremque
442 788 530 845 Deum
545 785 725 867 compellare?
742 784 831 857 Quem
848 791 867 838 E
885 782 1059 861 ὀνομάζεσθαι
1079 781 1132 864 χρὴ
1158 782 1202 841 τὸν
1224 786 1356 854 cembron
1378 779 1494 862 Θηρίοι,
1518 778 1600 839 Ἀλλὰ
1625 780 1657 838 τὰ

113 877 187 937 hune
200 877 599 957 igituirroeemus?Feramne?
612 878 646 936 At
659 878 831 936 sermunoex
885 873 964 956 θηρία
997 874 1036 933 ot
1064 873 1164 933 τούτων
1194 875 1248 931 τῶν
1277 872 1471 951 ἐλαττωμάτων
1500 871 1656 950 κατάγεται·

112 969 274 1028 enumeratis
280 968 349 1029 vitio
359 969 502 1043 laborant,
515 968 559 1026 bic
572 988 637 1027 vero
648 968 737 1027 omnia
749 967 830 1026 simul
885 959 959 1034 ebroe
972 966 1000 1027 δὲ
1009 965 1097 1026 πάντα
1108 964 1263 1045 συναγαγὼν
1277 967 1304 1024 ἐν
1318 967 1420 1045 ἐαυτῷ,
1431 964 1477 1022 καὶ
1492 968 1542 1034 τῆς
1553 962 1657 1023 ἐκείνων

113 1060 304 1141 eompleetens,
317 1059 421 1120 feritate
431 1059 551 1140 ipsarum
561 1058 696 1117 efferatior
706 1071 755 1118 est.
771 1058 829 1118 Ec-
887 1060 996 1140 ἀλογίας
1015 1059 1119 1139 γέγονεν
1145 1056 1316 1138 ἀλογιίτιρος.
1336 1055 1390 1116 Καί
1417 1055 1444 1115 τί
1463 1054 1534 1134 λέγω
1555 1053 1657 1133 θηρίον,

113 1152 183 1229 qnid
195 1151 258 1210 dico
275 1152 379 1210 feram?
394 1153 461 1211 Fera
479 1150 575 1229 quavis
593 1149 709 1208 deterior
717 1149 764 1208 ille
782 1162 829 1208 est.
886 1152 989 1234 Θηρίου
1003 1151 1101 1219 παντὸς
1113 1149 1298 1231 χαλεπώτερός
1307 1152 1376 1209 ἐστιν
1390 1151 1541 1212 θτοιοῦτος.
1552 1145 1657 1205 Ἐκεῖνα

66 1245 71 1253 ’
114 1242 220 1303 Etenim
233 1243 295 1302 ferae
309 1243 372 1302 licet
384 1256 481 1302 natura
498 1263 546 1300 sua
560 1240 678 1301 immites
691 1241 745 1299 sint
751 1286 761 1318 ,
774 1241 831 1298 hu-
888 1242 936 1323 μὲν
950 1241 1002 1323 γὰρ
1011 1288 1020 1316 ,
1030 1242 1117 1301 καίτοι
1125 1239 1195 1301 κατὰ
1214 1242 1292 1320 ρόσιν
1303 1241 1383 1320 ἄγρια
1394 1241 1473 1311 ὄντα,
1492 1237 1657 1317 ἀνθρωπίνης

112 1355 191 1394 mana
204 1349 293 1394 tamen
309 1348 367 1393 arte
381 1333 483 1393 cicures
503 1333 573 1390 liunt
586 1346 612 1391 et
626 1345 829 1391 mansuescunt:
889 1332 1079 1394 ἀπολαύσαντα
1096 1332 1302 1414 τέχνης,ἥμιρα
1313 1330 1442 1397 πολλάκις
1454 1320 1658 1409 peccet-obeo<

112 1425 158 1484 hie
173 1447 237 1487 vero
246 1426 337 1502 homo,
351 1425 399 1503 qui
408 1423 517 1483 insitam
533 1422 721 1482 illisanatura
732 1423 825 1483 ferita-
885 1425 928 1498 δὲ,
951 1424 1088 1503 ἄνθρωπος
1108 1422 1155 1498 ὢν,
1179 1423 1225 1482 καί
1246 1421 1294 1496 τὴν
1311 1421 1416 1481 ἐκείνων
1436 1422 1583 1502 ἀγριότητα
1609 1421 1657 1492 την

113 1531 165 1576 tem
191 1517 219 1575 in
245 1514 493 1588 mansuetudinem,
511 1536 572 1593 quae
601 1528 693 1574 eontra
721 1515 831 1574 illarum
884 1516 953 1576 κατὰ
967 1515 1044 1596 ρόσιν
1059 1519 1095 1583 εἰς
1109 1514 1158 1588 τὴν
1177 1514 1329 1596 ἡμερότητα
1343 1512 1500 1592 μεταόαλὼν
1517 1513 1568 1584 τὴν
1585 1511 1658 1594 παρὰ

112 1621 235 1666 naturam
259 1621 317 1684 est,
337 1619 502 1680 commutat,
523 1627 614 1685 quam¹
631 1606 831 1665 exeusationem
885 1608 972 1691 ρόσιν,
985 1607 1064 1668 ποίαν
1078 1606 1130 1676 ἕξει
1156 1606 1311 1686 ἀπολογίαν,
1330 1606 1379 1678 την
1402 1608 1495 1664 ἑαυτοῦ
1519 1605 1658 1684 πραότητα

111 1700 233 1778 babebit,
247 1701 295 1779 qui
313 1699 428 1759 inditam
439 1700 492 1759 sibi
509 1723 524 1759 a
538 1714 633 1758 natura
647 1698 831 1758 mansuetudi-
884 1699 933 1774 τὴν
944 1701 1013 1760 κατὰ
1028 1699 1104 1780 ρόσιν
1113 1702 1150 1766 είς
1161 1697 1305 1779 ἀγριότητα
1314 1697 1411 1776 ἐξάγων
1425 1696 1474 1768 τὴν
1485 1696 1561 1777 παρὰ
1574 1695 1658 1776 ρόοιν,

111 1793 212 1852 nemin
234 1793 368 1852 feritatem
391 1806 494 1851 naturae
517 1812 573 1850 sum
592 1791 755 1850 contrariam
767 1811 831 1850 con·
845 1833 870 1873 29
884 1793 971 1853 καὶτὸ
983 1791 1032 1872 μὲν
1047 1792 1137 1874 ἄγριον
1152 1791 1228 1871 ρόσει
1241 1794 1324 1849 ποιῶν
1338 1789 1447 1870 ἥμερον,
1463 1788 1598 1849 ἑαυτὸνδὲ
1614 1787 1657 1846 τὸν

112 1884 241 1958 vertit,·et
254 1883 326 1963 quod
336 1897 392 1944 erat
402 1897 498 1943 natura
510 1884 608 1960 lerum,
621 1883 687 1942 mite
699 1882 829 1961 reddidit,
847 1888 868 1934 Α
884 1885 982 1965 ἥμερον
1003 1884 1079 1965 ρόσει
1099 1888 1182 1943 ποιῶν
1200 1883 1291 1962 όγριον
1301 1906 1309 1957 ;
1319 1880 1366 1941 καὶ
1386 1881 1480 1941 λέοντα
1495 1880 1545 1957 μὲν
1565 1885 1657 1939 τιθασ·

110 1993 141 2034 se
163 1996 226 2035 vero
251 1988 347 2034 natura
373 1975 476 2046 mitem,
502 1975 590 2033 lerum
612 1974 723 2033 effecit?
737 1988 762 2033 et
783 1976 832 2053 qui
885 1976 978 2050 σεόων,
992 1975 1038 2035 καί
1054 1975 1181 2056 χειροήθη
1199 1978 1292 2047 ποιῶν,
1310 1971 1355 2031 τὸν
1370 1970 1397 2031 δὲ
1417 1971 1498 2048 θυμὸν
1514 1971 1560 2050 τὸν
1574 1969 1658 2029 'lime

111 2067 215 2126 leonem
231 2066 338 2146 mitigat
352 2066 573 2145 tractabilemque
584 2066 660 2143 lacit,
674 2066 744 2125 imm
754 2089 831 2127 suam
885 2067 988 2134 λεόντος
1001 2067 1205 2135 κατασκευάζων
1230 2063 1402 2145 ἀγριώτερον,
1423 2062 1517 2122 Καίτοι
1537 2064 1592 2122 ἐκεῖ
1615 2062 1661 2122 δύο

23 2172 26 2181 ·
110 2159 187 2218 leone
206 2157 298 2218 reddit
312 2157 570 2218 intractabilioremi’
586 2163 621 2218 At
641 2157 669 2217 in
683 2158 759 2218 leone
775 2159 831 2220 duo
886 2159 942 2218 ἐστὶ
961 2158 1123 2238 κωλύματα,
1136 2157 1181 2217 καί
1194 2158 1225 2217 τὸ
1237 2159 1364 2237 λογισμοῦ
1385 2158 1542 2235 ἐστερῆσθαι
1560 2155 1592 2214 τό
1609 2159 1659 2226 θη-

110 2265 174 2310 sunt
199 2249 401 2331 impedimenta,
426 2249 501 2329 quod
522 2250 545 2308 is
563 2250 667 2310 ratione
690 2265 789 2325 eareat,
806 2266 832 2312 et
887 2249 952 2330 ρίαν,
965 2251 1009 2310 καλ
1029 2251 1061 2310 τὸ
1071 2250 1179 2310 πάντων
1195 2239 1261 2308 εἶναι
1280 2246 1492 2327 θυμωδίστερον·
1507 2249 1568 2306 ἀλλ’
1588 2246 1660 2324 ὅμως

110 2342 183 2421 quod
199 2356 356 2402 caeterorum
375 2341 496 2403 omnium
521 2342 557 2402 sit
580 2328 786 2404 ferocissimus:
805 2358 832 2403 et
887 2341 931 2402 διά
940 2346 988 2413 τῆς
997 2340 1070 2422 παρὰ
1090 2346 1136 2401 τοῦ
1149 2343 1221 2401 θεοῦ
1236 2338 1355 2409 δοθείσης
1375 2337 1480 2416 σοφίας,
1493 2337 1661 2410 καλτῆςθη-

109 2448 198 2494 tamen
209 2456 258 2515 per
266 2433 399 2494 divinitus
416 2432 530 2493 inditam
544 2434 707 2514 sapientiam
719 2434 833 2495 lerinam
887 2434 994 2516 ριόιδους
1008 2432 1172 2517 περιγίνεται
1192 2431 1303 2511 ρόσεως.
1322 2430 1375 2490 Καὶ
1399 2433 1414 2487 θ
1436 2429 1547 2487 ἐπὶτῶν
1561 2430 1659 2510 θηρίων

110 2525 187 2586 illam
203 2540 312 2608 superat
330 2539 473 2604 naturam,
490 2547 588 2586 verum
604 2525 637 2598 is,
661 2526 708 2605 qui
727 2526 755 2610 in
769 2528 834 2588 seris
885 2526 935 2599 τλν
949 2525 1026 2610 φύσιν
1039 2529 1133 2594 νικῶν.
1146 2527 1188 2605 ἐρ’
1200 2528 1295 2584 ἑαυτοῦ
1310 2521 1379 2602 μετά
1396 2526 1444 2593 τῆς
1458 2519 1560 2601 ptem<
1570 2524 1616 2581 καλ
1631 2522 1661 2582 τὸ

110 2632 235 2678 naturam
247 2619 344 2697 vineit,
361 2618 389 2678 in
406 2618 495 2700 seipso
508 2632 535 2678 et
548 2632 651 2678 naturae
663 2633 688 2679 et
702 2621 833 2701 propositi
885 2624 933 2692 τῆς
955 2617 1135 2701 προαιρέσεως
1159 2616 1289 2676 ἀπόλλυσι
1313 2615 1470 2674 καλόνκαὶ
1491 2614 1586 2674 λέοντα
1614 2613 1661 2693 μὲν

110 2710 258 2771 voluntarii
271 2711 376 2770 honum
394 2712 483 2791 perdit
496 2710 636 2789 :dumque
648 2712 753 2771 leonem
769 2714 833 2773 facit
884 2712 1112 2793 semihomines,
1128 2709 1221 2769 ἑαυτὸν
1232 2708 1260 2768 δὲ
1272 2716 1382 2788 περιορᾷ
1396 2704 1424 2774 ἐξ
1438 2705 1579 2786 ἀνθρώπου
1594 2706 1662 2786 γινό

111 2801 261 2878 hominem,
277 2823 305 2861 se
319 2823 354 2860 ex
365 2801 474 2860 homine
487 2802 588 2860 laetum
601 2823 657 2860 esse
670 2802 774 2861 leonem
781 2825 832 2884 pro
885 2827 962 2882 ρενον
978 2803 1088 2862 λέοντα·
1103 2801 1150 2862 καί
1165 2800 1256 2882 ἐκείνῳ
1271 2800 1319 2877 μὲν
1330 2798 1364 2858 τὰ
1381 2798 1448 2879 θπὲρ
1460 2797 1538 2880 φύσιν
1552 2800 1663 2880 χαρίζε-

111 2892 283 2952 nibilodueit
296 2893 354 2951 :illi
375 2913 435 2971 qum
458 2913 539 2973 supra
555 2907 677 2951 naturam
698 2907 761 2953 sunt
775 2894 831 2953 im·
846 2905 866 2954 B
883 2918 945 2967 ται,
960 2897 1047 2972 ἑαυτῷ
1066 2893 1094 2952 δὲ
1119 2891 1177 2951 οὐδὲ
1192 2891 1227 2952 τά
1246 2891 1316 2950 κατὰ
1332 2889 1409 2971 ρόσιν
1432 2889 1577 2972 πορίζεται.
1599 2893 1662 2959 nte

112 2983 212 3065 pertit,
233 2983 285 3043 sibi
311 3005 372 3062 quae
395 2997 487 3042 eontra
513 2997 637 3042 namram
660 2997 722 3043 saint
743 2985 833 3046 adsci-
883 2985 1123 3054 τοίνυνότοιοῦτυς
1138 2984 1278 3057 δυνήσεται
1291 2981 1404 3061 Πατέρα
1414 2984 1504 3041 καλεῖν
1517 2982 1563 3041 τὸν
1577 2982 1663 3056 Θεόν,

37 3146 41 3152 ,
111 3077 172 3136 seit.
185 3076 328 3148 Quomodo
340 3075 425 3155 igitur
435 3076 497 3135 talis
508 3096 569 3134 eum
579 3075 624 3150 sit,
634 3078 723 3136 Deum
732 3078 832 3158 poterit
884 3079 918 3140 ‘0
939 3077 1028 3157 μέντοι
1041 3077 1103 3158 περὶ
1117 3074 1177 3144 τοὺς
1191 3074 1304 3146 πλησίω
1325 3072 1424 3151 ἥμερος
1445 3072 1492 3133 καί
1512 3074 1663 3154 ριλάνθρυι-

110 3168 247 3250 appellare
261 3168 384 3228 Patrem?
403 3167 535 3248 Quisquis
550 3167 637 3247 igitur
657 3190 720 3250 erga
735 3171 831 3251 proxi·
884 3195 946 3245 πος,
965 3169 1012 3231 καί
1030 3169 1090 3235 τοὺς
1112 3172 1148 3236 εἰς
1160 3168 1238 3227 αὐτόν
1256 3168 1478 3244 πλημμελοῦντας
1495 3167 1544 3224 οὐκ
1565 3167 1663 3244 ἀμυνό·

111 3281 187 3320 mum
200 3260 274 3320 mitis
286 3260 476 3338 humanusque
493 3273 533 3320 est
541 3260 665 3340 ,quique
687 3262 714 3321 in
728 3284 757 3322 se
769 3277 832 3344 peo-
885 3284 977 3342 μενος,
996 3263 1055 3321 ἀλλ’
1068 3259 1287 3343 εθεργεσίαιςτθς
1301 3257 1404 3325 ἀδικίας
1421 3256 1612 3336 ἀρειόόμενος,
1633 3261 1662 3317 ob
1703 3328 1707 3334 .

109 3365 198 3413 cantes
209 3372 262 3413 non
279 3350 430 3426 ulciscitur,
443 3350 490 3411 sed
502 3352 641 3410 beneficiis
655 3353 767 3432 injurias
778 3354 831 3414 sihi
884 3352 1073 3433 κατακρίνεται
1083 3352 1284 3431 Πατέρακαλῶν
1296 3349 1340 3409 etv
1354 3347 1432 3410 θεόν.
1453 3349 1577 3430 Πρόσεχε
1592 3350 1661 3430 δὲιῇ

113 3445 202 3505 illatas
214 3456 367 3504 remunerat
375 3489 383 3520 ,
399 3443 421 3503 is
435 3442 457 3503 si
473 3444 561 3502 Deum
575 3444 693 3525 appellet
709 3446 829 3522 Patrem,
884 3445 1007 3526 ἀκριόιίρ
1021 3449 1067 3504 τοῦ
1085 3443 1180 3523 λόγου,
1192 3447 1249 3512 πῶς
1262 3448 1328 3520 ἡμῖν
1343 3446 1477 3520 νομοθετεῖ
1489 3442 1520 3502 τὸ
1534 3441 1664 3520 ριὶάλλη·

110 3558 163 3598 non
182 3559 244 3597 reus
265 3536 367 3617 agitur.
382 3534 519 3595 Orationis
539 3535 596 3595 vim
618 3535 760 3616 diligenter
781 3539 831 3599 ad·
883 3541 940 3612 λον,
952 3537 998 3597 καλ
1012 3539 1049 3604 εἰς
1063 3535 1236 3615 ἀγαπητικὴν
1256 3533 1507 3602 όπανταςσυνάπτει
1527 3534 1660 3594 διάθεσιν.

111 3643 195 3705 verte,
206 3627 342 3709 quomodo
356 3627 433 3688 nobis
452 3642 579 3688 mutuum
599 3647 717 3686 amorem
732 3629 830 3710 preci·
884 3632 925 3689 Οὔ
935 3627 987 3710 γάρ
999 3628 1103 3688 ἐκέλευε
1112 3629 1209 3706 λέγειν,
1219 3625 1311 3706 Πάτερ
1324 3648 1388 3704 μου,
1401 3630 1415 3685 ὁ
1431 3628 1457 3684 ἐν
1467 3634 1521 3693 τοῖς
1531 3628 1664 3705 οὐρανοῖς,

110 3722 177 3802 piat,
191 3735 272 3800 atque
297 3720 417 3780 caritatis
439 3721 536 3778 affectu
559 3739 651 3778 omnes
676 3721 831 3801 conjungat.
884 3720 970 3794 ἀλλά,
985 3721 1078 3803 Πάτερ
1098 3725 1186 3800 ἡμῶν,
1210 3723 1267 3778 to
1285 3729 1339 3787 τοῖς
1354 3721 1493 3797 οὐρανοῖς,
1512 3717 1556 3776 ise
1576 3720 1664 3779 κοινὸν

112 3815 206 3892 Neque
219 3813 290 3871 onim
315 3811 405 3871 dicere
423 3812 515 3892 jussit,
532 3814 612 3871 Pater
635 3811 683 3888 mi,
696 3812 744 3890 qui
764 3833 792 3873 es
803 3812 832 3872 in
886 3812 997 3894 Πατέρα
1011 3813 1082 3895 ἔχειν
1101 3812 1282 3894 διδαχθέντες,
1299 3809 1442 3892 ἀδιλρικὴν
1457 3810 1522 3891 πρὸς
1536 3811 1666 3883 ἀλλήλους

111 3903 185 3964 caelis
196 3928 203 3974 ;
216 3902 265 3961 sed
286 3905 379 3961 Pater
395 3915 508 3974 noster,
520 3906 571 3981 qui
586 3923 616 3962 es
636 3907 670 3961 in
691 3904 786 3975 eoelt‘55
801 3918 833 3965 ut
887 3904 1048 3985 δεικνόωμεν
1060 3904 1171 3966 εὔνοιαν.
1186 3895 1254 3964 Εἶτα
1277 3902 1407 3963 διδάσκων
1422 3907 1492 3980 ἡμᾶς
1505 3904 1663 3961 καταλιπεῖν

112 3992 201 4054 edocti
208 4013 256 4051 nos
265 4011 435 4051 communem
444 3990 545 4050 habere
555 3994 675 4068 Patrem,
685 3993 833 4060 fraternam
884 3997 933 4070 τὴν
948 4002 998 4078 γῆν
1013 3995 1080 4057 Ι’καλ
1099 3997 1132 4057 τὰ
1148 3996 1210 4076 περὶ
1229 4001 1289 4076 γῆν,
1301 3995 1346 4053 καὶ
1365 3993 1402 4072 μὴ
1418 3993 1558 4073 κεχηνέναι
1569 3992 1661 4065 κάτω,

112 4097 208 4144 mutuo
228 4080 441 4143 benevolentiam
464 4081 650 4142 exhibeamus.
662 4083 769 4145 Deinde
784 4107 832 4146 nos
848 4107 867 4156 c
888 4089 958 4151 ἀλλὰ
968 4096 1016 4164 τῆς
1026 4090 1141 4156 πίστεως
1151 4090 1242 4149 λαόεῖν
1252 4088 1286 4147 τὰ
1296 4085 1382 4167 πτερὰ
1396 4086 1604 4157 euidentissime
1620 4085 1664 4145 τὀν

111 4175 229 4236 instituit
243 4187 274 4233 ut
284 4188 382 4234 terram
395 4187 554 4252 terrenaque
568 4174 769 4254 relinquamus,
783 4197 832 4239 neo
886 4183 966 4265 ἀέρα,
980 4182 1025 4242 καλ
1048 4182 1175 4254 θιαόῆναι
1193 4182 1236 4240 τόν
1252 4180 1345 4263 αἰθέρα
1369 4179 1416 4239 καὶ
1428 4182 1543 4251 ζητῆσαι
1554 4179 1599 4237 τὸν
1615 4202 1664 4238 κα-

114 4265 228 4328 terrenis
247 4264 396 4340 inhiemus,
408 4262 456 4323 sed
479 4263 604 4322 assumtis
618 4264 683 4324 fidei
702 4266 768 4344 alis,
782 4290 831 4350 per
865 4279 1013 4355 ’λούμενοι
1030 4275 1154 4355 Πατέρα,
1165 4273 1308 4353 προσέταξε
1324 4273 1420 4351 λέγειν,
1433 4270 1525 4350 Πάτερ
1546 4272 1664 4348 ἡμῶν,ὁ

113 4380 201 4420 aerem
219 4357 340 4419 volemus
361 4355 513 4434 aetheraque
541 4356 781 4437 transcendamus,
804 4375 831 4421 et
885 4371 912 4429 te
930 4370 1130 4449 τοῑςοῦρανοῖς·
1146 4369 1193 4426 οὐκ
1210 4364 1301 4438 ἐπειδὴ
1323 4367 1349 4424 ἰν
1371 4373 1425 4430 τοῖς
1447 4364 1565 4442 οὐρανοῖς
1584 4362 1665 4439 μόνον

113 4473 193 4531 quem
205 4469 334 4512 vocamus
350 4449 457 4507 Patrem
470 4468 633 4525 quaeramus,
649 4449 776 4530 jubetque
788 4453 831 4513 di·
882 4460 955 4520 ἐστὶν
969 4459 1078 4532 teche,
1094 4459 1153 4517 ἀλλ’
1164 4457 1209 4517 ἵνα
1219 4464 1291 4536 ἡμᾶς
1301 4455 1375 4515 κάτω
1388 4455 1450 4535 περί
1465 4459 1514 4535 γῆν
1525 4456 1665 4513 καλινδηη.

113 4565 172 4604 0811
185 4546 280 4602 Pam*
290 4553 388 4599 1101181
388 4585 397 4612 ν
416 4542 509 4619 11111111
523 4543 556 4598 ln
575 4541 666 4613 coellb
689 4546 831 4624 110111111οἆ
885 4554 977 4633 μόνους
989 4556 1146 4614 άνανενῖσαι
1162 4554 1199 4619 είς
1209 4549 1333 4631 οὐρανοὺς
1344 4547 1550 4630 παρασκευάσῃ,
1563 4548 1610 4606 καὶ
1627 4551 1667 4627 τῷ

2 4684 5 4690 .
114 4638 188 4696 Deus
202 4635 229 4695 in
239 4633 313 4694 caelis
325 4645 430 4692 tantum
440 4630 486 4703 sit,
498 4630 546 4692 sed
556 4646 586 4691 ut
596 4654 644 4692 nos
657 4633 689 4694 io
701 4648 772 4696 terra
783 4661 831 4700 vo·
884 4646 976 4706 κάλλιι
995 4650 1048 4706 τῶν
1063 4643 1224 4726 ἐπουρανίων
1233 4645 1338 4721 ἀγαθῶν
1347 4642 1517 4722 περιλάμψας
1527 4684 1536 4713 ,
1547 4638 1596 4713 την
1608 4641 1667 4699 ἔπι-

113 4730 213 4789 lutatos
229 4727 264 4786 ad
279 4727 374 4786 eaelum
388 4723 586 4806 respiciendum
602 4725 724 4803 inducat,
736 4731 832 4791 nobis-
886 4737 984 4818 θυρίον
1000 4740 1079 4816 ἡμῶν
1093 4747 1183 4798 πᾶσαν
1197 4737 1252 4794 ἐκεῖ
1266 4732 1422 4813 μετενόγκη.

113 4819 319 4898 quecaelestium
328 4818 462 4878 bonorum
475 4816 677 4896 pulchritudine
689 4819 831 4883 illustratis

110 4912 143 4971 id
163 4911 296 4981 senserat,
319 4923 349 4968 ut
371 4908 586 4991 eoncupiscentia
608 4926 698 4971 nostra
721 4925 775 4971 tota
799 4935 830 4973 eo

108 5001 282 5064 traducatur.

145 5151 156 5174 ⁸
169 5134 228 5185 litt.
245 5136 300 5186 ἴδιον
317 5138 403 5194 λέοντος
413 5159 507 5189 xerxes.
520 5139 549 5188 ln
563 5137 650 5189 Morti.
661 5150 686 5190 et
695 5138 773 5192 Smil.
787 5147 874 5204 λίοντος
899 5154 950 5213 περὶ
961 5157 1008 5210 γῆν.
1017 5144 1093 5196 Pacilo
1101 5156 1158 5210 post
1168 5144 1193 5195 ln
1204 5143 1284 5196 Editis
1295 5152 1332 5199 τὀν
1344 5149 1402 5214 elipe
1413 5141 1491 5203 deest,
1503 5136 1547 5191 sed
1557 5137 1665 5190 1111101111

112 5211 195 5274 deest,
209 5209 252 5261 sed
264 5207 297 5258 ad
309 5211 396 5260 seriem
407 5212 532 5277 pertinere
543 5213 651 5270 videtur.
899 5219 924 5272 in
937 5223 1053 5274 omuibus
1074 5224 1132 5273 hlss.

146 5293 159 5330 b
177 5290 220 5341 stc
230 5304 318 5340 omncs
330 5287 388 5343 blas.
399 5289 468 5343 Editi
481 5309 541 5344 iero
550 5291 603 5345 haee
615 5312 667 5346 non
679 5293 785 5363 liabent,
794 5306 832 5354 καὶ
846 5310 875 5356 τὰ
