3810 6000
250 567 320 636 522
577 576 607 624 S·
635 571 775 622 totnnrs
800 569 983 622 CHRYSOST·
1014 575 1171 624 tuentur.
1199 575 1471 625 consrtnmnot‘.

247 695 386 779 loquendi,
413 715 461 767 oro
487 707 513 754 et
536 693 668 767 obtestor,
693 703 723 750 ut
746 703 774 749 et
797 710 857 769 qum
887 687 967 748 audi·
1018 684 1064 747 καί
1089 687 1183 766 δέομαι
1204 687 1239 748 τοί
1259 711 1289 748 τι
1308 686 1435 768 εἰρημένα
1457 686 1518 767 μετ’
1538 689 1675 770 ἀιιριόιίας
1693 694 1779 773 φυλιίε-

246 791 336 868 vistis,
351 789 508 849 dehoneste
522 784 649 862 vivendo,
669 782 705 843 de
723 782 790 859 lide,
803 780 838 841 de
850 781 965 862 virgini·
1018 804 1084 856 τειν,
1098 780 1148 842 ὅσα
1162 780 1223 861 περί
1237 780 1387 855 πολιτείας,
1407 779 1453 839 καί
1473 779 1607 857 πίστεως,
1627 783 1674 843 καί
1694 791 1780 866 παρθι·

247 898 313 962 tate,
328 882 362 942 de
384 880 565 960 benignitate,
585 877 620 936 de
642 877 825 956 eleemosyna,
849 873 965 954 diligen·
1018 875 1092 947 νίας,
1113 874 1159 935 καί
1175 873 1385 956 φιλανθριιατίσς,
1399 872 1446 933 οιαὶ
1459 873 1779 951 ἀλαημσσθνηςήαοόσαιι,

248 989 289 1035 ter
314 971 514 1034 observetiszet
537 970 595 1029 baec
613 968 681 1028 bene
699 967 727 1026 in
751 966 879 1027 memoria
901 967 963 1026 reti·
1017 966 1063 1025 καί
1076 973 1160 1026 ταῦτα
1178 964 1339 1045 κατέχοντας
1355 965 1497 1046 ἀσφαλοῦς,
1512 965 1578 1044 πρδς
1591 963 1640 1038 τὴν
1654 969 1706 1025 τῶν
1721 971 1780 1045 μιλ-

184 1080 193 1096 .
248 1080 349 1142 nentes,
363 1064 400 1124 ad
422 1081 451 1123 oa
473 1084 533 1142 quae
552 1073 697 1142 supersunt
719 1059 853 1119 audienda
866 1073 963 1140 praesto
1016 1056 1115 1117 λόντων
1129 1056 1256 1139 ἀκρόασιν
1272 1058 1432 1143 ἀπαντῆσαι.
1448 1054 1529 1116 Οθτω
1548 1054 1602 1138 γάρ
1615 1060 1681 1136 ἡμῖν
1694 1057 1779 1140 ⁶¹⁶th

248 1159 315 1218 sitis.
327 1156 373 1219 stc
383 1155 455 1216 enirn
466 1154 544 1214 nobis
550 1152 670 1212 solidum
677 1151 768 1211 eritac
776 1151 965 1212 inoououssum
1016 1149 1062 1209 καί
1073 1151 1195 1217 ἄσειστος
1210 1147 1315 1221 ίσταιη
1332 1151 1384 1208 τῶν
1398 1149 1545 1230 εἰρημένων
1562 1150 1691 1229 οἰκοδομὴ
1701 1150 1778 1226 ,dm

246 1251 375 1312 doctrinm
386 1263 482 1309 nostrae
490 1247 647 1322 edificium,
658 1250 680 1306 si
691 1245 828 1327 prioribus
840 1248 869 1304 in
879 1260 968 1309 mente
1017 1247 1070 1302 τῶν
1084 1241 1219 1322 προτέρων
1234 1243 1322 1310 καλῶς
1342 1241 1501 1321 πεπηγότων
1524 1245 1552 1302 ἀν
1573 1252 1634 1309 ταῖς
1654 1242 1778 1324 ὑμετέρας

247 1342 416 1404 vestmbene
437 1338 568 1412 fundatis,
585 1358 689 1416 eaquae
710 1350 858 1416 sequuntur
871 1359 968 1419 super-
1020 1332 1161 1404 διανοίαις,
1180 1332 1214 1393 τά
1236 1333 1345 1416 δεύτεροι
1359 1332 1564 1412 ίπεμόαλωμιν.
1584 1332 1619 1395 Ὁ
1644 1333 1672 1394 δέ
1695 1335 1776 1402 edet

248 1434 438 1494 struxerimus.
451 1433 525 1491 Deus
534 1442 623 1488 autem
634 1427 680 1506 qui
692 1426 852 1487 nobisdedit
859 1429 917 1488 lraeo
925 1428 969 1489 di·
1019 1425 1065 1486 καί
1084 1430 1149 1504 ἡμῖν
1167 1431 1251 1487 ταῦτα
1267 1425 1438 1500 clettistete,
1459 1426 1506 1485 καί
1523 1428 1587 1504 θμῖν
1608 1425 1678 1505 μετά
1694 1432 1775 1510 xpeto-

248 1547 318 1601 oere,
331 1538 358 1584 et
371 1523 526 1585 vobiscum
541 1518 679 1578 alacritate
689 1517 795 1597 audire,
809 1518 907 1599 dignos
920 1539 969 1582 nos
1021 1517 1084 1597 μίας
1106 1521 1236 1594 ἀκοῦσαι,
1256 1517 1428 1587 ιιαταξιώσειι
1444 1515 1489 1578 καί
1504 1517 1550 1577 τδν
1571 1516 1616 1578 διδ
1636 1522 1689 1578 τῶν
1706 1517 1776 1600 ίργαι
1802 1532 1805 1609 γ

248 1618 340 1694 saciat,
358 1629 389 1675 ut
401 1629 427 1674 et
439 1635 488 1695 per
504 1634 582 1694 opera
594 1613 712 1671 fructum
723 1610 840 1689 aliquem
851 1614 969 1694 prolem-
1020 1609 1198 1679 ἐπιδείξασθαι
1220 1610 1334 1692 καρπὸν,
1358 1610 1449 1692 χέριτι
1471 1610 1517 1669 καί
1540 1611 1721 1693 φιλανθρωπίη
1738 1614 1775 1672 d
1802 1614 1805 1693 ξ

249 1731 319 1781 mus,
333 1707 420 1787 gratia
434 1719 461 1765 et
482 1703 646 1783 benignitate
669 1702 780 1761 Domini
800 1707 885 1763 nostri
904 1707 968 1766 lesu
1020 1702 1119 1784 Κυρίου
1138 1707 1216 1782 ἡμῶν
1235 1702 1325 1777 Ἰησοῦ
1345 1705 1477 1785 Χριστοῦ,
1500 1703 1542 1762 ότι
1566 1702 1774 1784 αῦτῷήδόξαιίς
1803 1707 1805 1760 ί

251 1799 366 1871 Christi,
381 1798 509 1878 quioniam
520 1795 573 1876 ipsi
586 1794 673 1876 gloria
690 1794 719 1853 in
732 1795 832 1855 saecula
857 1797 969 1859 saeoulo-
1018 1794 1078 1863 τοὺς
1088 1798 1186 1864 αἰῶνας
1198 1799 1251 1855 τῶν
1266 1793 1377 1855 αἰώνων.
1390 1794 1481 1873 Ἀμήν.
1801 1824 1805 1875 ,-

250 1913 322 1954 rum.
340 1896 438 1951 Arnen.

444 2100 938 2111 ————-——

252 2248 312 2305 DE
353 2247 519 2308 EISDEM
559 2248 705 2309 VERBIS
744 2247 1110 2319 AP05TOL1,1>¹’E12
1148 2253 1226 2311 THN
1257 2251 1533 2311 ΑΠΟΣΤΟΛΙΚΗΝ
1565 2248 1680 2308 ΡΗΣῙΝ
1709 2236 1793 2317 'lm‘

102 2369 125 2401 ε.
138 2354 226 2417 cont,
291 2338 425 2400 Habentes
435 2354 525 2400 autom
535 2341 660 2401 eumdem
669 2341 803 2422 Spiritum
816 2339 890 2415 fidei,
900 2341 971 2401 sieut
1064 2341 1202 2421 λέγουσαν,
1222 2342 1351 2423 Ἔχοντες
1369 2342 1444 2402 δὲτὸ
1462 2340 1528 2401 αιίτδ
1547 2342 1661 2418 Πνεῦμα
1678 2340 1722 2410 eis
1738 2333 1776 2407 sle

101 2420 140 2468 ¹3.

292 2433 423 2513 seriptum
443 2446 539 2492 ostzet
560 2435 700 2494 adversus
722 2436 917 2506 Moniehaeos,
942 2445 971 2492 et
1064 2458 1163 2509 στεως,
1189 2434 1258 2495 κατδ
1279 2435 1310 2495 τὸ
1330 2433 1528 2514 γεγραμμένον·
1552 2432 1601 2492 καί
1623 2429 1688 2512 πρδς
1703 2432 1775 2491 uam·

291 2529 455 2606 omnesqui
473 2527 561 2585 Vetus
587 2527 805 2585 Testamentum
821 2526 968 2585 calumni·
1063 2525 1174 2606 χαέους,
1198 2526 1243 2585 καί
1256 2526 1357 2594 πάντας
1379 2525 1437 2592 τοὺς
1459 2523 1651 2589 διαόιέλλοντας
1669 2519 1774 2594 edullo*

291 2629 392 2689 antur,
405 2630 434 2676 et
444 2639 464 2676 α
477 2618 563 2677 Nouo
575 2635 713 2698 separare
729 2630 885 2689 conantur,
897 2630 925 2676 et
934 2612 972 2676 de
1064 2617 1142 2678 λαιίιν
1156 2617 1202 2677 καί
1217 2618 1381 2700 διαιροῦντας
1395 2614 1476 2688 αὐτὴν
1489 2615 1543 2675 ἀπὸ
1557 2619 1607 2688 τῆς
1617 2616 1729 2687 Καινῆς,
1738 2606 1774 2671 ml

292 2709 489 2784 eleemosyna.
761 2719 765 2728 “
1062 2707 1320 2789 περίέλεημοσόνης.

116 2917 243 2968 mm,
294 2899 322 2952 1.
346 2891 493 2972 Apostoliei
516 2892 595 2952 vobis
621 2894 752 2952 sermonis
776 2891 970 2973 expositionem
1064 2895 1252 2969 Ἀποστολιιιῆς
1273 2898 1336 2975 θμῑν
1354 2893 1501 2975 ίξηγιίσεως
1525 2892 1605 2976 χρέος
1626 2891 1718 2974 ὄφῐίίδ
1736 2910 1776 2951 ⁸⁸

102 2992 161 3060 ¹⁰5⁰·
190 2982 337 3044 νιν-ἀτίετα
357 2984 415 3062 jam
440 2980 507 3057 diu;
521 2982 568 3042 sed
589 2981 776 3042 hoedebitum
789 3004 839 3041 vos
852 2983 971 3042 fortassis
1024 2985 1115 3046 λαιόν·
1137 2985 1207 3047 ἀλλά
1225 2991 1302 3047 τοῦτο
1316 2986 1346 3045 τδ
1359 2985 1435 3067 χρέος
1459 2989 1533 3062 ὑμαῖς
1555 2984 1604 3063 μίν
1627 2983 1688 3051 lm<
1705 2976 1776 3053 lull!

101 3061 221 3098 missorum

176 3129 210 3161 m

254 3075 317 3135 estis
336 3074 413 3133 obliti
434 3073 470 3133 ob
486 3069 613 3154 temporis
626 3073 832 3153 longitudinem,
843 3096 893 3154 ogo
906 3095 971 3134 νοω
1024 3080 1105 3151 λησθε
1121 3076 1165 3137 διδ
1183 3077 1227 3136 τδν
1248 3077 1352 3158 χρόνω,
1372 3075 1424 3155 ἐγὼ
1444 3075 1471 3136 δὲ
1489 3079 1537 3137 οῦκ
1555 3073 1729 3152 ίπιλέλησμοι
1742 3066 1781 3145 W

215 3196 217 3200 ⁷
253 3187 306 3226 non
323 3187 385 3226 sum
407 3165 509 3224 oblitus
529 3166 565 3225 ob
586 3187 675 3225 meum
696 3187 758 3246 erga
773 3188 823 3226 vos
835 3169 970 3227 affectum.
1024 3170 1068 3229 τὸν
1086 3169 1147 3249 περί
1161 3172 1230 3248 ὑμᾶς
1250 3168 1339 3229 πόθον.
1353 3171 1479 3228 Τοιοῦτον
1493 3168 1574 3246 γάρὴ
1590 3166 1698 3246 ἀγοίπη·
1715 3163 1778 3244 ἄγῃ·

253 3259 299 3317 Sic
311 3279 339 3317 se
352 3258 433 3317 habet
441 3258 549 3317 caritas:
559 3258 676 3338 vigilans
689 3272 727 3317 est
736 3279 768 3317 ac
781 3259 911 3335 sollicita,
923 3281 973 3320 neo
1025 3261 1090 3321 πνόν
1104 3286 1131 3321 τι
1146 3265 1257 3342 χρῆμα,
1273 3261 1319 3320 καί
1339 3259 1569 3340 μεμεριμνημένον
1586 3258 1658 3318 ίστέ·
1675 3256 1719 3318 καί
1731 3250 1778 3334 σλχί

252 3346 390 3406 adamatos
405 3346 493 3406 solum
519 3347 545 3405 in
567 3348 658 3407 animo
682 3348 875 3408 circumferunt
888 3349 906 3408 ii
923 3350 972 3429 qui
1025 3354 1085 3421 τοὺς
1107 3354 1278 3433 φιλουμένους
1300 3355 1377 3432 μόνον
1393 3353 1437 3413 ἐπί
1449 3356 1497 3423 τῆς
1511 3351 1628 3420 διανοίας
1646 3348 1779 3431 πιριφίρῡ

253 3453 352 3517 amant,
367 3438 414 3499 sed
424 3461 484 3519 quae
499 3440 681 3520 promiserunt
693 3441 779 3519 magis
794 3441 972 3501 meminerunt
982 3493 1018 3533 ῃ,
1027 3471 1068 3507 σιν
1082 3449 1106 3507 ol
1121 3448 1268 3526 φιλοῦντες,
1281 3445 1351 3506 ἀλλά
1362 3443 1408 3505 καί
1420 3442 1469 3503 ὅσα
1483 3443 1514 3502 ἀν
1527 3446 1615 3512 αι’ποῑς
1627 3442 1781 3523 eudoxum

253 3554 336 3611 quam
347 3533 409 3614 ipsi,
421 3532 468 3611 qui
479 3533 612 3613 promissa
625 3545 687 3592 sunt
702 3533 846 3615 recepturi.
868 3534 972 3595 Eodem
990 3549 1010 3594 t
1027 3536 1130 3611 δώσειν,
1150 3542 1202 3597 τῶν
1222 3537 1370 3615 μελλόντων
1391 3533 1591 3614 ἀπολαμόάνιιν
1615 3533 1784 3615 ἀαριόέστιρι,
1803 3530 1805 3551 '

255 3625 336 3685 modo
351 3639 436 3686 mater
447 3625 630 3684 amantissima
644 3638 786 3706 postquam
800 3647 897 3685 mensae
908 3627 969 3686 reli·
1026 3628 1075 3701 τὴν
1099 3627 1208 3707 μνήμην
1227 3629 1343 3709 ἔχουσιν.
1358 3625 1436 3688 Οθτω
1454 3628 1501 3686 καὶ
1521 3627 1613 3707 μήτηρ
1631 3625 1786 3708 φιλόστοργοι

254 3718 333 3796 quias
345 3717 438 3800 pueris
449 3717 506 3777 suis
520 3717 759 3799 reposuitotiamsi
773 3717 816 3776 illi
827 3719 896 3777 forte
907 3718 975 3778 obli·
1027 3729 1081 3788 τοῖς
1100 3720 1178 3780 παισί
1194 3730 1248 3788 τοῖς
1266 3724 1361 3791 ἑαυτῆς
1383 3718 1495 3800 λείψανα
1513 3718 1648 3801 τραπέζης
1673 3712 1805 3798 διατιαρθιΙ

254 3809 402 3883 viscantur,
414 3810 472 3889 ipsa
483 3823 571 3868 tamen
582 3809 713 3883 meminit,
725 3828 822 3887 easque
832 3809 975 3889 diligenter
1029 3837 1113 3884 σασα,
1130 3811 1179 3871 κάν
1202 3814 1297 3871 ἐκεῖνοι
1318 3811 1433 3891 τύχωσιν
1453 3810 1657 3890 ἐπιλαθόμενοι,
1683 3810 1744 3882 αῦτη
1761 3812 1805 3889 pf

255 3914 404 3960 asservatas
412 3901 554 3982 depromit,
562 3916 588 3961 et
597 3901 734 3962 lamelioos
744 3902 782 3961 eis
790 3903 883 3983 pascit.
892 3902 975 3975 Quod
1029 3904 1077 3963 οιίιι
1091 3902 1261 3978 ἐπιλήσεται,
1276 3901 1345 3963 ἀλλά
1366 3901 1434 3980 μετὰ
1452 3903 1568 3973 σπουδῆς
1591 3901 1661 3963 «tet
1678 3894 1789 3981 διεριίθί

255 3992 278 4049 si
303 4006 400 4051 matres
425 4014 488 4072 erga
511 3993 610 4052 liberos
633 4006 689 4051 tam
713 3993 883 4072 indulgentes
903 4009 975 4072 sunt,
1029 3995 1096 4065 ξασα
1108 3995 1206 4068 πόσης,
1220 3998 1255 4063 εἷς
1267 3994 1347 4073 μέσον
1357 3994 1430 4074 φέρει
1442 3993 1487 4052 καί
1498 3994 1635 4075 διατρέφει
1645 3997 1795 4063 munem

257 4094 330 4141 tanto
341 4083 435 4162 majori
451 4103 515 4142 cura
529 4098 555 4142 et
569 4082 658 4142 studio
676 4096 765 4143 vestra
780 4086 876 4145 caritas
898 4086 976 4146 nobis
1030 4091 1064 4148 Et
1086 4088 1113 4146 δὲ
1140 4087 1251 4167 μητέρες
1273 4086 1340 4146 οὕτω
1363 4085 1425 4166 περί
1447 4085 1482 4144 τά
1502 4084 1600 4164 ίιιγονα
1617 4085 1793 4167 φιλόστοργα,

256 4189 296 4234 est
306 4173 606 4256 prosequenda,quanto
620 4176 706 4255 major
717 4175 760 4235 vis
774 4190 812 4235 ost
826 4177 976 4257 spiritualis
1029 4182 1120 4259 πολλῷ
1144 4182 1242 4257 μᾶλλον
1270 4184 1341 4256 ἡμᾶς
1364 4177 1426 4258 περί
1454 4176 1503 4250 τὴν
1537 4179 1672 4258 ὑμετέραν
1698 4175 1792 4258 ἀχθῇ

257 4277 365 4344 partus,
381 4284 463 4342 quam
476 4264 614 4324 naturalis.
625 4264 755 4334 Quaenam
770 4266 853 4344 igitur
863 4267 915 4325 suit
929 4267 976 4326 illa
1029 4270 1138 4332 πλείονα
1161 4271 1277 4343 σπουδὴν
1288 4274 1333 4330 καὶ
1347 4270 1500 4346 ἐπιμελειαν
1523 4270 1722 4331 ἐπιδείκνυσθαι
1732 4265 1793 4351 χρὴ

257 4377 360 4433 mensa,
373 4356 453 4435 eujus
462 4356 589 4435 reliquias
601 4356 680 4416 vohis
687 4357 873 4417 servavimus?
885 4359 977 4421 Verba
1030 4363 1083 4444 όσῳ
1099 4366 1151 4420 τῶν
1170 4366 1218 4434 τῆς
1238 4361 1339 4443 φύσεως
1356 4359 1457 4419 ὠδίνων
1473 4365 1501 4420 αί
1514 4368 1561 4421 τοῦ
1579 4362 1730 4441 πνεύματός
1748 4363 1805 4433 τίη.-

257 4462 333 4508 erant
346 4447 471 4528 apostoli,
483 4469 519 4507 ex
532 4448 632 4526 quibus
656 4463 721 4507 tune
746 4471 799 4508 non
815 4472 914 4530 parum
928 4472 978 4510 nu·
1031 4455 1217 4534 δυνατώτεραι.
1231 4454 1281 4522 Τίς
1299 4446 1342 4513 οὖν
1356 4459 1374 4524 ἡ
1387 4453 1506 4535 τράπεζα
1526 4444 1569 4527 ἦν,
1591 4447 1624 4527 ἧς
1637 4454 1674 4514 τὰ
1694 4454 1797 4536 λιθίνα,

259 4541 377 4603 trimenti
402 4539 550 4620 spiritualis
574 4540 753 4621 percepimus,
769 4543 847 4622 cujus
874 4556 979 4623 partem
1032 4548 1224 4628 διετηρήσαμεν
1245 4551 1321 4625 ὑμῖνς
1340 4546 1433 4618 Ῥῆσις
1452 4537 1484 4618 ἦν
1499 4547 1687 4624 ἅπθῦτθίαῆ,
1705 4543 1803 4621 ”W

257 4632 354 4693 uestris
368 4630 503 4690 mentibus
526 4630 687 4704 indidimus,
709 4645 812 4713 partem
828 4633 855 4692 in
871 4633 978 4694 hodier-
996 4658 1014 4705 B
1032 4646 1097 4720 ἡμῖν
1108 4641 1168 4699 τότε
1178 4647 1354 4721 παρασχοῦσα
1364 4637 1463 4719 τροφὴν
1477 4638 1675 4716 πνευματικὴν,
1687 4631 1805 4718 {epist

260 4745 324 4784 num
339 4723 506 4799 distulimus,
517 4745 550 4783 ne
564 4723 740 4784 multitudine
750 4746 904 4785 sermonum
918 4747 978 4786 me·
1033 4733 1080 4811 μὲν
1102 4733 1262 4812 ἀνεθήκαμεν
1282 4735 1356 4810 ὑμῶν
1371 4737 1404 4810 τῇ
1418 4729 1535 4813 διανοίᾳ,
1552 4730 1632 4812 μέρος
1649 4731 1678 4794 δί
1698 4734 1733 4799 εἰς
1752 4720 1798 4805 ὴ

261 4816 373 4879 moriam
392 4829 510 4875 vestram
532 4816 715 4877 obrueremus.
740 4820 873 4892 Quaenam
896 4818 980 4897 igitur
1032 4830 1169 4905 παροῦσαν
1189 4824 1292 4902 ἡμέραν
1315 4821 1530 4901 ἀνεὸαλλόμεθα,
1545 4823 1615 4882 ὥστε
1631 4821 1671 4902 μὴ
1686 4817 1796 4903 εῦιτίθ·ι

109 4949 131 4983 ¹·
147 4940 199 4980 cor.
210 4928 234 4991 4.
260 4923 323 4968 sunl
333 4908 381 4967 llld
393 4907 493 4967 verba?
503 4910 654 4968 Habentes
665 4921 764 4968 autem
773 4912 905 4969 eumdem
916 4910 980 4990 Spl·
1034 4924 1072 4977 θςς
1087 4923 1140 4977 τῶν
1153 4916 1301 4995 λεγομένων
1325 4920 1483 4996 καταχῶσαι
1496 4918 1544 4984 τῆς
1563 4913 1674 4992 μνήμης
1686 4920 1732 4988 τῆς
1742 4919 1805 4992 m.

113 4995 149 5042 ¹3·
260 5007 349 5061 ritum
358 5001 443 5082 fidei,
456 5005 532 5060 sicut
544 5005 683 5081 scriptum
695 5015 738 5062 est
750 5028 759 5060 .·
770 5003 900 5074 credidi,
912 5024 979 5083 pro·
1032 5012 1110 5093 τέρας
1123 5009 1171 5083 τὴν
1187 5008 1307 5088 δύναμιν.
1328 5007 1378 5075 Τίς
1395 4999 1438 5068 οὖν
1453 5011 1523 5069 ἐστιν
1539 5011 1557 5079 ἡ
1573 5012 1668 5089 ρῆσιςς
1681 5003 1803 5088 'Eam

259 5104 409 5183 pterquod
418 5103 558 5182 loquutus
568 5105 808 5161 sumretiamnos
821 5104 976 5176 credimus,
1033 5102 1060 5164 δὲ
1073 5099 1103 5162 τδ
1115 5101 1180 5162 αὐτὸ
1198 5103 1309 5180 Πνεῦμα
1327 5105 1374 5173 τῆς
1389 5099 1519 5174 πίστεως,
1533 5098 1603 5159 med
1615 5099 1650 5161 τὸ
1659 5092 1802 5183 γιγρηιβε

295 5287 308 5326 ⁸³
325 5289 382 5339 Duo
399 5288 458 5339 Μαι.
475 5295 516 5343 τοῦ
531 5293 600 5343 αὐτοῦ
618 5299 648 5359 τῇ
665 5297 768 5359 προτέρᾳ
785 5291 908 5355 διαλεχθείς
926 5295 956 5347 είς
976 5296 1017 5351 τὴν
1043 5290 1127 5356 uires]
1140 5293 1194 5344 ιίπι.

260 5373 375 5423 dress-u·
393 5375 558 5435 μτμραμμάνον.
571 5372 639 5420 πάλιν
651 5375 680 5425 είς
698 5374 739 5426 τὴν
751 5371 820 5426 αὐτὴν
831 5365 912 5432 [Cod.
926 5368 976 5418 748
988 5376 1017 5427 είς
