3764 5992
532 440 577 487 nn
598 439 768 489 rnorncru
795 441 994 492 nvaucntu.
1461 425 1529 520 567

140 559 239 637 γθείαης
252 563 299 625 καί
310 564 417 625 πολλῶν
426 564 574 643 γενομένων
584 567 636 624 τῶν
647 564 756 639 Παύλου
809 580 964 647 corruptam
970 565 1122 629 docuinam
1129 566 1329 650 praedicassent,
1334 583 1360 629 et
1370 570 1433 646 alia,
1441 593 1522 650 quarn

140 657 172 725 τίς
183 653 293 735 μείζονα
310 654 427 733 πόλεμον
443 654 488 716 τὸν
500 655 611 736 Νέρωνα
622 658 757 739 διεγεῖραι
810 656 911 717 Paulus
921 658 1088 732 docuissent,
1103 660 1259 740 neutiquam
1272 661 1328 722 illis
1345 662 1483 723 accidisset
1494 665 1525 725 id

140 770 179 829 ρο
201 745 325 825 δόγματα
345 746 498 829 ίαήρυττον,
517 749 564 807 οὐκ
589 749 620 806 ἂν
645 749 758 816 πολλοὺς
810 748 883 827 quod
894 750 1029 812 volebant.
1042 752 1120 827 Quid
1133 767 1223 814 autem
1236 752 1382 813 volebant?
1397 756 1435 815 Ut
1447 769 1526 815 aucta

140 834 194 907 τούς
218 836 327 898 Παύλου
347 838 482 916 μαθητάς·
507 839 544 917 μὴ
563 845 696 908 ποιοῦντες
710 840 757 914 ὀί,
775 852 794 898 Ε
811 839 877 911 tide,
892 841 1039 922 multisque
1046 843 1145 904 additis
1160 845 1406 927 Paulodiseipulis,
1418 846 1454 906 ad
1467 869 1525 909 ma-

140 928 267 1011 ιριίξυναν
290 931 336 991 τόν
355 932 491 1012 τύραννον.
512 935 553 992 Οὐ
575 931 660 992 τοίνυν
683 932 760 993 τοῦτό
808 932 855 1011 jus
869 933 1036 995 inserendum
1055 936 1158 996 bellurn
1178 938 1311 997 Neronem
1324 937 1481 998 excitarent.
1494 940 1525 999 Si

147 1021 331 1103 διεφθαρμένα
344 1021 464 1101 δόγματα
477 1027 592 1104 είοῆγον,
612 1026 671 1084 ἀλλ’
686 1023 758 1096 ύτιὴ
812 1037 903 1084 autem
916 1026 970 1086 alia
988 1027 1114 1107 dogmata
1136 1027 1336 1111 praedicassent,
1353 1050 1406 1091 non
1427 1030 1526 1091 multos

145 1103 345 1197 ἥςίκήροττον,
357 1115 424 1187 αὕτη
434 1106 468 1185 ἦν
482 1115 667 1196 διεφθαρμένη.
680 1114 759 1176 Ἕτε·
812 1114 934 1177 iecissent
945 1117 1024 1178 Pauli
1035 1118 1183 1200 discipulos
1195 1145 1202 1176 z
1216 1120 1240 1179 si
1259 1141 1311 1180 non
1325 1121 1458 1197 iecissent,
1473 1143 1526 1183 non

140 1206 271 1265 τιλαλιῑν
286 1205 337 1279 τὴν
352 1205 484 1287 πρόραοιν
505 1213 550 1267 τοῦ
575 1206 760 1286 κηρύγματος,
801 1223 1012 1288 .exasperassent
1026 1222 1180 1291 tyrannum.
1190 1213 1249 1271 Non
1262 1211 1332 1272 iliud
1348 1213 1438 1292 itaque
1446 1213 1525 1284 dicit,

148 1295 217 1357 ωίτό
229 1295 260 1356 τὸ
278 1296 403 1380 κήρυγμα
423 1296 463 1375 μὴ
483 1287 641 1375 ς’ίναιύγιός.
655 1298 696 1357 Τὸ
713 1298 760 1376 μὲν
813 1296 886 1376 quod
907 1313 1032 1381 conupta
1053 1298 1178 1380 dogmata
1197 1299 1375 1362 inducerent:
1390 1302 1437 1363 sed
1453 1305 1528 1384 qrrod

140 1412 179 1467 μα
195 1390 227 1447 ού
249 1387 351 1468 γίνεται
370 1389 456 1469 ύγιίς,
472 1387 536 1450 όταν
555 1387 589 1449 τό
608 1381 761 1470 δόγματαῇ
812 1410 892 1449 causa
913 1405 1116 1472 propterquam
1132 1391 1326 1473 predicabant,
1342 1394 1438 1457 vitiosa
1451 1411 1528 1458 esset

140 1502 235 1539 ιοντα·
256 1484 275 1552 ἡ
297 1478 428 1560 πρόφασις
446 1480 475 1541 δὲ
496 1482 526 1540 οὐ
543 1479 644 1560 γίνεται
665 1482 760 1559 ὑγιὴς,
814 1481 900 1542 Αίίιιό
913 1485 1059 1565 quippecst
1068 1483 1269 1564 predicationis
1282 1506 1390 1545 causam
1398 1486 1529 1563 dicere,ct

140 1571 293 1655 νκήρυγμα
314 1563 430 1653 ύγιίςῇ,
445 1576 469 1633 οί
491 1571 708 1656 δίκηρόττοντις
721 1574 760 1652 μὴ
812 1573 889 1634 aliud
911 1573 1000 1635 dicere
1024 1574 1242 1655 predicationem
1263 1596 1317 1636 non
1344 1597 1436 1636 sanam
1459 1599 1526 1640 esse.

140 1662 171 1725 tv
181 1664 363 1746 κηρύττυσιν,
375 1666 433 1725 ἀλλ’
444 1664 537 1746 ἣπρθς
552 1664 658 1747 ἔχθραν,
668 1664 685 1739 ἢ
696 1667 761 1747 πρὸς
812 1667 893 1727 Tunc
903 1666 975 1727 enim
984 1666 1109 1727 doctrina
1121 1687 1174 1728 non
1187 1682 1227 1727 est
1237 1688 1315 1747 sana,
1328 1688 1391 1727 cum
1404 1668 1529 1749 dogmata

140 1778 191 1816 ιαι.
812 1780 902 1820 errore
919 1758 997 1840 plena
1018 1771 1081 1818 sunt
1087 1781 1097 1837 ρ
1111 1758 1214 1837 occasio
1227 1772 1317 1818 autem
1330 1780 1383 1819 non
1398 1773 1438 1821 cst
1456 1782 1530 1838 sana,

813 1872 875 1911 cum
888 1851 1010 1912 doctrina
1022 1849 1132 1930 quidem
1145 1872 1210 1911 sana
1224 1865 1277 1929 est,
1290 1852 1414 1931 quivero
1426 1853 1530 1934 predi-

814 1957 889 2019 cant,
908 1963 961 2003 non
987 1955 1099 2024 propter
1121 1943 1210 2002 Deum
1234 1943 1400 2024 predicant,
1413 1944 1461 2005 scd
1485 1960 1532 2005 aut

771 2089 806 2128 m
814 2049 924 2116 propter
935 2032 1114 2110 inimicitiam,
1129 2033 1173 2093 vel
1185 2033 1220 2094 ad
1232 2034 1349 2095 aliorum
1363 2035 1489 2116 gratiam.

140 2149 172 2185 ιιι
183 2125 263 2187 πόύεό
275 2148 366 2208 φησιν,
383 2125 424 2185 ότι
439 2127 552 2206 αἱρέσεις
568 2131 685 2207 εἰσῆγον,
702 2130 762 2190 ἀλλ’
780 2145 800 2190 λ
855 2130 904 2186 10.
924 2128 984 2187 Νοιι
1004 2125 1096 2204 itaque
1112 2125 1180 2185 dicit
1194 2146 1239 2186 eos
1256 2126 1369 2187 hereses
1382 2127 1533 2202 induxisse,

140 2215 178 2277 bb
202 2216 358 2299 προφάσεως
377 2221 468 2299 ὀρθῆς,
486 2220 545 2280 οὐδὲ
568 2220 601 2278 δι’
624 2221 762 2281 εύλιίόιιαν
815 2217 929 2278 sednon
952 2231 1024 2277 recta
1044 2217 1198 2293 occasione,
1214 2239 1262 2277 nec
1282 2218 1391 2299 pietatis
1404 2240 1484 2278 rausa
1503 2218 1533 2278 id

140 2306 221 2389 ,όπαρ
234 2309 388 2388 ίκήρυττον.
409 2312 450 2369 Οὐ
468 2309 521 2391 γὰρ
540 2311 583 2371 ίνα
604 2312 635 2371 τὸ
655 2312 763 2392 ιύαγγέ-
806 2307 1075 2391 ‚predicasse,quod
1097 2309 1289 2389 predicabant.
1304 2309 1335 2368 ld
1354 2310 1456 2393 quippe
1479 2332 1534 2370 non

140 2420 209 2472 ιιιει,
220 2404 300 2460 τοῦτο
312 2399 428 2477 ἐποίουν,
446 2403 505 2460 ἀλλ’
524 2401 568 2462 ίνα
585 2404 668 2464 ἀὐτὸ
682 2404 764 2464 πολι·
815 2402 877 2462 ideo
910 2401 1040 2481 agebant,
1058 2415 1089 2460 ut
1117 2402 1288 2482 evangelium
1316 2417 1461 2483 erigerent,
1485 2403 1535 2463 sed

141 2489 185 2551 καί
197 2495 233 2559 εἰς
250 2492 358 2570 μείζονα
376 2493 454 2553 αὐτὸν
474 2494 611 2571 ἐμόόλοιοι
631 2495 764 2556 κίνδυνον·
817 2492 932 2552 utillud
952 2493 1151 2574 impugnarent,
1164 2507 1191 2552 et
1212 2493 1240 2553 in
1261 2494 1369 2574 gravius
1383 2494 1535 2576 periculum

150 2582 232 2651 ούτοῖς
248 2585 364 2661 ίγκαλιῖ.
388 2584 443 2643 Καὶ
461 2582 511 2664 όρα
528 2588 585 2653 πῶς
608 2584 676 2663 μετὰ
690 2588 767 2666 ἀκρι-
819 2585 980 2666 conjicerent
1000 2583 1085 2643 :ideo
1106 2582 1169 2644 illos
1191 2583 1305 2645 incusat.
1320 2585 1356 2644 Et
1370 2585 1433 2646 vide
1453 2607 1534 2665 quam

140 2673 274 2735 λτόόιικιν·
285 2674 413 2753 Οίόμινοι
424 2674 521 2755 θλίψιν,
532 2675 620 2756 pecie,
635 2677 766 2757 ίπιρέρειν
819 2688 943 2735 accurate
954 2673 1024 2734 illud
1038 2674 1157 2756 proferat
1169 2698 1176 2732 :
1187 2677 1416 2749 Existimantes,
1433 2677 1532 2757 inquit,
1547 2707 1606 2751 ργρ,
1618 2720 1636 2750 ,,
1649 2721 1655 2750 ,
1678 2739 1683 2752 ,

140 2772 234 2845 nieuw.
251 2767 312 2827 ota
323 2758 407 2840 εἶπεν,
424 2768 606 2849 ἐπιφέροντες,
620 2769 690 2843 ἀλλ’,
703 2768 767 2827 Οίό-
819 2788 850 2827 se
865 2787 1034 2847 pressuram
1057 2767 1168 2846 inferre
1181 2767 1311 2826 vinculis
1325 2771 1405 2829 meis.
1416 2769 1476 2827 Non
1491 2767 1535 2827 di·

140 2856 220 2941 γίριιν,
233 2859 370 2933 τουτόοτι,
391 2859 553 2939 νομίζοντες·
575 2859 675 2928 δεικνὺς
688 2860 729 2922 ότι
743 2866 766 2923 εἰ
818 2859 871 2934 xit,
880 2860 1041 2934 inserentes,
1057 2857 1114 2934 sed,
1128 2860 1342 2919 Existimantes
1359 2880 1390 2918 se
1405 2862 1517 2941 inferre
1521 2885 1534 2930 ,·

140 2951 324 3027 ανομίζωοιν,
344 2953 404 3012 ἀλλ’
418 2953 466 3011 ούκ
486 2951 562 3018 αύτίς
583 2951 653 3011 odeo
667 2953 765 3013 διόκει-
818 2950 847 3010 id
871 2949 1097 3025 cst,arbitrantes
1110 2973 1117 3006 ι
1132 2948 1285 3025 ostendens,
1306 2949 1410 3010 etiamsi
1432 2951 1474 3011 illi
1496 2952 1535 3012 sic

140 3040 198 3102 ίιιαί
210 3042 302 3125 χαίροι
315 3043 359 3104 διό
372 3042 421 3117 τὴν
435 3049 481 3103 τοῦ
491 3043 661 3123 κηρύγματος
674 3045 764 3104 irride-
817 3041 1028 3115 arbitrarentur,
1042 3060 1070 3099 sc
1086 3052 1173 3099 tamen
1189 3060 1241 3099 nou
1267 3040 1305 3099 ita
1322 3041 1448 3101 affectum
1461 3063 1534 3108 τοοκ

140 3156 207 3213 γιγπ
222 3125 267 3193 α’ίν
279 3134 378 3213 λόγων·
391 3133 471 3195 Ἀλλλ
482 3135 527 3193 καί
538 3137 566 3193 ἐν
577 3134 661 3216 τούτῳ
675 3137 763 3218 χαίρω
781 3159 798 3206 Β
817 3133 872 3192 imo
894 3131 1011 3213 gaudere
1029 3130 1064 3192 de
1077 3131 1275 3213 praedicationis
1289 3130 1461 3195 incremento.
1478 3134 1534 3195 Ad·

140 3246 225 3304 quar·
239 3230 263 3286 εί
283 3225 476 3298 δίπλόνηντό
491 3228 611 3308 δόγματα
632 3218 762 3310 εἷχε,καί
812 3225 879 3306 jecit
893 3245 958 3304 ergo
979 3222 1157 3286 dicans=Sed
1179 3236 1208 3282 et
1230 3227 1263 3282 in
1281 3225 1336 3283 boc
1357 3228 1489 3306 gaudeo,
1506 3240 1616 3288 etrus.
1634 3245 1669 3291 ru.

140 3318 219 3397 Ιιῆγον
229 3322 324 3379 ἰκτῖνοι
333 3362 342 3391 ,
352 3320 400 3379 οὐκ
412 3319 528 3391 ἠδύνατο
537 3320 667 3401 χαίρεινο
680 3323 762 3381 Παῦ-
812 3319 959 3397 gaudebo.
973 3315 1004 3376 si
1017 3329 1106 3375 autem
1114 3335 1189 3373 error
1198 3315 1291 3375 suisset
1304 3316 1331 3375 in
1347 3316 1531 3399 dogmatibus,

140 3404 210 3480 όλόί
229 3409 300 3489 ύγιίς
318 3410 363 3470 καί
382 3411 519 3471 ἀνόθευτον
540 3411 575 3471 τό
597 3411 699 3492 δόγμα,
719 3411 762 3472 διὰ
813 3423 840 3468 et
849 3409 891 3469 illi
901 3408 1014 3468 baereses
1023 3405 1205 3483 induxissent,
1219 3427 1272 3466 non
1280 3408 1534 3489 potuissetgaudere

140 3524 165 3578 t,
176 3501 269 3582 Χοίραν
282 3502 329 3562 καί
341 3502 505 3583 χαρήσομαι.
525 3503 563 3563 Τί
578 3503 647 3583 γὰρ,
659 3508 681 3564 εἰ
698 3508 762 3565 tao-
813 3501 924 3561 Paulus.
939 3500 1011 3574 Quia
1031 3517 1094 3557 vero
1113 3519 1208 3557 sanum
1230 3513 1256 3557 et
1280 3520 1333 3559 non
1350 3499 1533 3563 adulteratum

140 3590 241 3653 λίωαιν
255 3597 364 3668 ίκεὶνοι,
375 3592 402 3663 ἐξ
413 3593 557 3674 ἀπεχθείας
567 3602 644 3654 τοῦτο
658 3604 762 3658 ποιοῦν·
813 3591 913 3672 dogma
937 3605 1004 3665 erat,
1026 3589 1087 3649 ideo
1110 3588 1194 3662 dicit,
1210 3590 1332 3649 Gaudeo
1350 3604 1377 3649 et
1389 3595 1532 3672 gaudebo.

140 3682 187 3745 tu
200 3684 254 3766 ἐμὰ
268 3686 314 3745 καί
334 3686 442 3753 ἄκοντες
460 3685 589 3754 αύξουοιν.
605 3678 681 3754 Εἶδες
690 3688 760 3761 πόση
813 3684 888 3756 Quid
899 3683 1013 3757 enim,si
1028 3682 1070 3741 illi
1082 3703 1118 3742 ex
1130 3682 1272 3743 inimicitia
1288 3683 1317 3742 id
1330 3699 1448 3764 agentes,
1463 3707 1491 3745 se
1504 3686 1533 3746 in

140 3781 183 3849 τιή
194 3778 305 3854 δύναμις
311 3801 320 3852 3
337 3781 393 3843 πῶς
407 3777 491 3836 οὐδενί
507 3781 560 3837 τῶν
579 3785 625 3838 τοῦ
639 3778 760 3839 διαόύλου
812 3776 958 3857 perniciem
983 3774 1148 3855 conjiciunt?
1163 3779 1198 3833 dt
1211 3795 1270 3833 mea
1287 3777 1333 3835 rel
1349 3777 1428 3837 inviti
1447 3799 1531 3858 auge-

140 3864 192 3927 ίιιιν
205 3868 361 3939 όλίοκεται;
380 3867 434 3927 liei
455 3871 484 3927 ού
497 3867 575 3945 μόνον
588 3872 638 3950 οὐχ
653 3869 761 3929 ἁλίσκε-
812 3869 889 3927 bunt.
914 3866 1014 3928 Viden’
1029 3880 1129 3945 quanta
1144 3866 1225 3926 tuerit
1241 3868 1320 3928 Pauli
1341 3869 1450 3930 virtus?
1463 3891 1531 3950 quo·

143 3960 187 4019 ιοί
195 3960 287 4027 αὐτοῖς
298 3957 401 4025 τούτοις
411 3959 488 4018 αὐτὸν
503 3966 647 4039 χειροῦται.
666 3961 758 4035 Πολλὴ
811 3958 892 4018 modo
904 3957 987 4018 nullis
998 3957 1100 4017 diaboli
1107 3957 1240 4017 machinis
1249 3974 1343 4041 captus
1354 3961 1408 4020 sit?
1422 3964 1478 4022 Nec
1487 3982 1530 4020 so·

140 4040 215 4111 ίοααί
228 4056 246 4125 ἡ
260 4056 308 4109 τοῦ
324 4049 446 4110 διαύολου
460 4051 622 4130 κακουργία,
644 4053 689 4112 καί
705 4059 758 4112 τῶν
810 4049 867 4109 lum
876 4070 929 4109 non
940 4062 1035 4130 captus
1044 4062 1092 4123 cst,
1106 4048 1246 4109 sedetiam
1261 4050 1358 4111 iisdem
1373 4053 1462 4133 ipsum
1473 4079 1530 4118 ma-

140 4140 279 4203 ιαναίντειν
293 4146 311 4213 ἡ
324 4140 451 4220 πονηρία·
475 4143 502 4200 ἐν
519 4142 692 4223 προσχήματι
707 4143 758 4227 γὰρ
811 4142 898 4201 chinis
918 4141 998 4222 cepit.
1018 4141 1116 4220 Ingens
1129 4141 1247 4221 proiecto
1259 4142 1425 4204 eratdiaboli
1440 4149 1528 4208 vafri-

140 4230 292 4313 ἢφρονεῑν,
309 4231 404 4292 ostem
417 4233 448 4293 τὸ
463 4233 588 4312 κήρυγμα
607 4234 754 4295 ίόούλοντο.
808 4233 870 4309 tiss,
886 4248 913 4293 et
924 4232 1110 4293 ministrorum
1124 4233 1183 4314 ejus
1196 4233 1332 4311 nequitia:
1346 4256 1407 4295 nam
1418 4259 1446 4297 se
1455 4239 1527 4300 idem

140 4322 306 4405 ίρεααύμινος
325 4322 386 4390 τούς
404 4323 496 4404 τυρούς
517 4327 543 4382 ίν
561 4330 594 4405 τῇ
609 4326 755 4408 πανουργία
772 4341 790 4386 e
810 4324 898 4404 ipsum
912 4325 1010 4383 sentire
1022 4323 1190 4399 simulantes,
1203 4325 1526 4404 praedicationemexstin·

140 4414 280 4496 ανειχυίρει
291 4421 368 4474 τοῦτο
379 4416 500 4494 γενέσθαι
513 4416 581 4477 τότε.
593 4418 680 4476 Τοῦτο
692 4424 754 4497 γοῦν
808 4436 889 4495 guero
902 4416 1039 4475 volebant.
1051 4412 1106 4474 Sed
1117 4415 1173 4492 Qui
1186 4419 1403 4496 comprehendit
1412 4426 1526 4500 sapien·
1537 4450 1556 4482 ι.
1571 4443 1625 4482 cor.
1636 4435 1660 4482 3.

140 4504 195 4567 buu
207 4510 223 4566 ό
235 4508 344 4574 Παῦλος
356 4505 441 4588 ίλεγε·
461 4509 502 4569 To
523 4507 551 4568 δί
572 4511 752 4589 ίπιμεῖναιιῇ
806 4520 848 4565 tes
862 4511 894 4565 in
908 4507 1020 4565 astutia
1035 4525 1151 4579 eorum,
1165 4503 1194 4565 id
1209 4505 1268 4565 fieri
1282 4528 1333 4568 non
1341 4510 1521 4589 permittebat.
1538 4513 1573 4560 ¹⁹·

140 4595 285 4678 μανότερον
307 4599 342 4656 δι’
363 4603 446 4678 ὑμᾶς,
466 4599 603 4659 καὶτοῦτο
620 4599 753 4669 πεποιθὼς
804 4597 926 4679 ldipsnro
950 4618 1032 4678 porro
1049 4594 1634 4689 declaransPaulusdicebat:Per-1›m.·„‚
1656 4641 1677 4673 r.

140 4689 240 4751 αὓααί
251 4695 454 4772 ουμπαραμενῶ
465 4702 546 4751 πᾶσιν
555 4698 625 4771 ὑμῖν.
639 4691 752 4754 Ἐκεῖνοι
806 4701 1031 4749 manereautem
1040 4692 1169 4747 incarne
1175 4693 1470 4770 magisnecessarium
1480 4690 1571 4758 est²b
1589 4694 1629 4737 ²⁵·

140 4781 305 4863 ’θηρώσης
319 4806 354 4861 με
367 4786 435 4854 iuuit
446 4782 566 4842 ίκόαλεῖν
581 4786 752 4862 ἐπιθυμοῦσι,
803 4794 922 4863 propter
944 4801 999 4839 vos
1006 4807 1019 4852 ,·
1033 4793 1062 4839 et
1075 4781 1130 4839 boc
1140 4781 1290 4861 confidens
1302 4787 1363 4841 scr'o
1376 4788 1447 4867 quia
1461 4808 1525 4847 ma·

158 4871 204 4933 διό
228 4878 307 4934 τοῦτο
329 4873 516 4952 ὑπομένουσιν·
538 4874 598 4935 ὁδί
619 4876 752 4943 Θεὸςούχ
807 4877 891 4947 nebo,
912 4885 939 4931 et
950 4873 1126 4952 permanebo
1134 4890 1200 4929 cum
1215 4876 1349 4934 omnibus
1368 4880 1462 4940 uobis.
1480 4879 1525 4939 Illi

806 4963 941 5043 siquidem
951 4983 985 5022 ex
998 4960 1121 5042 prasenti
1135 4960 1192 5020 vita
1202 4962 1297 5042 ejicere
1310 4986 1353 5025 me
1365 4968 1490 5051 eupiunt,
1498 4985 1525 5031 et

806 5081 835 5118 ea
848 5056 882 5115 dc
894 5077 973 5114 eausa
985 5052 1054 5112 nibil
1067 5073 1119 5112 non
1133 5052 1265 5114 sustinent
1276 5079 1283 5112 :
1294 5057 1367 5118 Deus
1378 5073 1468 5121 autem
1479 5084 1524 5123 ve-

806 5150 853 5208 stri
866 5169 944 5208 causa
957 5145 986 5206 id
1000 5168 1051 5206 non
1070 5144 1215 5226 permittet.
