3764 5992
735 867 1142 999 nonnum
1202 1061 1205 1065 Α

562 1168 612 1242 tu
638 1166 751 1243 ruta
776 1170 1045 1266 suQuuurm
1071 1172 1326 1250 croscum.

210 1425 274 1485 llaec
294 1423 425 1506 opuscula
446 1421 543 1484 Latine
560 1437 665 1484 tantum
678 1422 810 1483 babemus
820 1445 829 1500 ;
842 1424 937 1484 Graeca
952 1427 1024 1484 enim
1044 1426 1087 1486 vel
1109 1448 1219 1508 prorsus
1241 1430 1339 1492 amissa
1360 1447 1433 1512 sunt,
1446 1436 1490 1497 vcl
1507 1438 1591 1499 latent
1610 1441 1712 1507 alicubi

167 1518 308 1578 Germana
322 1530 412 1576 autem
426 1537 494 1594 esse,
509 1529 569 1575 tum
583 1537 674 1575 rerum
689 1515 911 1595 negotiorumque
924 1513 958 1574 dc
971 1515 1071 1595 quibus
1083 1519 1174 1599 agitur
1187 1520 1279 1600 series,
1294 1537 1351 1582 turn
1365 1525 1453 1606 stylus
1467 1528 1525 1608 ipse
1537 1530 1642 1592 suadet.
1655 1535 1714 1596 Ge-

166 1609 253 1669 nuina
267 1608 332 1667 item
347 1629 404 1668 esse
415 1608 532 1667 latentur
545 1606 617 1667 docti
630 1607 684 1668 viri
698 1628 801 1685 omnes,
814 1628 868 1668 uno
880 1620 993 1687 excepto
1007 1630 1119 1690 nupero,
1127 1613 1185 1690 qui,
1203 1627 1232 1672 ut
1246 1614 1372 1675 observat
1383 1617 1588 1701 Tillemontius,
1598 1645 1626 1705 p.
1641 1625 1712 1704 586,

167 1721 227 1760 esse
238 1700 354 1780 genuina
368 1699 488 1778 negavit,
500 1713 527 1758 et
541 1713 629 1759 tamen
642 1712 735 1779 postea
746 1698 881 1758 dictorum
892 1698 1043 1779 immemor,
1056 1701 1127 1761 inter
1139 1703 1237 1783 γνήσια
1248 1707 1379 1766 recensuit
1392 1708 1440 1767 :id
1455 1732 1519 1773 vero
1532 1731 1715 1796 consequutus

170 1804 273 1864 est‚ut
283 1811 337 1850 non
351 1790 439 1869 magis
448 1804 588 1871 negantem
599 1812 679 1868 quam
688 1804 848 1851 asserentem
860 1811 993 1850 curemus.
1128 1870 1130 1874 Ι

201 1881 330 1963 llomilia
346 1882 420 1961 prior
430 1881 647 1962 aChrysostomc
659 1881 753 1941 habita
767 1881 818 1940 luit
830 1881 962 1962 postridie
975 1903 1057 1962 quam
1071 1885 1117 1944 ille
1132 1906 1167 1945 ex
1180 1886 1244 1946 Asia
1255 1888 1505 1973 Constantinopolin
1515 1894 1639 1957 redierat.
1651 1898 1709 1960 lter

170 1987 263 2036 autem
276 1973 304 2032 in
317 1973 410 2032 Asiam
430 1986 593 2054 susceperat,
608 1987 638 2033 ut
654 1973 798 2054 Ephesinae
811 1972 939 2033 Ecclesia
951 1975 1012 2034 lites
1028 1992 1211 2059 componeret,
1228 1978 1448 2063 simoniacosque
1463 1984 1603 2069 episcopos
1616 1989 1712 2054 detur·

168 2065 339 2146 baret,quod
352 2066 434 2124 etiam
448 2067 597 2146 praestitum
608 2080 647 2126 est
658 2089 668 2144 3
683 2064 779 2124 absens
792 2078 881 2124 autem
894 2087 942 2145 per
956 2065 1014 2126 dies
1024 2067 1168 2148 plusquam
1181 2084 1299 2146 centurn,
1311 2087 1342 2132 ut
1355 2074 1415 2155 ipso
1428 2076 1507 2137 initio
1519 2079 1570 2159 ait,
1583 2101 1714 2162 magnum

175 2158 220 2218 sui
232 2157 396 2218 desiderium
409 2159 511 2239 populo
522 2180 550 2218 se
567 2179 735 2239 summopere
745 2157 845 2216 amanti
861 2157 1015 2235 reliquerat.
1025 2158 1058 2219 ld
1068 2181 1133 2220 vero
1142 2163 1236 2222 saltem
1250 2165 1717 2253 optabantConstantinopolitani,ut

174 2249 279 2310 Pascha
299 2271 389 2310 secum
407 2250 590 2310 celebraturus
606 2264 785 2310 reverteretur
799 2272 806 2306 r
818 2247 891 2327 quod
908 2263 996 2309 tamen
1014 2252 1140 2330 consequi
1157 2273 1211 2312 non
1225 2269 1387 2335 potuerunt,
1398 2274 1458 2338 post
1471 2263 1573 2321 Pascha
1592 2284 1715 2326 reversus

169 2342 324 2402 consolatur
337 2342 411 2422 ipsos
419 2387 429 2414 ,
451 2341 572 2420 dicitque
591 2340 713 2421 quotidie
728 2339 857 2400 celebrari
874 2360 972 2420 posse;
986 2362 1049 2400 narn
1066 2343 1170 2403 Pascha
1190 2345 1371 2423 celebramus,
1383 2349 1481 2427 inquit,
1496 2352 1717 2435 quotiescumque

170 2453 269 2513 eorpus
280 2448 306 2493 et
315 2433 473 2514 sanguinem
486 2433 593 2492 Christi
608 2432 785 2514 percipientes
798 2445 913 2490 mortem
927 2433 1039 2492 Domini
1050 2435 1251 2497 annuntiamus.
1261 2439 1314 2497 Per
1324 2452 1406 2497 totam
1419 2439 1559 2501 homiliam
1568 2443 1643 2524 plebi
1656 2466 1717 2525 gra·

169 2525 276 2585 tulatur
301 2525 403 2584 bonum
418 2539 556 2584 servatum
571 2525 705 2602 ordinem,
721 2522 805 2581 fidem
817 2523 1019 2601 caritatemque,
1034 2538 1059 2584 et
1075 2526 1157 2585 insui
1169 2528 1309 2608 prasentia
1322 2542 1389 2589 etse
1401 2531 1509 2592 ahsente
1521 2534 1680 2596 exhibitam.

213 2616 393 2676 Oratiuncula
406 2638 519 2694 sequens
532 2639 547 2675 a
568 2617 764 2697 Chrysostomo
778 2614 829 2674 hac
850 2615 989 2674 occasione
1005 2616 1097 2676 hahita
1112 2619 1172 2678 t'uit.
1190 2619 1360 2697 Severianus,
1375 2623 1544 2684 Gabalorum
1563 2626 1716 2709 episcopus,

167 2709 216 2788 qui
241 2709 473 2789 Constantinopoli
499 2722 563 2767 tune
584 2709 690 2787 agebat,
710 2721 736 2766 et
762 2706 897 2766 simulatis
918 2706 1055 2784 obsequiis
1071 2709 1100 2768 S.
1120 2711 1245 2790 presulis
1267 2711 1416 2772 amicitiam
1441 2713 1495 2773 sibi
1517 2717 1716 2794 conciliaverat,

169 2822 202 2861 ac
223 2801 376 2880 frequenter
396 2801 552 2859 concionem
568 2800 603 2859 ad
623 2799 756 2888 populum
774 2797 902 2876 habebat,
915 2799 1070 2859 absentiset
1091 2801 1120 2860 in
1137 2803 1229 2862 Asiam
1241 2803 1360 2883 profecti
1372 2805 1559 2887 chrysostomi
1578 2809 1716 2872 occasione

170 2907 288 2974 captata,
303 2893 435 2974 populum
451 2892 502 2952 sibi
517 2893 664 2967 devincire,
679 2892 798 2971 ejusque,
808 2903 839 2948 ut
854 2904 976 2970 putatur,
989 2891 1076 2951 studia
1091 2891 1308 2972 aChrysostcmo
1321 2909 1440 2955 avertere
1451 2898 1587 2977 satagebat
1599 2922 1606 2957 ι
1617 2901 1716 2979 quade

166 3006 197 3044 re
207 2986 327 3045 monitus
337 3007 353 3044 a
362 2985 509 3067 Serapione
518 2983 806 3065 Chrysostotnus,cum
817 3003 852 3042 ex
864 2983 928 3042 Asia
938 2982 1065 3058 rediit,ut
1074 2982 1147 3044 vidit
1161 2983 1295 3064 populum
1305 2984 1358 3044 sibi
1372 2988 1560 3066 gratulantem,
1566 2989 1714 3072 laetitiaque

167 3076 290 3157 plenum,
307 3098 364 3136 rem
382 3098 435 3135 non
458 3076 576 3135 multum
592 3097 700 3135 curasse
720 3073 837 3136 videtur.
852 3073 906 3135 Sed
922 3095 984 3135 cum
999 3075 1114 3135 subinde
1129 3077 1290 3137 Severianus
1304 3077 1332 3137 in
1345 3079 1518 3159 Serapionem
1539 3081 1713 3162 indignatus,

165 3169 305 3249 impietate
317 3169 394 3248 plena
408 3169 491 3227 rerba
504 3168 669 3248 protulisset,
680 3167 864 3225 tumultuante
877 3179 903 3225 et
914 3168 941 3226 in
952 3168 1022 3228 iram
1036 3169 1168 3228 concitato
1180 3170 1294 3250 populo,
1303 3171 1539 3253 Constantinopoli
1553 3174 1649 3255 pulsus
1659 3191 1712 3238 est·

165 3260 273 3319 Deinde
282 3275 392 3319 curante
401 3260 526 3319 Eudoxio
542 3264 664 3338 Augusta
675 3259 788 3339 ipsoque
802 3259 968 3339 Imperatore
977 3274 1117 3321 revocatus
1131 3275 1183 3320 eta
1199 3261 1402 3341 Chrysostomo,
1414 3283 1484 3342 aegre
1492 3264 1566 3338 licet,
1579 3265 1713 3328 admissus

165 3366 216 3412 est.
229 3352 283 3412 Sed
298 3355 361 3430 quia
383 3352 540 3432 indignatus
556 3351 674 3432 populus
690 3350 796 3409 nonnisi
810 3351 925 3430 pastoris
938 3350 980 3410 sui
992 3351 1102 3410 monitis
1117 3365 1274 3433 conceptam
1291 3354 1319 3412 in
1338 3353 1515 3413 Severianum
1534 3355 1603 3415 iram
1619 3357 1713 3419 sedare

166 3459 279 3525 poterat,
295 3443 345 3503 bac
359 3444 526 3503 oratiuncula
539 3445 747 3524 Chrysostcmus
760 3458 933 3525 exasperatos
946 3443 1051 3509 animos
1065 3442 1212 3520 mitigavit,
1225 3456 1253 3502 et
1267 3442 1302 3502 ad
1322 3444 1498 3505 Severianum
1510 3444 1710 3509 admittendum

164 3535 289 3595 deduxit.

206 3629 329 3688 Tertiam
345 3628 541 3688 oratiunculam
562 3627 717 3706 insequente
728 3627 773 3688 die
784 3629 946 3688 Severianus
958 3626 1016 3705 ipse
1029 3626 1138 3704 habuit,
1151 3625 1198 3686 ubi
1211 3625 1246 3685 de
1258 3625 1399 3685 conciliata
1414 3646 1478 3706 pace
1490 3628 1592 3707 populo
1611 3643 1709 3708 gratu-

165 3718 344 3795 latur3quam
361 3717 408 3776 ille
427 3738 519 3797 pacem
539 3730 651 3775 curante
670 3715 807 3776 communi
821 3731 908 3797 patre,
921 3719 961 3776 sic
975 3718 1031 3789 ille,
1048 3731 1153 3798 partam
1173 3716 1287 3776 summis
1306 3715 1476 3775 commendat
1491 3715 1630 3778 laudibus.
1644 3721 1709 3781 Hac

164 3811 281 3891 carptim
295 3809 443 3888 tangimus,
458 3810 521 3886 qnia
534 3813 556 3867 si
573 3808 610 3867 rei
625 3823 705 3887 gestae
718 3809 860 3868 historiam
872 3830 933 3868 cum
951 3810 985 3869 iis
997 3809 1123 3868 omnihus
1138 3830 1197 3886 quae
1218 3821 1284 3868 tunc
1299 3808 1435 3888 contigere
1449 3808 1603 3868 minutatim
1615 3832 1707 3891 perse·

164 3923 319 3978 queremur,
333 3902 401 3959 soret
414 3900 465 3960 boc
479 3914 669 3978 argumentum
680 3900 905 3978 subsequentibus
924 3900 1063 3981 opusculis
1075 3901 1192 3981 longius.
1208 3900 1273 3960 llaec
1291 3920 1355 3961 vero
1369 3898 1501 3982 preludia
1521 3901 1630 3962 suerum
1647 3904 1706 3987 ejus

165 3992 299 4052 tumultus
308 4014 362 4070 quo
372 4006 487 4054 vexatus
498 3993 708 4073 Chrysostomus
721 4006 747 4052 et
758 3992 786 4052 in
792 3992 919 4057 exsilium
933 4005 1010 4054 actus
1025 4006 1073 4053 est.

1088 4190 1704 4204 -——-———--——----—-..-

1388 4205 1697 4216 a—-m

555 4376 619 4437 DE
647 4375 899 4437 BEGRESSU
922 4375 1099 4437 SANCTI
1114 4375 1320 4437 JOANNIS

704 4560 741 4619 dc
760 4559 841 4620 Asia
863 4561 1150 4640 Constantinopolin.

114 4805 154 4840 οι.
204 4776 294 4833 bloses
308 4793 421 4852 magnus
436 4770 541 4830 illeDei
558 4770 771 4851 lamulrts,caput
790 4771 906 4852 prophe·
961 4769 1081 4851 Egypto
1096 4767 1275 4842 nutriebatur,
1290 4767 1318 4826 in
1332 4766 1404 4827 caelis
1414 4769 1637 4831 conversabatur:
1653 4773 1702 4851 qui

165 4884 270 4944 tarum,
282 4867 365 4927 maris
378 4867 476 4946 viator,
491 4867 560 4925 aeris
573 4866 699 4944 agitator,
714 4886 811 4925 mensae
824 4886 907 4947 appa·
960 4878 1065 4923 tantum
1087 4884 1120 4922 ac
1138 4863 1193 4923 tale
1216 4861 1310 4922 statuit
1337 4875 1483 4942 tropeum,
1509 4864 1561 4924 iste
1584 4865 1648 4927 talis
1671 4889 1704 4928 ac

162 4963 299 5043 rator,qui
312 4984 328 5021 a
343 4962 470 5043 genitrice
480 4961 614 5042 projectus
625 4975 674 5036 cst,
681 4974 707 5020 et
718 4961 754 5020 ab
766 4960 908 5042 impugna·
960 4974 1051 5020 tantus
1061 4958 1114 5037 vir,
1128 4958 1176 5038 qui
1186 4956 1369 5037 quadraginta
1383 4956 1442 5017 dies
1455 4958 1600 5038 reliquerat
1616 4982 1704 5044 popu·

162 5060 229 5120 trice
243 5058 362 5119 salvatus
372 5058 482 5138 (genuit
490 5056 600 5135 quidem
613 5077 675 5116 eunt
690 5070 784 5133 mater,
795 5056 909 5116 abstulit
960 5055 1028 5132 lum,
1035 5052 1139 5116 invenit
1152 5074 1214 5114 eum
1231 5052 1304 5114 idola
1319 5051 1507 5130 fabricantem,
1519 5068 1546 5114 et
1559 5055 1706 5120 sedidones

163 5170 254 5216 autem
281 5174 344 5216 eum
368 5153 512 5235 Egyptia,
527 5167 554 5214 ct
580 5151 736 5231 enutrivit),
752 5165 778 5213 et
803 5153 851 5232 qui
880 5154 907 5212 in
961 5164 1185 5212 commoventem.
1202 5148 1262 5230 Ego
1276 5161 1366 5207 autem
1387 5147 1632 5291 nonquadra5ggnta
1649 5154 1707 5220 dias

326 5254 400 5293 rora.
424 5253 476 5291 nr.
