3764 5992
145 384 210 454 182
467 403 497 452 s.
523 401 665 452 Joaunxs
692 397 875 447 cnnvsosr.
906 395 1062 444 ancnxnn.
1088 392 1360 443 cousraurruon.

139 527 293 610 spiritualia
315 526 508 587 medicamenta
529 528 594 586 solet
621 523 760 584 adhibere.
782 519 859 593 Quid
914 517 1113 599 μηχανήματα,
1136 517 1182 578 καὶ
1203 525 1320 597 συνεχεῖς
1342 519 1370 575 ui
1391 512 1550 582 έπιόουλαλ,
1573 536 1578 572 ι

7 643 132 699 amau.
141 620 226 701 igitur
246 634 285 680 est
298 619 349 679 hoc
362 617 435 698 quod
447 619 506 677 ait?
524 613 752 695 Quandoquidem
767 613 859 673 multae
913 610 1026 693 ἠρέμουν
1039 615 1063 670 οἱ
1076 615 1114 693 τῷ
1125 608 1278 692 κηρύγματι
1292 610 1483 686 πολεμοῦντες,
1504 603 1565 674 rub<

1 706 130 778 ,fimf-‘⁰¹¹⁶'
143 713 261 792 undique
273 712 428 773 tentationes
439 706 727 785 eoseircumsidebant,
744 705 860 784 quitum
913 702 1083 782 δεσμωτήρια
1098 703 1292 781 ἐμόαίλλοντες,
1314 698 1375 767 τοδς
1394 698 1423 760 δί
1443 702 1482 768 είς
1505 699 1578 758 *ἀπα

1 785 85 874 'iiio
93 783 305 865 ιηἐιεοεάείιιιιιῑ
318 804 354 863 ad
369 804 460 876 finem,
469 817 494 862 et
509 800 701 880 frequentesab
716 799 794 857 hoste
803 819 860 856 ma·
913 795 973 862 τοὺς
993 795 1021 854 δὲ
1046 798 1082 862 εἶς
1098 794 1179 875 μυρία
1200 793 1278 876 ἕτερα
1301 792 1423 872 βάραθρα
1444 791 1578 852 aarum

140 897 228 957 chinae
245 894 474 970 admovebantur,
491 909 517 953 ct
532 894 665 954 continuae
682 890 860 951 tendebantur
913 895 990 948 τοῦτο
1000 886 1119 969 καθάπερ
1131 886 1277 965 στρατηγὸς
1290 886 1413 965 ἀριστος,
1426 887 1496 966 θρῶν
1509 880 1575 962 μετὰ

141 988 255 1058 insidia,
265 984 558 1067 nequepraedieationis
568 983 701 1063 evangelii
711 979 859 1041 adversarii
877 987 895 1034 C
914 984 997 1057 θυμοῦ
1017 978 1129 1038 πνέοντα
1143 978 1187 1038 τὸν
1204 975 1484 1057 retrocurrendo
1498 973 1557 1042 τοδε
1576 1008 1578 1023 1

141 1078 323 1158 quiescebant,
339 1077 385 1136 sed
399 1078 466 1136 alios
480 1077 507 1135 in
521 1096 653 1135 carcerem
669 1073 857 1155 conjiciebant,
913 1069 1079 1150 πανταχόθεν
1106 1068 1240 1150 διεγείρει,
1267 1076 1366 1150 νιυροῖ,
1391 1067 1510 1148 ἀλείφει,
1537 1073 1578 1149 θαγ

141 1171 208 1229 alios
221 1171 249 1229 in
263 1170 390 1228 exsilium
404 1170 556 1247 mittebant,
572 1169 639 1228 alios
653 1167 680 1227 in
695 1167 747 1226 alia
760 1164 859 1248 praeci-
913 1160 1003 1242 τέρους
1029 1161 1190 1236 καθίστησι,
1220 1160 1430 1243 προθυμοτέροις
1463 1169 1534 1220 ποιεῖ
1560 1183 1578 1219 τι

142 1261 207 1342 pitia
217 1261 359 1320 trahebant
374 1275 531 1342 :propterea
549 1258 777 1340 quemadmodum
789 1258 860 1339 opti·
913 1253 961 1321 rt<
983 1262 1076 1336 χεῖρας
1105 1257 1217 1336 ἀντᾶραι
1242 1253 1313 1314 κατὰ
1334 1259 1380 1313 τοῦ
1405 1252 1578 1332 salsulam

142 1373 202 1412 mus
225 1353 388 1433 imperator,
406 1373 469 1412 cum
483 1353 587 1412 hostem
600 1350 675 1412 videt
695 1371 785 1410 acrem
807 1350 861 1408 ira·
915 1345 1059 1406 δεδοικέναι
1079 1345 1128 1414 τὰς
1148 1345 1248 1406 ἐκείνω
1273 1344 1461 1427 καταδρομὰς,
1489 1343 1558 1404 ἀλλά

141 1442 270 1504 cundiam
293 1445 457 1526 spirantem,
487 1444 646 1504 circumiens
672 1464 734 1502 suos
761 1441 863 1502 excitat
914 1442 954 1520 τῷ
988 1438 1137 1519 φρονήματι
1160 1439 1186 1508 ἐξ
1210 1438 1331 1508 ἐναντίας
1352 1436 1511 1517 ἱσταμένοις
1535 1434 1578 1496 καί

143 1535 273 1615 undique,
285 1538 449 1611 corroborat,
462 1536 579 1613 instruit,
594 1534 751 1595 audaciores
761 1534 861 1608 reddit,
916 1533 995 1590 αὐτοῦ
1023 1530 1192 1609 συγκόπτειν,
1222 1535 1246 1591 εί
1269 1521 1322 1592 οἷόν
1345 1554 1389 1605 τε,
1412 1528 1463 1603 τὴν
1486 1529 1557 1609 ὄφιν,

142 1627 284 1687 alacriores
298 1628 393 1702 efficit,
409 1642 438 1688 ut
452 1649 547 1687 manus
567 1641 658 1688 contra
677 1626 862 1688 adversarium
916 1625 1148 1698 καταπλήττεσθαι
1178 1624 1227 1698 ι-λν
1251 1625 1317 1706 πρδς
1339 1623 1418 1683 αι’νιδν
1445 1621 1578 1683 ἀντίστασι

142 1719 276 1796 attollant,
289 1741 338 1779 nee
348 1721 423 1780 illius
437 1720 601 1781 incursiones
615 1717 798 1794 reformident,
815 1717 863 1777 sed
916 1718 995 1777 αὐτὸν
1009 1717 1037 1778 δί
1053 1717 1149 1797 τρόπον
1160 1718 1231 1778 καίθ
1246 1715 1374 1797 μακόριος
1388 1706 1479 1788 οὗτος,
1498 1719 1517 1786 ἡ
1536 1714 1578 1795 obp

142 1810 233 1871 animo
248 1811 309 1871 forti
322 1833 351 1872 se
365 1811 406 1871 illi
420 1826 565 1894 opponant,
580 1812 669 1892 ipsum
684 1811 743 1892 ejus
755 1808 863 1870 vultum
916 1833 965 1882 κης
980 1807 1070 1890 ψυχή,
1084 1810 1210 1889 διεγεῖραι
1226 1808 1382 1889 βουλόμενος
1394 1811 1449 1867 τῶν
1460 1809 1578 1867 πιστῶν·

142 1902 166 1961 si
178 1902 295 1983 possint,
306 1903 462 1978 vulnerent,
479 1903 583 1962 necilli
601 1903 723 1962 resistcre
737 1900 863 1983 pertime·
916 1901 1041 1978 νήματα,
1063 1900 1110 1959 καί
1123 1900 1196 1960 κάτω
1209 1899 1339 1979 κείμενον,
1362 1903 1398 1967 ὥς
1421 1902 1514 1972 εἰπεῖν,
1534 1900 1578 1958 τῶι

144 2009 238 2054 scant:
259 2016 311 2054 non
337 1995 414 2055 aliter
436 1996 532 2054 beatus
553 1995 617 2070 iste,
633 1995 689 2054 liaee
714 1993 803 2053 anima
828 1992 863 2052 ad
916 1991 1042 2073 λογισμδν
1054 1995 1201 2072 ἀνορθῶσαι
1211 1991 1388 2073 ἐπειγόμενος,
1399 1989 1578 2072 οὕτωςήρξαιι

144 2087 240 2144 caelum
261 2107 345 2165 usque
364 2086 499 2163 sublimis,
512 2085 635 2145 fidelium
654 2087 747 2146 volens
760 2085 864 2144 animos
880 2106 900 2152 n
918 2085 1038 2164 Οἴδαμεν
1046 2084 1074 2146 δὲ
1087 2084 1128 2145 ότι
1141 2093 1195 2153 τοῖς
1211 2088 1335 2164 ἀγαπῶσι
1349 2084 1394 2143 τδν
1408 2082 1478 2145 Θεὸν
1493 2082 1578 2142 πέντε

144 2177 270 2252 excitare,
281 2193 306 2237 et
316 2177 393 2236 humi
399 2178 542 2257 jacentem,
552 2191 581 2237 ut
595 2178 633 2237 ita
642 2177 744 2254 dicam,
753 2177 864 2236 illorum
917 2187 959 2258 γεῖ
970 2179 1005 2245 εἰς
1018 2177 1125 2256 ἀγαθόν.
1142 2176 1226 2260 Ὁρᾷς
1246 2176 1294 2250 τήν
1313 2176 1419 2237 σύνεσιν
1432 2174 1480 2248 τήν
1497 2179 1578 2235 ἀποστ

144 2270 333 2349 cogitationem
345 2270 447 2349 erigere
457 2268 567 2329 studens
581 2270 616 2328 ita
629 2268 720 2328 dicere
729 2269 843 2350 occoepit
855 2292 863 2325 :
918 2272 977 2330 Οὐκ
989 2260 1148 2344 tinentiis,
1162 2272 1231 2345 ἀλλ’,
1241 2269 1371 2350 Οἴδαμεν,
1382 2269 1428 2329 καλ
1440 2269 1576 2335 αθτοάςείς

1 2362 256 2425 ὀιηθαάόσίιιιιιε
275 2375 374 2421 nutem
394 2367 535 2442 quonium
554 2363 743 2443 diligentibus
768 2363 864 2421 Deum
917 2362 1022 2422 τάθεσιν
1034 2362 1206 2443 ἐφελκόμενος
1217 2367 1270 2421 τῶν
1280 2360 1441 2443 λεγομένων,
1449 2360 1490 2420 ότι
1504 2361 1578 2428 τοῖςί

144 2457 245 2512 οιιινιία
257 2466 451 2533 cooperantur
463 2457 495 2511 in
509 2456 625 2513 bonum.
643 2453 728 2515 Vides
741 2452 864 2534 pruden-
918 2453 963 2512 τὸν
976 2454 1045 2514 Θεδν
1060 2453 1149 2513 πάντα
1170 2460 1287 2535 συνεργεῖ
1304 2457 1341 2522 είς
1362 2453 1472 2533 ἀγαθόν.
1493 2451 1578 2513 Σκόπι

141 2546 208 2606 tiam
222 2544 485 2627 apostolicami’Non
497 2545 580 2622 dixit,
590 2547 662 2622 Scio,
674 2545 861 2623 sod,Scimus,
919 2545 992 2604 όειαν
1007 2544 1134 2626 ῥημάτων
1148 2547 1341 2606 ἀποστολικῶν.
1355 2548 1415 2606 Οὐκ
1425 2534 1511 2618 ciarev,
1523 2549 1547 2604 οί
1565 2543 1578 2602 ί

143 2653 174 2699 ut
188 2639 260 2719 ipsos
272 2637 307 2697 ad
320 2660 456 2699 assensum
466 2639 643 2719 prebendam
656 2637 770 2698 orationi
783 2637 864 2719 pelli·
919 2660 962 2705 τες
984 2637 1028 2697 τὸν
1048 2636 1117 2697 θεδν
1137 2636 1306 2717 διαφεύγουσι
1323 2637 1359 2698 τά
1380 2636 1474 2710 διινά,
1500 2639 1578 2696 usu

144 2743 224 2806 reret,
232 2727 304 2807 quod
313 2729 683 2808 diligentibusDeumomnia
691 2741 867 2809 cooperentur
919 2733 971 2790 τῶν
986 2733 1155 2812 πειρασμῶν·
1170 2728 1240 2803 ἀλλ’,
1253 2729 1382 2808 Οίδαμεν,
1398 2729 1478 2810 φησὶ,
1491 2727 1578 2788 τωτία

144 2823 173 2880 in
187 2821 297 2880 bouum.
312 2820 513 2896 Animadverte,
528 2840 609 2897 quam
624 2832 748 2879 accurate
766 2818 865 2898 loqua-
920 2821 1062 2900 crispetur,
1075 2823 1345 2904 πιπληροφορήμεθα,
1357 2823 1389 2881 δι’
1403 2824 1486 2895 αὐτῆς
1501 2825 1578 2881 τῶνε

144 2926 190 2971 tur
203 2910 348 2992 apostolus.
363 2912 423 2970 Non
440 2910 512 2969 dixit
527 2955 535 2985 ,
549 2910 604 2983 Qui
618 2912 708 2970 Deum
729 2909 861 2990 diligunt,
921 2938 973 2974 των
988 2918 1037 2986 τῆς
1047 2913 1160 2995 ’πείρας
1172 2912 1219 2981 et<
1231 2914 1376 2983 ἀποδείξεις
1390 2912 1552 2996 εἰλήφαμεν·
1572 2918 1578 2968 i

144 3003 247 3063 evitant
274 3002 344 3062 mala
352 3047 361 3077 ,
378 3001 529 3061 liberantur
546 3024 561 3061 a
584 3001 776 3060 tentationibus
787 3025 796 3079 ρ
806 3001 863 3072 sed,
921 3006 963 3066 θτι
972 3014 1025 3074 τοῖς
1035 3007 1159 3084 ἀγαπῶσι
1170 3004 1214 3065 τδν
1227 3005 1295 3066 Θεὸν
1308 3006 1396 3067 πιίντα
1410 3014 1531 3087 ουνεργιῖ
1540 3008 1575 3075 εἰς

145 3095 266 3168 Scimus,
286 3092 385 3172 inquit,
402 3092 455 3152 hoc
476 3104 523 3167 est,
546 3113 706 3174 persuasum
730 3092 807 3153 nohis
820 3105 869 3170 est,

146 3187 271 3247 certiores
293 3186 356 3245 facti
380 3206 487 3263 sumus,
508 3183 567 3265 ipsa
589 3206 682 3245 rerum
704 3185 870 3268 experientia

147 3278 234 3340 edocti
244 3277 485 3338 demonstrationes
497 3277 650 3357 accepimus
662 3301 669 3334 :
679 3277 792 3337 Scimus
800 3296 871 3356 quo-

148 3376 228 3430 niam
251 3371 441 3452 diligentibus
453 3370 548 3428 Deum
564 3372 666 3429 omnin
678 3380 872 3450 cooperantur
953 3354 958 3364 ’

151 3465 183 3522 in
198 3466 314 3522 bonum.

187 3558 216 3615 ἀ.
239 3557 379 3629 Quantam
398 3553 464 3613 huie
482 3554 561 3616 brevi
576 3554 690 3615 dictioni
711 3553 769 3616 vim
786 3553 872 3614 inesse
965 3557 1059 3629 Πόσην
1070 3555 1154 3618 οίεοθι
1170 3557 1279 3636 δόναμιν
1293 3555 1364 3638 ἔχειν
1381 3558 1432 3632 τλν
1449 3561 1577 3640 βραχεῖαν

147 3644 343 3705 arbitramini?
365 3648 484 3718 Omnia,
507 3646 608 3725 inquit,
624 3660 819 3726 cooperantur
840 3650 872 3705 in
926 3647 1011 3722 λίξιν;
1032 3648 1143 3722 Πείντα,
1157 3648 1240 3730 φησί,
1261 3658 1380 3731 συνεργεῖ
1397 3653 1434 3719 εἰς
1448 3652 1559 3730 ἀγαθόν·

150 3741 266 3797 θοιιειιιι.
277 3737 341 3796 Noli
361 3737 432 3796 enim
455 3738 525 3798 mihi
544 3738 626 3818 hujus
647 3739 711 3799 vite
731 3738 872 3798 commoda
889 3753 908 3800 Ε
928 3764 973 3820 μοι
983 3740 1017 3800 τὰ
1027 3739 1134 3820 χρηστά
1162 3743 1274 3801 ἐνταῦθα
1293 3741 1381 3822 εἴπῃς,
1402 3743 1471 3821 μηδέ
1486 3742 1578 3817 εήνάν

150 3848 374 3903 commemorare,
389 3850 474 3907 neque
485 3830 685 3909 jucunditatem
702 3845 809 3891 tantum
827 3845 874 3890 aut
927 3831 974 3904 τήν
986 3831 1075 3890 ἀδειαν
1090 3831 1166 3910 μόνω
1183 3833 1293 3914 λογίση,
1312 3834 1381 3895 ἀλλά
1403 3834 1450 3894 καὶ
1470 3835 1506 3896 τά
1523 3838 1578 3897 έναι

151 3920 321 3980 securitatem
342 3919 552 3997 animovolvas,
568 3920 614 3980 sed
635 3922 716 3983 etiam
730 3921 873 3999 contraria,
928 3922 1114 4004 δεσμωτήρια,
1138 3924 1187 3993 τάς
1199 3925 1316 4006 θλίψεις,
1335 3926 1383 3994 τάς
1403 3926 1561 4002 ἐπιὸυυλάς,

150 4031 288 4086 carceres,
314 4008 519 4085 tribulationes,
549 4011 675 4086 insidias,
703 4013 875 4091 quotidianos
929 4016 1071 4096 θημερινάς
1094 4015 1213 4097 ἐφόδους,
1236 4017 1282 4077 καλ
1306 4016 1365 4079 τότε
1387 4018 1446 4100 dieu
1474 4019 1578 4098 μετάἀ

151 4105 330 4178 incursus,ac
348 4115 407 4160 tum
421 4101 548 4161 dictionis
562 4102 619 4161 vim
633 4118 757 4163 accurate
775 4125 874 4184 cogno·
928 4115 975 4168 τοῦ
1003 4106 1120 4188 ῥήματος
1152 4107 1202 4181 τὴν
1228 4107 1348 4188 δύναμιν.
1380 4111 1435 4172 Καί
1459 4110 1504 4172 ίνα
1529 4110 1567 4190 μή

151 4217 217 4256 sees.
229 4197 268 4254 Ac
277 4216 310 4254 ne
323 4194 391 4253 forte
401 4193 438 4253 ad
451 4194 530 4274 longe
542 4194 659 4275 petenda
671 4198 797 4278 exempla
805 4198 876 4257 cari-
929 4223 979 4260 που
1001 4200 1093 4280 ἀγάγω
1112 4198 1161 4272 τλν
1180 4201 1310 4283 θμιτέραν
1326 4201 1444 4282 ἀγάπην,
1459 4206 1484 4264 τί
1498 4203 1578 4284 βυίλο

151 4302 234 4347 tatem
258 4300 376 4345 vestram
396 4285 547 4364 abducam,
563 4287 679 4366 paucula
699 4292 836 4365 quaedam,
851 4289 875 4348 si
929 4291 981 4374 κρσί
1005 4314 1065 4351 τινα
1086 4294 1140 4350 τῶν
1162 4295 1202 4373 τῷ
1228 4292 1352 4375 μακαρίῳ
1373 4294 1460 4377 τούτῳ
1486 4295 1578 4375 συμόά

152 4381 237 4455 lubet,
244 4401 279 4438 ex
286 4379 320 4437 iis
331 4399 390 4456 qua
397 4379 476 4437 beato
485 4377 529 4437 isti
542 4377 708 4454 aeciderunt,
718 4380 745 4439 in
754 4380 876 4440 medium
931 4383 1011 4461 μέσον
1022 4382 1172 4464 ἀγάγωμεν,
1186 4384 1232 4444 καί
1245 4384 1340 4466 όψεσθτ
1352 4389 1399 4445 τοῦ
1412 4387 1532 4468 ῥήματος
1548 4388 1578 4460 τί,

153 4473 361 4553 φιτυίετιιιιιυε,ει
371 4470 516 4529 vimistius
530 4470 607 4529 verbi
622 4471 797 4551 cognoscetis.
807 4475 875 4532 Nam
885 4521 921 4559 η,
931 4475 1042 4548 Ἐπειδὴ
1066 4477 1118 4556 γάρ
1143 4475 1253 4557 περιιὼν
1276 4485 1432 4558 πανταχοῦ,
1458 4479 1577 4562 σπείρων

153 4585 215 4623 cum
231 4562 353 4641 regiones
362 4561 628 4634 omnescircnmicns,
635 4563 746 4644 pietatis
763 4566 876 4625 verbum
893 4579 913 4622 A
931 4568 1064 4637 εὐσεόείας
1086 4567 1175 4648 λόγον,
1202 4567 1251 4636 τάς
1275 4568 1390 4640 ἀκάνθας
1416 4574 1556 4647 ἀνασπῶν,

155 4676 292 4737 spargens,
308 4655 399 4735 spinas
412 4652 540 4727 evellens,
554 4654 694 4714 veritatem
710 4656 738 4714 in
752 4655 876 4735 singulo·
932 4660 1058 4732 ἀλήθειαν
1077 4663 1103 4720 έν
1118 4683 1150 4741 τη
1169 4659 1281 4720 tainu
1299 4661 1373 4741 ψυχῇ
1392 4662 1578 4743 καταφυτειίειι

156 4769 216 4806 rum
243 4747 341 4804 animis
371 4745 492 4825 plantare
518 4745 698 4820 contendens,
723 4747 761 4807 ad
783 4749 878 4810 urbem
931 4775 1023 4830 μενος,
1037 4750 1175 4830 γενόμενος
1197 4750 1268 4812 κατεί
1284 4775 1345 4810 τινα
1359 4751 1436 4813 πόλιν
1460 4759 1510 4828 τῆς
1531 4758 1578 4817 tte

156 4838 455 4919 qnamdamappulisset
464 4838 640 4916 Macedoniae,
649 4838 878 4918 quemadmodum
930 4843 1015 4911 καθὼς
1027 4848 1041 4903 θ
1053 4843 1182 4927 μακάριος
1199 4846 1318 4914 Λουκᾶς,
1328 4847 1343 4903 θ
1354 4845 1384 4904 ιδ
1396 4849 1449 4906 τῶν
1464 4847 1578 4930 Πρόξεα

157 4932 358 5002 beatusLucas,
371 4928 451 5008 isqui
464 4929 565 4988 librum
576 4934 704 4990 Actorum
714 4933 876 5014 composuit,
931 4936 1044 5010 συνθείς,
1069 4940 1134 5014 ἡμῖν
1160 4936 1323 5016 διηγήσατο,
1347 4937 1494 5014 παιδίσκην
1517 4940 1578 5002 nit

158 5022 235 5082 nobis
249 5022 395 5099 enarravit,
408 5021 535 5080 ancillam
549 5021 706 5102 quamdam,
722 5045 782 5104 quae
795 5025 878 5085 mali·
930 5029 1045 5111 πονηρὸν
1065 5027 1188 5109 ἔχουσαν,
1209 5030 1256 5088 καί
1272 5038 1349 5110 σιγᾷν
1368 5032 1418 5091 oda
1437 5032 1578 5116 ἀνεχομένη

191 5208 201 5227 ’
221 5206 271 5272 [V.
285 5206 375 5258 lloatl.
390 5205 461 5258 Prot.
477 5210 538 5259 tomi
552 5207 622 5275 liujus
635 5207 648 5278 §
660 5210 703 5277 V.]
977 5227 987 5251 ¹
1004 5213 1066 5281 θος.
1079 5223 1158 5284 πεῖρας
1169 5219 1276 5273 πολλάκις
1287 5223 1328 5275 riu
1339 5218 1407 5269 ἀποδ.
