3764 5992
758 496 938 547 aristone.
1552 481 1622 575 723

74 644 134 695 ται,
148 620 194 679 καὶ
209 619 253 680 ἐπὶ
269 622 320 701 ,τῆς
339 618 424 699 χήρας
448 614 560 693 συνίόη,
573 623 650 680 τοῦτο
667 620 712 680 καὶ
733 619 777 681 tat
796 624 850 681 τῶν
905 639 958 698 que
970 633 1142 700 perspectum
1151 633 1200 681 est.
1210 619 1294 695 Quod
1302 621 1329 682 si
1336 620 1390 683 boo
1401 621 1468 703 fiat,
1482 622 1558 705 quod
1566 625 1624 686 uti-

75 712 251 792 πραγρότων.
266 711 370 792 Ὥσπερ
388 712 440 795 γὰρ
464 712 550 785 ἐκείνη
565 711 611 771 δίο
633 712 741 782 θόολοθς
762 737 850 773 κατα-
905 732 969 771 nam
983 731 1016 770 ne
1025 711 1083 786 fiat,
1092 733 1152 790 quae
1163 712 1289 794 deinceps
1302 728 1448 793 sequentur
1457 714 1568 779 baudte
1579 716 1624 776 ίιι-

76 804 198 863 ὅαλοῦσα
206 849 214 878 ,
229 804 347 872 ἅπαντας
366 804 556 885 θπερηκόντισε
569 803 628 871 τοθς
647 805 755 864 πλείονα
769 828 852 864 κατα·
906 802 954 882 git.
967 807 1005 862 bc
1013 803 1136 884 proinde,
1147 826 1180 865 ne
1190 805 1257 883 quid
1266 805 1365 866 borum
1376 805 1435 883 fiat,
1448 807 1523 869 omni
1530 807 1625 871 studio

75 893 221 965 ὅαλόντας,
238 895 288 968 τὴν
305 895 395 976 οὐσίαν
414 907 502 955 πᾶσαν
516 891 673 955 κενώσασαῖ
685 894 752 955 οὕτω
768 895 852 955 καλοί
908 893 1045 955 contende.
1067 894 1183 967 Quodsi
1196 896 1357 957 Moduarius
1373 896 1444 959 olam
1454 896 1555 974 noaino
1566 898 1625 961 ullo

77 990 115 1052 είς
127 987 161 1046 τὰ
172 986 319 1068 πράγματα
335 986 408 1068 πόσῃ
422 988 532 1065 δυνάμει
545 985 746 1061 σπουδάζοντες,
757 987 788 1047 τὸ
799 995 852 1045 πᾶν
906 988 1017 1070 strepitu
1023 988 1060 1048 ad
1066 1009 1114 1049 uos
1122 1011 1266 1051 excurrere
1272 1004 1372 1071 posset,
1380 989 1408 1050 id
1413 991 1625 1073 operaepretium

74 1080 243 1159 ἐπλήρωσαν,
254 1079 284 1138 τό
294 1104 324 1159 γε
341 1083 377 1147 είς
389 1080 481 1147 αιἰτοθς
491 1072 565 1153 ἧκον,
578 1078 627 1139 κᾶν
641 1079 725 1157 μηδὲν
740 1080 849 1160 γίνηται
907 1094 982 1140 esset.
996 1080 1045 1140 Sin
1056 1094 1147 1142 autem
1159 1080 1189 1141 id
1199 1096 1329 1160 nequeat,
1340 1083 1426 1161 fiant,
1437 1092 1468 1142 nt
1478 1082 1550 1158 lioet,
1562 1103 1624 1163 qum

74 1170 168 1240 πλέον,
181 1170 226 1229 καί
236 1172 285 1254 τὀνΙ
296 1173 390 1249 μισθὸν
404 1170 600 1252 ἀπηρτισμένον
617 1170 729 1251 ἔχουσιν.
743 1170 851 1256 Ἱλαρίιρ
905 1169 963 1231 fieri
977 1185 1112 1251 poterunt.
1125 1174 1196 1235 Nam
1205 1173 1280 1251 quod
1292 1174 1319 1234 in
1329 1174 1451 1255 pecuniis
1465 1174 1624 1249 usuvenit,

74 1265 115 1343 τῷ
131 1262 268 1343 ίπισκόπῳ
290 1263 391 1330 πολλὰς
413 1262 468 1343 ἔχω
480 1262 607 1345 χάριτας·
626 1262 725 1345 ἔγραψε
740 1263 792 1344 γάρ
805 1288 852 1341 μοι
904 1276 984 1342 atque
998 1263 1080 1324 etiam
1094 1264 1123 1323 in
1136 1263 1220 1325 vidua
1235 1266 1281 1327 illa
1295 1267 1426 1346 contigit,
1449 1265 1502 1326 boo
1516 1287 1625 1346 quoquo

75 1355 156 1423 ἀξιῶν
167 1356 346 1436 ἐπιτραπῆναι
358 1358 481 1414 ἀπελθεῖν
496 1357 531 1421 είς
549 1354 598 1428 τὴν
615 1358 707 1429 αὐτοῦ,
719 1358 765 1415 καὶ
777 1357 848 1435 brop-
865 1373 885 1420 Ι)
904 1353 932 1414 in
950 1355 1169 1434 negotiatorum
1189 1357 1279 1418 babet.
1293 1360 1333 1418 Ut
1351 1358 1424 1419 enirn
1445 1357 1493 1436 illa
1514 1356 1623 1419 (luobus
1635 1372 1690 1423 luc.
1700 1350 1739 1418 br.
1750 1384 1774 1417 a.

75 1443 204 1505 oriented
217 1445 321 1519 αὐτόθι,
334 1446 379 1505 καί
396 1446 476 1506 πόλιν
497 1446 701 1526 παραγενέσθαι.
713 1446 791 1507 Ἐπεί
806 1438 849 1507 edu
903 1445 991 1507 obolis
1009 1447 1114 1506 collatis
1127 1468 1242 1522 omnes,
1264 1448 1311 1526 qui
1329 1448 1410 1529 plura
1435 1448 1603 1510 contulerant
1613 1493 1624 1527 ,
1633 1435 1657 1482 ³·

74 1536 162 1595 πολλὰ
183 1539 278 1618 ὠφελεῖ
298 1542 315 1609 ἡ
340 1536 472 1618 παρουσία
486 1540 565 1596 αὐτοῦ
584 1537 643 1611 (καί
662 1538 713 1619 γὰρ
735 1539 850 1612 ablabat<
902 1538 1055 1618 superavit,
1070 1553 1170 1617 utquae
1182 1540 1321 1600 universas
1334 1561 1397 1600 suas
1409 1561 1473 1622 opes
1486 1541 1624 1622 melodis·

75 1632 147 1701 ε’στι,
155 1628 200 1687 καλ
213 1628 280 1710 ἀνὴρ
288 1628 545 1709 ἀπερίτρεπτος,καὶ
556 1628 645 1704 ζέων),
656 1627 848 1711 Ιὀτοιρεκοίλεσοι
902 1643 957 1687 set:
970 1628 1100 1689 sicetiam
1113 1630 1159 1708 qui
1173 1630 1202 1688 in
1215 1631 1322 1710 negotia
1332 1632 1405 1692 omni
1417 1631 1501 1691 animi
1516 1646 1624 1693 conten·

75 1720 154 1780 αὐτόν
167 1720 313 1780 ἀπελθόντα
333 1719 436 1801 ταχέως
455 1723 616 1780 ἐπανελθεῖν.
632 1720 750 1793 Ποίησον
763 1720 848 1780 τοίνυν
902 1719 974 1780 tione
987 1721 1158 1798 incumbunt,
1172 1735 1304 1799 qnantum
1320 1722 1431 1802 quidem
1442 1723 1469 1783 in
1481 1723 1548 1805 ipsis
1560 1737 1622 1800 est,

74 1810 124 1883 τὴν
137 1811 280 1883 ἐπιστολὴν
293 1811 397 1891 ταχέως
404 1812 450 1872 καί
464 1816 589 1892 ἀσφαλῶς
603 1815 675 1894 αὐτῷ
687 1813 847 1883 ἀποδοθῆναι
902 1811 992 1874 omnia
1002 1812 1190 1890 confeoernnt,
1205 1812 1312 1873 etiamsi
1333 1813 1404 1874 nibil
1418 1813 1482 1873 inde
1497 1813 1624 1876 utilitatis
1649 1846 1653 1851 ·

75 1901 173 1981 καὶμὴ
192 1906 403 1986 πααραρριφῆναι
416 1904 462 1963 καὶ
484 1903 535 1984 γὰρ
556 1904 625 1983 μετὰ
644 1906 745 1976 πολλῆς
759 1908 848 1966 ίπιθυ·
902 1903 1033 1980 manarit,
1049 1855 1253 1982 mercederbque
1274 1926 1352 1965 suam
1366 1904 1624 1967 numerisomnibns

77 1929 304 2107 μίαςκαλφφίοδρϊ
291 2017 383 2066 οτητος
398 1994 520 2074 ἀπῄτησε
538 1993 572 2055 ab
586 1999 649 2079 παρ’
668 2000 745 2073 ἡμῶν
758 1995 847 2112 γροίμ-
902 1993 1172 2056 absolutamhabent.
1180 1994 1623 2078 Hilarioepiscopomaximasgra·

78 2110 164 2162 ματα,
180 2111 224 2144 και
214 2084 638 2168 πολθώφελεῑήπαρουσίκ’
608 2109 698 2146 αυτου.
712 2074 847 2146 Πάνυουν
903 2085 1030 2167 tiasago:
1041 2086 1435 2169 perlitcrasenimamepetiit,
1442 2087 1624 2150 utsibiinur-

76 2177 213 2257 φρόντισον
230 2175 277 2244 ebe
300 2179 454 2245 ἐπιστολάς
470 2182 492 2237 εἰ
508 2177 545 2256 μὴ
560 2177 658 2258 παρείη
678 2177 767 2237 αὐτόθι
785 2177 848 2238 Ἑλ·
902 2178 966 2238 bem
976 2200 1054 2238 suam
1062 2176 1180 2238 abeundi
1190 2181 1482 2260 potestatemt‘aoerem,
1493 2181 1624 2262 composi·
1699 2247 1702 2253 ,
1760 2188 1763 2193 ’

77 2267 166 2334 λοίδιος
181 2273 195 2327 ό
210 2269 431 2350 πρεσόότερος,
417 2270 460 2329 οιοί
480 2294 549 2337 τινος
564 2267 702 2349 ἀνθρώπου
725 2275 847 2344 συνετῶ,
903 2284 990 2350 usque
999 2272 1080 2330 rebus
1087 2293 1117 2330 se
1124 2269 1159 2330 ad
1167 2270 1375 2331 nosredrturnm
1382 2272 1537 2352 spopondit.
1544 2273 1623 2345 Quo-

78 2359 221 2442 ἐγκέφαλον
243 2361 346 2442 ἔχοντος
352 2408 360 2436 ,
379 2363 488 2436 ποίησον
503 2363 665 2435 ἀποδοθῆναι
678 2372 732 2429 τοῖς
755 2361 847 2442 φίλοις.
866 2365 885 2412 E
904 2363 976 2423 niam
991 2364 1074 2444 igitur
1093 2362 1179 2444 ipsius
1196 2363 1337 2443 praesentia
1354 2383 1408 2424 non
1427 2384 1525 2444 parom
1546 2364 1623 2425 utilis

903 2459 966 2529 est(
982 2477 1044 2516 nam
1057 2455 1102 2517 vir
1117 2455 1180 2534 pius
1193 2467 1253 2529 est,
1270 2453 1457 2532 constantique
1469 2474 1501 2516 ao
1517 2455 1624 2516 fervido

903 2549 1015 2624 animo),
1029 2570 1093 2608 eum
1105 2547 1229 2607 hortatus
1242 2568 1305 2605 sum
1315 2560 1355 2624 ut,
1367 2568 1430 2607 cum
1443 2568 1475 2607 eo
1490 2548 1625 2629 profectus

902 2641 997 2715 litent,
1009 2640 1101 2700 statim
1110 2639 1212 2700 redeat.
1230 2641 1269 2698 bo
1281 2637 1395 2720 proinde
1408 2638 1443 2702 da
1454 2660 1578 2720 operam,
1593 2653 1626 2701 ut

903 2731 1016 2812 epistola
1036 2743 1128 2790 nostra
1141 2742 1167 2789 et
1180 2728 1301 2790 celeriter
1312 2743 1338 2790 et
1350 2742 1410 2789 tuto
1420 2728 1472 2810 ipsi
1482 2727 1623 2807 reddatur,

903 2842 934 2880 ac
950 2842 1002 2881 non
1017 2819 1196 2901 projiciatur:
1211 2816 1346 2896 siquidem
1360 2838 1457 2898 magna
1471 2838 1534 2879 eom
1548 2818 1624 2899 cupi-

903 2912 987 2975 ditate
999 2933 1031 2972 ae
1046 2910 1213 2971 vehementia
1227 2923 1332 2969 nostras
1350 2909 1442 2970 literas
1456 2904 1623 2990 postularit,

903 3005 1090 3085 ingentemque
1109 3002 1196 3084 ipsius
1214 3001 1356 3082 praesentia
1375 3000 1521 3061 utilitatem
1536 3002 1623 3065 anat.

902 3096 995 3159 Velim
1005 3095 1089 3175 igitur
1099 3116 1143 3154 eas
1149 3092 1295 3173 diligenter
1303 3113 1380 3152 eures
1387 3135 1397 3169 ,
1411 3104 1440 3152 ut
1449 3091 1501 3161 nisi
1510 3092 1626 3174 presby-

903 3202 942 3248 ter
960 3187 1102 3248 Helladius
1115 3185 1176 3247 istie
1188 3185 1239 3262 sit,
1264 3206 1312 3266 per
1325 3182 1486 3265 prodentem
1504 3186 1625 3264 aliquem

902 3280 993 3342 virtum
1006 3301 1038 3340 ae
1053 3279 1161 3340 cerebro
1181 3275 1326 3359 preditum
1348 3275 1443 3336 amieis
1463 3274 1622 3340 reddantur.

243 3504 316 3586 Πρός
328 3504 377 3577 τὴν
393 3502 475 3576 αὐτ-λυ
491 3501 617 3576 ἐπιστολὴ
633 3499 672 3562 ιε’.
1048 3497 1103 3555 Ad
1116 3498 1248 3556 eamdem
1267 3497 1392 3576 epistola
1408 3499 1474 3555 XV.

115 3691 154 3751 Σὺ
167 3689 195 3750 δε
217 3713 262 3769 μοι
284 3689 495 3773 προσεδόκησας,
517 3687 647 3761 τοσαύτην
672 3691 702 3748 ἐκ
726 3687 847 3758 νεότητός
942 3683 1041 3760 Tune,
1063 3702 1125 3741 cum
1143 3681 1200 3742 ab
1192 3695 1299 3740 ineunte
1319 3693 1396 3740 aetate
1409 3693 1514 3742 tantum
1533 3680 1623 3763 philo·
1672 3684 1776 3731 aranu„

75 3808 121 3843 σου
133 3788 177 3843 ἐπι
179 3782 316 3860 δειξαμένη
331 3781 494 3863 φιλοσοφίαν,
508 3805 553 3841 και
543 3781 610 3840 τὸν
624 3779 785 3862 ἀνθρώπινον
798 3803 845 3839 κα·
904 3775 1006 3857 εορίιὶεο
1021 3775 1155 3856 specimen
1169 3771 1291 3848 dederis,
1306 3773 1511 3854 humanumque
1522 3763 1690 3835 fastum¹⁰¹¹⁰
1661 3746 1760 3808 ”⁰4⁰⁶

73 3876 251 3946 ταπατήσασα
265 3880 361 3954 τῦφον,
373 3872 507 3954 ἀταραχόν
518 3896 576 3931 τινα
590 3871 635 3931 καλ
651 3871 783 3949 ἀπόλεμον
798 3871 844 3943 (vl
902 3867 1083 3948 proculcatis,
1096 3888 1172 3948 spem
1187 3865 1305 3925 habebas
1319 3866 1392 3944 sore,
1405 3867 1623 3947 ottranquillatn

75 3971 165 4027 σεσθαι
178 3966 247 4044 βίον,
263 3965 371 4024 Καὶ·
331 3988 386 4032 πως
405 3965 443 4023 ἔνι
462 3969 556 4037 τοῦτο,
577 3967 611 4024 Et
634 3964 686 4044 γὰρ
700 3962 845 4044 ἀνθρώποις
900 3983 932 4020 ae
942 3974 1064 4043 pacatam
1074 3959 1160 4019 vitam
1173 3959 1544 4031 ducereleuiveroidfieri
1560 3982 1633 4042 pos··

75 4059 207 4137 ἄνθρωποι
216 4056 404 4130 πυκτεύοντες,
417 4057 499 4136 μυρία
507 4056 553 4115 καὶ
567 4058 595 4114 ἐν
606 4057 691 4134 ἀγῶσι
705 4055 751 4113 καὶ
765 4058 791 4113 ἐν
801 4080 846 4116 πο·
903 4054 963 4114 set?
986 4055 1055 4114 Nam
1072 4075 1133 4112 cum
1147 4052 1270 4112 hominos¹
1285 4074 1347 4112 curn
1361 4051 1519 4113 bominibus
1531 4053 1620 4114 collu-

74 4149 163 4228 λε’ροις
181 4149 304 4229 δέχονται
316 4148 472 4229 τραύματα,
486 4152 503 4219 ἡ
525 4148 590 4228 πρὸς
610 4144 691 4212 abab<
710 4146 845 4205 ἀποδυσα-
901 4159 1017 4220 stantes,
1028 4144 1183 4205 innumeras
1193 4158 1250 4203 tnrn
1260 4146 1287 4204 in
1298 4144 1429 4227 palaestris
1440 4159 1497 4205 tum
1508 4144 1624 4206 inbellis

75 4242 140 4320 μόνη
155 4241 202 4309 τὰς
216 4242 318 4322 ἀρχὰς,
331 4242 377 4300 καλ
391 4240 438 4306 τὰς
455 4239 585 4312 ἐξουσίας,
596 4239 661 4320 πρὸς
671 4236 729 4307 τοὺς
742 4256 845 4317 κοσμο-
855 4214 892 4315 Ἧι
902 4238 997 4320 plagas
1008 4235 1143 4318 accipiant
1157 4259 1164 4293 ι
1180 4249 1226 4313 tu,
1242 4258 1302 4315 quae
1313 4237 1443 4297 adversus
1455 4237 1623 4318 principatus

74 4335 204 4415 κράτορας
217 4342 262 4396 τοῦ
285 4333 395 4399 σκότους
416 4337 462 4391 τοῦ
488 4336 581 4399 αἰῶνος
604 4330 710 4405 τοότου,
724 4330 790 4410 πρὸς
812 4331 847 4391 rb
901 4344 927 4391 et
940 4328 1242 4412 potestates‚‘adversus
1256 4327 1352 4386 mundi
1370 4330 1715 4415 rectorestcnebra·p,1,„,
1732 4352 1758 4404 6,

73 4424 242 4503 πνευματικὰ
254 4429 301 4497 τῆς
314 4423 457 4504 πονηρίας,
467 4425 513 4484 καὶ
523 4423 710 4501 ἀποδυσαμένη
722 4424 847 4501 γενναίως
902 4445 963 4482 rum
972 4423 1055 4502 hujus
1070 4420 1169 4495 saculi,
1184 4419 1315 4479 adversus
1330 4418 1482 4499 spiritualia
1497 4420 1622 4500 nequitiae
1635 4429 1671 4462 ¹²·

74 4517 171 4589 οθτως,
185 4517 230 4575 καλ
239 4523 356 4576 τοσαῦτα
370 4515 493 4587 στήσασα
503 4515 632 4594 τρόπαια,
647 4513 692 4574 καὶ
703 4512 746 4573 διὰ
757 4513 847 4574 τοσού-
902 4529 928 4575 te
939 4513 1093 4584 accinxisti,
1103 4526 1128 4572 et
1137 4510 1247 4590 quidem
1256 4510 1622 4598 itastrenue,totquetmpaea

72 4634 125 4667 των
141 4608 282 4679 λυπήσασα
296 4608 340 4667 τὸν
355 4608 443 4688 ἄγριον
459 4611 556 4667 ἐκεῖνον
572 4607 617 4665 καὶ
638 4606 774 4689 ἀλάστορα
789 4606 847 4665 δαί·
902 4605 1026 4682 erexisti,
1044 4625 1075 4663 ao
1092 4616 1130 4663 tot
1153 4601 1242 4661 modis
1256 4603 1368 4661 ferocem
1398 4602 1475 4664 illum
1489 4620 1515 4665 ot
1539 4605 1623 4687 pesti-

72 4725 154 4779 μονα,
170 4699 249 4763 πόθεν
267 4699 382 4771 ἤλπισας
404 4697 515 4780 ἡσίχιόν
537 4724 596 4758 τινα
620 4698 665 4757 καλ
688 4698 848 4780 ἀπράγμονα
902 4700 988 4757 sertam
996 4698 1143 4756 damonem
1154 4692 1274 4752 molestia
1287 4694 1504 4768 affecisti,unde
1513 4697 1622 4759 tandem

70 4792 235 4873 “dedocebat
258 4791 330 4870 βίον;
346 4795 387 4851 Οὐ
406 4790 492 4849 τοίνυν
515 4791 559 4851 διὰ
580 4814 656 4850 τουτο
678 4791 846 4907 θφρυθεῑσθαι
902 4812 931 4849 ιιι
944 4811 1002 4849 eam
1015 4808 1227 4869 spemvencras
1239 4786 1295 4845 sore
1305 4799 1334 4845 ut
1348 4789 1521 4867 tranquillam
1535 4811 1622 4852 aone-
1691 4870 1695 4879 .

69 4887 138 4978 χρη
154 4885 196 4945 ότι
209 4884 302 4943 πολλοὶ
314 4882 480 4963 πανταχοθεν
495 4887 519 4942 ol
534 4883 700 4962 πολεμοι
659 4889 751 4942 και
723 4883 828 4964 odor
835 4929 845 4956 ,
903 4883 1037 4986 potiorum
1047 4878 1621 4962 molestiisvacuamnitamageres?Quo

71 4980 116 5039 καί
131 4977 228 5038 πολλαὶ
253 4980 281 5035 αἱ
304 4976 436 5056 ταραχαί
453 4975 522 5035 ἀλλὰ
544 4974 703 5047 τούναντίον,
714 4978 738 5034 τί
755 4907 846 5054 ρμηδὲν
902 4976 973 5036 circa
987 4993 1082 5031 norico
1096 4971 1205 5031 nomine
1218 4971 1371 5052 perturbari
1386 4989 1531 5056 contenit,
1547 4977 1622 5057 quod

106 5158 119 5193 1»
136 5155 195 5205 Mss.
209 5168 297 5202 omnen
310 5155 455 5222 παρεκάλεσα
466 5166 472 5197 z
485 5146 555 5199 Editi
566 5155 671 5219 παρικαλ
675 5172 734 5202 aean.
744 5149 836 5199 Veram
862 5168 915 5200 sum
930 5165 998 5208 eum,
1014 5157 1040 5196 ut
1052 5147 1236 5214 quamprimum
1247 5145 1341 5196 redeat.

75 5250 126 5282 esse
136 5231 364 5295 blanuscriptorum
377 5226 510 5278 lectionem
529 5237 600 5292 patet
611 5243 640 5276 ex
652 5225 729 5292 serie,
742 5229 823 5294 episto
896 5246 905 5269 a
922 5230 977 5280 Duo
994 5227 1052 5278 uss.
1068 5233 1172 5290 ζήσεσθαι
1182 5233 1239 5292 βίον.

81 5310 138 5371 teian,
151 5310 242 5375 inquit,
250 5325 332 5358 meam
344 5307 392 5372 ipsi
403 5308 452 5355 cito
464 5306 566 5371 inittito,
577 5307 639 5372 quia
648 5307 674 5354 in
685 5323 715 5355 ea
727 5303 838 5355 bonatus
