3810 6000
343 406 429 479 1006

339 551 515 625 communica,
534 546 672 629 impertire
685 561 711 606 et
729 565 808 625 eroga
828 563 935 624 panem,
949 542 1053 602 tabulas
1108 543 1236 603 τιθέασιν·
1254 541 1320 601 ούτω
1332 539 1364 612 δὴ
1376 539 1446 598 καίδ
1461 537 1598 616 Χριστὸς,
1613 539 1641 596 ἐν
1657 534 1733 615 μέσῳ
1747 533 1832 605 τίθησι
1848 535 1880 610 τῷ

208 654 323 697 commea·
338 645 365 690 et
373 629 541 712 syngraphas
549 647 601 686 non
609 626 743 705 legitimas
751 622 905 684 discindito.
916 622 993 696 Quid
1002 622 1054 697 his,
1072 633 1092 679 Ι)
1110 621 1209 703 σταδίῳ
1222 622 1257 682 rb
1271 621 1387 693 ἔπαθλα,
1401 617 1525 697 καθάπερ
1540 615 1588 674 διδ
1604 617 1714 673 πολλῶν
1730 616 1823 693 χειρῶν
1837 615 1879 669 τῶν

186 717 252 758 δεῖν
270 716 328 759 ⁸1⁶⁶·
340 730 429 789 quaeso
449 722 485 784 te,
498 705 604 765 facilius
619 705 678 763 est?
697 702 777 776 Quod
791 703 814 762 si
828 701 909 761 etiam
930 701 1057 760 rlifficilia-
1109 708 1155 762 τοῦ
1174 702 1310 782 προφήτου
1350 697 1461 776 ημάτων
1478 695 1609 756 ἐκτείνων
1626 693 1704 752 αότά.
1727 693 1779 751 Καὶ
1801 694 1823 749 ol
1842 690 1879 766 μὲν

190 790 289 835 ''⁰¹¹⁰''
340 810 396 848 esse
404 786 552 858 existimas,
560 784 664 843 intuere
675 782 796 862 praemia,
805 795 832 839 et
840 795 897 840 tum
906 780 957 840 tibi
966 779 1055 839 facilia
1111 784 1243 858 βασιλεῖς,
1257 780 1304 839 ἅτε
1317 784 1450 857 ανθρωποι
1464 779 1556 848 ὀντες,
1569 774 1619 833 καλ
1631 772 1757 851 εὐπορίαν
1772 774 1878 831 tenos

1041 418 1171 468 sennis.
1241 455 1243 458 Α
1260 440 1262 447 ·

340 880 417 926 erunt
431 866 530 925 omnia.
548 861 783 939 Quemadmodum
798 859 870 919 enim
883 880 958 939 reges
969 860 996 918 in
1012 858 1057 917 lu·

341 945 384 1006 dis
408 944 572 1012 circensibus
586 962 707 1013 coronas,
728 940 831 999 tunicas
844 953 871 998 et
889 939 1000 1019 pramia
1024 938 1057 996 iis

341 1025 389 1102 qui
410 1037 512 1083 certant
528 1034 681 1112 proponunt
695 1044 701 1076 ι
713 1019 751 1078 sic
775 1018 899 1077 Christus
922 1017 950 1076 in
969 1016 1057 1077 medio

342 1102 477 1162 curriculo
491 1122 602 1182 praenua
615 1099 753 1180 prophetae
764 1096 854 1158 verbis
869 1096 947 1175 quasi
964 1096 1058 1155 multis

342 1182 466 1241 manibus
476 1201 505 1239 ea
519 1179 657 1260 explicans
668 1199 716 1259 pro
736 1178 801 1236 onit.
816 1177 852 1235 Et
866 1196 939 1254 reges
950 1174 1058 1253 quidem

344 1282 406 1319 cum
420 1260 541 1318 homines
559 1259 623 1334 sint,
637 1200 885 1334 abundantiamque
907 1275 996 1312 retum
1009 1253 1058 1312 ha-

342 1339 422 1398 beant
449 1360 509 1428 qnae
532 1337 716 1417 profunditur,
740 1348 768 1394 et
786 1333 976 1404 liberalitatem
999 1354 1059 1411 qua·

343 1431 518 1491 consnmrtur,
530 1437 560 1474 ea
573 1437 633 1494 quae
663 1436 728 1474 arva
739 1427 801 1473 sunt
815 1412 900 1471 multa
913 1431 1061 1490 magnaque

343 1497 483 1555 ostendere
492 1493 600 1554 student
611 1519 617 1551 :
629 1435 665 1553 ol
677 1514 790 1572 eamque
804 1512 912 1551 causam
925 1491 1060 1569 singulam

344 1575 458 1653 singulis
474 1573 605 1632 ministris
619 1572 764 1649 tradentes,
773 1572 812 1631 sic
826 1571 854 1630 in
864 1569 983 1629 medium
999 1591 1060 1650 pro·

344 1655 437 1712 dennt.
452 1655 552 1712 Atllea
565 1665 762 1727 nosteroontra,
771 1671 833 1709 eum
847 1651 971 1708 universa
982 1669 1061 1707 acur-

344 1733 468 1806 mulavit,
482 1731 609 1810 qnoniam
632 1730 712 1790 valde
727 1743 766 1788 est
789 1728 924 1808 locuples,
939 1727 1061 1806 nihilque

1111 860 1191 938 μένην
1221 860 1340 939 ἔχοντες,
1360 857 1406 916 καί
1427 855 1586 936 φιλοτιμίαν
1614 856 1747 912 ἀναλισκο
1770 851 1837 922 ε’νην,
1853 849 1880 907 el

1108 938 1185 1017 ὀλίγα
1203 938 1289 999 πολλὰ
1300 941 1502 1018 φιλοτιμοῦνται
1514 933 1618 1002 δεῖξαι·
1634 932 1737 990 διὸκαὶ
1760 954 1774 986 ν
1788 930 1879 989 ἕκαστον

1110 1019 1215 1100 ἑκάστῳ
1233 1023 1283 1077 τῶν
1299 1015 1423 1075 διακόνιον
1442 1013 1660 1095 ἐγχειρίζοντες,
1673 1010 1774 1075 ὀὕτως
1788 1008 1880 1082 trefe

1111 1119 1152 1155 σιν
1174 1100 1209 1164 εἰς
1228 1097 1258 1155 τὸ
1273 1095 1362 1174 μέσον.
1376 1094 1411 1153 ‘0
1423 1092 1450 1152 δὲ
1464 1090 1597 1171 βασιλεὺς
1616 1097 1632 1150 δ
1646 1088 1777 1169 ἡμέτερος
1788 1091 1879 1146 τούναν-

1111 1175 1177 1248 τίον,
1193 1180 1280 1235 πάντα
1300 1181 1366 1252 ὁμοῦ
1381 1173 1578 1251 συμφορήσας,
1596 1168 1695 1240 ἐπειδὴ
1717 1168 1813 1246 σφόδρα
1826 1166 1879 1224 ἐστίν

1111 1254 1238 1334 εὔπορος,
1261 1251 1394 1312 aalaidis
1416 1251 1483 1329 πρὸς
1509 1248 1645 1315 ἐπίδειξιν
1660 1255 1750 1319 ποιεῖ,
1768 1244 1839 1310 οθτως
1854 1247 1879 1308 εἰς

1113 1333 1192 1411 μίτον
1213 1331 1367 1411 προτίθησιν
1378 1330 1446 1409 άπερ
1462 1327 1619 1388 ἐκταθέντα
1640 1327 1743 1405 ἄπειρα
1757 1323 1880 1392 ἔσται,καί

1113 1415 1218 1471 πολλῶν
1236 1412 1358 1484 δεήσεται
1378 1413 1431 1469 τῶν
1456 1411 1642 1487 κατεγουσῶν
1662 1411 1771 1484 χειρῶν.
1792 1405 1836 1462 liri
1849 1401 1879 1459 ίνα

1114 1493 1199 1571 μάθῃς
1225 1496 1321 1562 τοῦτο,
1349 1489 1459 1548 ἕκαστον
1491 1492 1585 1546 αὐτῶν
1612 1484 1811 1566 περισκάπησον
1832 1480 1879 1558 μετὰ

1113 1571 1259 1651 ἀκριύείας.
1272 1569 1341 1629 Τάτε
1364 1568 1528 1647 ῥαγήσεται,
1550 1567 1624 1645 φησὶ
1635 1611 1644 1638 ,
1657 1564 1781 1643 πρίιῑμον
1800 1562 1826 1618 τὸ
1843 1563 1880 1637 φύς

1114 1672 1169 1709 σου.
1184 1640 1251 1730 Ἄρα
1272 1650 1300 1706 ού
1315 1649 1385 1707 δοκεῖ
1403 1671 1444 1707 σοι
1470 1648 1499 1705 ἓν
1515 1669 1543 1703 τι
1568 1638 1645 1704 εἶναι
1661 1642 1880 1724 δῶρον;’λλλά5ιι

1114 1727 1184 1787 ἔστιν
1201 1728 1238 1788 έν.
1259 1728 1311 1788 Kal
1325 1725 1359 1805 γδ
1398 1725 1489 1785 πολλὰ
1500 1723 1591 1783 ,ἔνδον
1607 1724 1686 1804 ἔχει,
1710 1724 1755 1780 καὶ
1771 1720 1881 1798 στεφάνοις

344 1811 528 1869 ostentationis
542 1831 622 1868 causa
640 1808 714 1886 lacit,
726 1808 765 1867 sic
784 1807 812 1866 in
833 1807 921 1865 medio
935 1806 1061 1886 proponit
1078 1821 1099 1868 tt
1114 1809 1160 1866 καὶ
1180 1807 1305 1890 βραδεῖα,
1326 1829 1371 1864 και
1392 1805 1472 1885 ίτερα
1499 1792 1702 1873 ἔπαθλα,’κα“ι
1725 1804 1747 1859 εἰ
1770 1799 1882 1877 βούλεσθε,

344 1885 1061 1968 ea,quaeexplicatainnumerabiliainfinitaqueerunt,

344 1982 369 2027 et
383 1967 482 2025 multas
497 1987 592 2024 manus
601 1987 661 2044 quae
670 1965 834 2039 contineant,
843 1963 1003 2023 desiderant.
1015 1969 1061 2023 At·

344 2067 397 2124 que
410 2061 440 2104 ut
454 2045 506 2104 hoe
522 2045 667 2124 intelligas,
686 2041 898 2122 unumquodque
911 2064 1004 2102 eurum
1017 2065 1062 2103 ac·

344 2138 434 2184 curate
458 2123 603 2183 considera.
625 2127 707 2182 Tunc
727 2135 866 2202 erumpet,
890 2122 987 2200 inquit,
1000 2143 1061 2181 nra-

346 2208 473 2262 tutinum
486 2205 584 2261 lumen
595 2217 685 2264 tuum.
698 2204 792 2260 Annon
812 2201 862 2260 tihi
874 2222 958 2260 unum
971 2202 1062 2280 quod-

344 2281 408 2341 dam
430 2303 486 2341 esse
507 2281 611 2340 donum
630 2281 761 2342 videtur?
776 2283 810 2339 lt
831 2300 883 2339 non
905 2300 990 2339 unum
1014 2295 1062 2340 est.

347 2360 455 2419 Etenim
467 2360 565 2420 multas
589 2360 747 2421 intrinsecus
769 2374 795 2419 et
810 2380 922 2419 coronas
934 2359 1016 2418 habet
1038 2374 1064 2419 et

346 2439 452 2514 bravia,
466 2454 493 2498 et
506 2440 559 2499 alia
570 2441 680 2520 praemia
694 2463 700 2496 :
714 2453 740 2497 et
755 2439 778 2498 si
792 2438 878 2519 placet
891 2438 980 2513 vobis,
995 2460 1063 2519 pro-

346 2519 461 2577 ferentes
485 2517 597 2578 divitias
623 2539 716 2577 omnes
737 2518 917 2590 ostendemus,
932 2532 1064 2596 quantum

346 2598 455 2676 quidem
467 2619 611 2678 possumus
623 2597 772 2674 ostendere,
788 2597 869 2658 modo
878 2617 911 2655 ne
919 2598 1064 2657 molestum

1113 1886 1239 1953 λύσαντες
1257 1885 1373 1962 δείξομεν
1392 1885 1436 1944 τδν
1458 1886 1582 1942 πλοῦτον
1604 1885 1720 1942 ἅπαντα
1742 1878 1822 1945 καθὼς
1839 1884 1882 1952 ἡμῖν

1113 1957 1209 2025 οἷόντε
1228 1965 1368 2039 ἐπιδεῖξαι,
1383 1964 1461 2042 μόνον
1489 1962 1529 2040 μὴ
1543 1963 1729 2038 ἀποκάμητε.
1742 1961 1793 2018 Καὶ
1806 1959 1882 2035 πρῶτον

1115 2045 1251 2124 μάθωμεν,
1265 2043 1292 2103 τί
1309 2042 1571 2120 ἐστι,Ῥαγν’,σεται.
1586 2043 1634 2100 Tb
1648 2040 1722 2120 ταχὺ
1742 2039 1786 2097 καὶ
1804 2035 1884 2113 iridi<

1114 2129 1179 2202 ἡμῖν
1192 2124 1347 2204 ιιἐμφαίνει,
1364 2122 1409 2182 καλ
1423 2125 1482 2188 πῶς
1495 2120 1608 2202 σφόδρα
1623 2120 1732 2200 ἐφίεται
1753 2121 1798 2185 τῆς
1810 2114 1883 2191 ἡμετέ-

1116 2226 1163 2284 ρας
1174 2203 1320 2282 σωτηρίας,
1331 2203 1376 2261 καί
1390 2205 1446 2268 πῶς
1465 2200 1562 2260 ὠδίνει
1579 2200 1618 2258 τὰ
1635 2198 1729 2276 ἀγαθὰ
1744 2196 1807 2255 αὐτὸ
1817 2196 1884 2271 προελ-

1116 2290 1180 2356 θεῖν,
1195 2284 1241 2342 καί
1254 2282 1417 2359 ’ἐπείγετον
1432 2280 1481 2339 καί
1505 2278 1587 2339 ὠδὲν
1607 2279 1688 2338 ἔσται
1705 2279 1737 2335 τὸ
1751 2274 1841 2333 κωλύοι
1851 2273 1885 2341 τὶν

1116 2363 1216 2442 ἄφατον
1232 2360 1326 2440 ῥύμην.
1350 2363 1390 2419 Δι’
1404 2350 1440 2418 dv
1455 2358 1592 2417 ἁπάντων
1608 2359 1662 2429 τὴν
1676 2356 1812 2436 δαψίλειαν
1823 2356 1884 2409 αὐτων

1116 2440 1290 2515 ἐνδείκνυται,
1310 2440 1407 2499 καὶτὸ
1432 2439 1545 2518 ἄπειρον
1572 2441 1625 2506 τῆς
1645 2434 1809 2519 περιουσίας.
1822 2430 1850 2490 Τί
1866 2453 1886 2487 ι.

1117 2524 1173 2581 ἔστι
1186 2518 1327 2600 Πρώϊμον;
1342 2519 1499 2591 Τουτέοτιν,
1513 2521 1545 2576 οὐ
1570 2517 1647 2595 μετὰ
1662 2517 1695 2575 τὸ
1711 2519 1737 2574 ἐν
1753 2524 1803 2579 τσίς
1819 2535 1886 2588 πείρε-

1118 2608 1194 2676 σμῡῖς
1216 2598 1353 2677 γενέσθαι,
1368 2597 1426 2658 οὐδὲ
1450 2598 1522 2673 μετὰ
1539 2598 1597 2668 τὴν
1618 2600 1677 2654 τῶν
1702 2598 1792 2653 κακῶν
1811 2591 1886 2669 {qarbu

347 2677 381 2735 sit
407 2676 492 2736 vohis.
512 2681 551 2734 Ac
574 2675 694 2756 primum
720 2676 904 2755 intelligamus
938 2675 1006 2754 quid
1030 2675 1203 2747 εἰιαωίάλλδ
1218 2678 1270 2757 πρὸ
1289 2681 1412 2778 φανῆναι.
1433 2676 1570 2753 Καθάπερ
1586 2676 1644 2756 γὰρ
1671 2677 1718 2734 ἐπὶ
1738 2677 1789 2732 τῶν
1804 2673 1886 2748 καρπῶν

348 2756 498 2835 Erumpet.
514 2754 683 2815 Celeritatem
692 2769 718 2814 et
725 2755 876 2835 largitatem
889 2755 967 2814 nohis
978 2755 1065 2814 decla·
1082 2762 1100 2808 λ
1117 2758 1228 2834 λέγομεν
1242 2768 1363 2838 πρωϊμσν
1381 2755 1411 2814 τὸ
1424 2755 1478 2836 πρδ
1499 2762 1548 2814 τοῦ
1564 2761 1667 2834 καιροῦ
1683 2752 1776 2836 φανὲν,
1787 2751 1844 2808 aaa
1855 2749 1886 2804 ui

943 2833 948 2845 ⁸
1118 2839 1229 2895 ἐνταῦθα
1241 2835 1348 2916 τδταγδ
1363 2836 1441 2893 πάλιν
1456 2834 1613 2931 ἐμφαίνων,
1627 2833 1717 2899 οὕτως
1731 2837 1808 2903 εἶπεν,
1819 2827 1887 2900 ὥσπερ

347 2848 398 2910 rat,
414 2848 577 2914 quantopere
588 2850 614 2893 et
625 2835 740 2894 salntem
755 2848 874 2893 nostram
888 2848 987 2915 cupiat,
1001 2849 1027 2893 et
1035 2848 1066 2893 ut

347 2911 419 2973 bona
433 2915 489 2993 ipsa
503 2928 647 2992 erumpant
658 2913 769 2992 gestiat:
780 2934 829 2990 nee
843 2913 991 2992 quidquam
1003 2913 1065 2990 erit,

347 2992 420 3069 quod
435 2993 493 3071 ejus
501 2991 708 3052 inenarrabilem
720 2992 851 3072 impetum
864 2993 1068 3064 cohibeat.Qni·

346 3069 399 3128 bus
414 3070 540 3128 omnibus
551 3091 643 3128 eorum
661 3071 765 3150 copiam
777 3070 963 3149 infinitamque
975 3072 1065 3130 abun-

284 3175 296 3190 ·
346 3147 468 3206 dantiam
486 3148 596 3206 indicat.
614 3148 689 3220 Quid
700 3162 739 3207 est
754 3163 844 3207 autem
858 3152 1066 3209 Matutinum?

349 3225 381 3285 ld
396 3241 443 3301 est,
456 3248 508 3284 non
522 3239 613 3362 postea
628 3248 711 3305 quam
725 3227 753 3284 in
767 3227 957 3287 tentationibus
973 3229 1065 3304 fueris,

348 3326 395 3365 nec
410 3320 471 3386 post
480 3327 522 3363 ma
536 3326 613 3363 orum
623 3327 766 3382 accessum,
778 3306 824 3364 sed
834 3321 895 3365 ante
904 3329 985 3385 qnam
996 3310 1066 3368 exsi-

348 3399 427 3442 stant.
440 3383 677 3459 Quemadmodum
688 3385 760 3444 enim
773 3385 801 3444 in
816 3386 948 3444 fructibus
965 3408 1066 3466 praeco-

348 3484 390 3522 ces
408 3465 526 3522 dicimus
547 3485 590 3522 eos
609 3464 655 3542 qui
678 3479 739 3523 ante
751 3479 857 3544 tempus
871 3480 999 3545 apparent
1011 3490 1017 3522 ι
1029 3466 1066 3527 sic

349 3543 430 3600 etiam
441 3544 492 3602 hoe
505 3544 564 3601 loco
579 3542 742 3601 celeritatem
760 3543 927 3621 significans,
942 3543 978 3602 ita
993 3567 1065 3626 prae-

350 3622 419 3680 cocis
428 3644 522 3681 vocem
535 3623 726 3702 usrrrpavit,ut
735 3643 815 3702 supra
826 3623 943 3700 dicebat,
956 3626 1066 3685 Adhuc

351 3714 379 3759 te
398 3701 534 3781 loquente
547 3702 655 3772 dicam,
672 3703 751 3760 Ecce
764 3703 880 3762 adsum.
899 3701 980 3773 Quod
1001 3725 1066 3764 vero

351 3781 450 3846 himen
463 3780 541 3857 dicit,
556 3794 582 3838 et
597 3780 665 3858 quid
689 3779 741 3839 hoe
754 3780 845 3839 lumen
860 3782 918 3840 est?
929 3784 988 3841 Non
1002 3782 1064 3861 hoc,

350 3858 422 3936 quod
432 3859 484 3917 sub
493 3880 600 3917 sensum
614 3858 695 3932 cadit,
710 3858 756 3918 sed
770 3859 847 3918 aliud
858 3860 943 3918 multo
957 3862 1064 3939 melius,

1118 2915 1173 2974 ἄνω
1186 2914 1283 2993 ἔλεγεν,
1299 2914 1361 2975 Ἔτι
1374 2916 1516 2980 λαλοῦντος
1542 2936 1615 2984 σου,
1637 2917 1709 2991 ἐρῶ,
1725 2910 1779 2969 ἰδοὺ
1792 2910 1886 2984 πάρειμι.

1119 2996 1200 3054 Ποῖον
1213 2993 1240 3053 δὲ
1253 2994 1325 3074 λέγει
1336 2998 1404 3073 φῶς,
1418 2992 1464 3050 καὶ
1479 2992 1505 3050 τί
1518 2991 1593 3051 ποτέ
1606 2996 1668 3051 ἐστι
1683 2998 1776 3057 τοῦτο,
1789 2990 1824 3047 Te
1835 2990 1886 3063 pix:

1118 3076 1159 3133 Οὐ
1171 3078 1247 3131 τοῦτο
1265 3074 1296 3132 τὸ
1310 3072 1443 3143 αἰσθητὸν,
1460 3073 1521 3129 ἀλλ’
1537 3070 1633 3152 ἕτερον
1657 3072 1755 3149 πολλῷ
1774 3063 1887 3145 bissini

1118 3151 1162 3210 τδν
1184 3153 1292 3232 ούρανδν
1313 3158 1377 3230 ἡμῖν
1392 3152 1525 3221 δείκνυσι,
1542 3149 1609 3217 τοὺς
1624 3149 1777 3228 ἀγγέλους,
1790 3145 1839 3210 πολε
1854 3145 1886 3218 d'(

1117 3231 1278 3310 χαγγέλους,
1296 3230 1330 3290 ed
1351 3233 1388 3290 Χε
1406 3230 1499 3306 ostiu,
1514 3229 1552 3286 τδι
1567 3230 1716 3308 Σεραφίμ,
1729 3228 1786 3292 τοὺς
1799 3225 1885 3303 θράνους

1117 3311 1164 3378 τὰς
1188 3309 1358 3390 κυριότητας,
1372 3252 1419 3374 ede
1435 3309 1534 3389 ἀρχάς,
1554 3306 1605 3373 τὰς
1625 3307 1766 3379 ἐξουσίας,
1785 3307 1812 3363 τὸ
1824 3324 1884 3387 στρο-

1117 3390 1226 3449 τόπεδον
1241 3390 1323 3462 ἅπαν,
1335 3388 1382 3455 τδς
1396 3390 1485 3453 πολετς
1504 3387 1556 3454 τδις
1566 3387 1729 3463 βασιλικάς,
1744 3386 1789 3451 τδις
1801 3388 1884 3449 σκηνάν-

1118 3467 1163 3527 'du
1178 3468 1229 3548 γάρ
1242 3472 1287 3527 τοῦ
1312 3467 1396 3547 φωτὸς
1419 3466 1519 3524 ἐκείνου
1542 3467 1737 3544 καταξιωθῇς,
1761 3464 1803 3522 καί
1822 3466 1884 3517 trita

1118 3549 1191 3627 ὄψει,
1202 3548 1429 3624 καλάπαλλαγήση
1445 3544 1573 3624 γεέννης,
1585 3546 1634 3603 καὶ
1648 3551 1699 3603 τοῦ
1717 3545 1842 3611 σκώληκος
1851 3541 1884 3593 τοῦ

1120 3627 1239 3700 ἰοόόλου,
1254 3625 1298 3684 καὶ
1324 3630 1377 3684 τῶν
1405 3628 1532 3704 βρυγμῶν
1556 3629 1613 3683 τῶν
1636 3625 1768 3693 ὀδόντων,
1791 3622 1830 3679 καὶ
1846 3618 1884 3672 tin

1119 3709 1224 3783 δεσμῶν
1246 3708 1308 3763 τῶν·
1320 3707 1468 3784 ὀδυνηρῶν,
1495 3703 1543 3761 καὶ
1570 3706 1621 3773 τῆς
1653 3699 1886 3783 στενοχωρίας,κεἰ

1119 3790 1166 3857 τῆς
1178 3785 1301 3863 θλίψεως,
1323 3785 1369 3842 καὶ
1382 3788 1427 3842 τοῦ
1440 3780 1553 3848 σκύτους
1568 3789 1617 3841 τοῦ
1634 3785 1781 3863 ἀφεγγοῦς,
1796 3779 1835 3837 καὶ
1853 3777 1886 3831 roi

1121 3865 1344 3944 διχοτομηθῆναι,
1358 3861 1466 3920 καὶτῶν
1479 3866 1614 3936 ποταμῶν
1632 3870 1684 3921 τοῦ
1698 3862 1792 3940 πυρὸς,
1804 3858 1842 3916 καὶ
1853 3859 1888 3921 ’.ἧς

351 3936 423 4015 qnod
441 3938 538 3994 eaelum
550 3936 628 3995 nohis
642 3933 768 4007 ostendit,
779 3959 874 4018 nempe
892 3940 1010 4018 angelos,
1021 3963 1066 3999 ar·
1084 3955 1102 4002 B
1118 3943 1245 4023 κατάρας,
1258 3943 1303 4002 καλ
1317 3946 1369 4000 τῶν
1388 3944 1436 4010 τῆς
1450 3941 1545 4009 ὀδύνης
1556 3941 1684 4019 χωρίων,
1700 3943 1747 4000 καὶ
1761 3937 1888 4009 ἀτελείας,

351 4016 504 4094 changelos,
519 4015 678 4092 Cherubim,
692 4017 846 4096 Seraphim,
858 4017 1066 4095 thronos,domi-

351 4094 489 4172 nationes,
522 4094 704 4174 principatus,
733 4109 889 4176 potestates,
920 4099 1066 4158 exercitum

352 4195 469 4248 omnem,
480 4174 561 4232 urbes
582 4174 678 4264 regias,
692 4174 873 4238 tabernacula.
890 4176 919 4235 Si
934 4179 1006 4236 enim
1019 4179 1066 4237 di-

353 4273 421 4332 gnus
433 4253 542 4312 habitus
556 4253 648 4327 fueris,
662 4254 706 4330 qui
718 4255 808 4313 lumen
820 4254 890 4313 illud
901 4256 1001 4331 videas,
1010 4257 1068 4316 hac

321 4359 323 4371 υ
353 4332 477 4391 videbis:
492 4347 517 4390 et
531 4331 689 4410 agehenna,
704 4347 756 4391 eta
774 4355 865 4394 verme
877 4334 925 4410 qui
935 4357 1068 4394 venenum

349 4410 1067 4493 jaculatur,etastridoredentium,etavinculisquae

350 4490 603 4564 doloremaiserunt,
617 4502 642 4546 et
653 4490 687 4547 ab
700 4491 857 4568 angoribus,
874 4505 899 4550 et
915 4494 1030 4568 amalis,
1042 4508 1068 4552 et

351 4592 365 4628 a
378 4569 495 4629 tenebris
505 4568 608 4629 lumine
622 4570 783 4642 carentibus,
797 4583 847 4628 cta
863 4571 1030 4649 dissectione,
1043 4587 1068 4631 et

351 4649 385 4707 ab
398 4648 468 4729 ignis
487 4647 653 4721 fluminibus,
668 4661 716 4705 eta
734 4648 920 4709 maledictione
934 4666 987 4710 eta
1003 4652 1068 4712 locis

350 4728 475 4788 dolorum
483 4727 570 4807 plenis
582 4726 737 4802 liherabere,
745 4730 934 4805 coquerenies,
943 4731 988 4789 nbi
999 4731 1069 4789 nihil

349 4807 401 4867 loci
416 4807 539 4867 relictum
549 4819 586 4865 est
598 4805 684 4864 dolori
696 4821 721 4864 et
731 4807 870 4880 molestiae,
881 4809 929 4867 ubi
939 4831 1067 4889 inagnum

349 4889 423 4967 viget
446 4885 588 4964 gaudium,
607 4906 670 4965 pax,
683 4886 790 4960 caritas,
808 4887 934 4968 voluptas
954 4904 980 4948 ct
995 4889 1067 4949 laeti-

351 4966 386 5025 tia
401 4991 406 5023 :
423 4966 468 5023 ubi
484 4965 539 5024 vita
553 4980 591 5024 est
605 4965 776 5045 sempiterna,
793 4980 819 5024 et
835 4967 930 5047 gloria,
947 4969 1068 5051 pulchri·

384 5129 393 5152 0
412 5122 474 5169 Tres
491 5120 548 5198 illas.
562 5125 630 5180 οὕτως
643 5130 770 5188 εἰσάγουσιν.

386 5216 395 5235 0
414 5199 495 5249 litlem
509 5211 624 5266 erpeinus.

1119 4022 1180 4082 ἔνθα
1204 4021 1307 4102 ἀπέδρα
1328 4019 1407 4091 ὀδύνη
1423 4020 1468 4078 καὶ
1489 4018 1578 4092 λύπη,
1603 4021 1672 4078 ἔνθα
1688 4020 1773 4092 πολλὴ
1787 4024 1802 4090 i,
1817 4013 1889 4095 γερᾶι

1120 4101 1165 4160 καλ
1180 4101 1287 4180 εἰρήνη,
1303 4099 1348 4158 καλ
1371 4100 1477 4179 ἀγάπη,
1493 4098 1541 4154 καὶ
1562 4098 1656 4178 τρυφὴ
1683 4102 1730 4158 καὶ
1752 4094 1889 4177 εθφρεσίνη·

1120 4179 1181 4239 ἔνθα
1206 4179 1260 4250 ζωὴ
1282 4179 1400 4251 αίιίινιος,
1420 4178 1465 4237 καί
1491 4176 1553 4244 δόξα
1583 4179 1722 4257 άῤῥητος,
1748 4183 1791 4235 καὶ
1812 4176 1890 4233 καλλος

1121 4261 1270 4340 ἄφραστον·
1285 4257 1346 4316 ἔνθα
1362 4257 1463 4316 αἰώνιοι
1486 4257 1600 4327 σκηναὶ,
1618 4258 1668 4316 καὶ
1684 4264 1704 4329 ἡ
1721 4257 1782 4324 δοῖα
1799 4262 1838 4313 τοῦ
1851 4258 1886 4328 ,θα

1121 4337 1215 4404 σιλέως
1228 4343 1245 4408 ἡ
1258 4336 1422 4417 ἀπόρρητος,
1433 4335 1480 4394 καλ
1490 4334 1525 4392 τδι
1538 4335 1631 4414 ἀγαθὰ
1644 4340 1753 4405 ἐκεῖνα,
1771 4335 1799 4393 Ἃ
1810 4335 1890 4411 ὀφθαλ-

1123 4416 1171 4496 μὸς
1184 4419 1231 4476 οὐκ
1245 4408 1366 4488 εἶδε,καλ
1384 4407 1427 4482 uile
1450 4418 1498 4473 οὐκ
1516 4414 1639 4486 ἤκουσε,
1663 4418 1712 4474 καί
1732 4416 1775 4475 ἐπὶ
1798 4411 1890 4489 καρδίαν

1122 4496 1261 4575 ἀνθρώπου
1275 4498 1322 4555 οὐκ
1343 4494 1424 4564 άνέὸη
1437 4518 1443 4530 ·
1458 4493 1519 4551 ἔνθα
1538 4497 1553 4550 ὁ
1570 4494 1687 4573 νυμφὼν
1702 4500 1716 4553 θ
1734 4493 1891 4568 πνευματυιόί

1122 4575 1167 4634 καλ
1183 4577 1209 4634 αἱ
1224 4575 1355 4639 παστάδες
1368 4578 1420 4631 τῶν
1434 4576 1562 4653 οὐρανῶν,
1578 4574 1626 4631 καὶ
1643 4578 1672 4631 ul
1687 4574 1810 4651 παρθένοι
1821 4576 1844 4628 αἱ
1854 4569 1890 4631 τὶς

1122 4653 1234 4735 φαιδρθς
1257 4653 1366 4732 ἔχουσαι
1390 4653 1553 4728 λαμπάδας,
1576 4652 1624 4709 κοιλ
1648 4657 1674 4712 oi
1694 4655 1725 4711 τὸ
1748 4655 1840 4725 ἔνδυμα
1854 4653 1888 4704 τοῦ

1122 4733 1208 4810 γάμου
1222 4733 1340 4813 ἔχοντες·
1356 4731 1416 4790 ἔνθα
1426 4731 1547 4791 παλάτια
1562 4731 1686 4813 ὑπάρχει
1700 4740 1745 4792 τοῦ
1759 4730 1887 4795 semem,

1122 4813 1169 4871 καλ
1182 4813 1216 4872 τδι
1229 4820 1337 4889 ταμιεῖα
1351 4810 1385 4869 τά
1402 4811 1539 4889 βασιλικά.
1554 4800 1636 4878 Εἶδες
1648 4811 1734 4884 ἡλίκα
1746 4812 1779 4869 τά
1791 4811 1887 4874 ἔπαθλα,

1122 4892 1167 4950 καὶ
1179 4891 1227 4951 ὅσα
1240 4893 1284 4950 διὰ
1300 4899 1361 4966 μιᾶς
1373 4890 1474 4967 ῥήσεως
1486 4889 1664 4962 ἐπεδείξατο,
1683 4892 1730 4950 καὶ
1752 4896 1807 4954 πῶς
1819 4886 1887 4944 πέντε

1123 4971 1316 5052 συνεφόρησεν,
1334 4969 1414 5030 Οὕτω
1431 4969 1477 5029 καλ
1501 4971 1555 5027 τῶν
1578 4968 1641 5040 ἑξῆς
1670 4974 1773 5050 ῥήσεων
1794 4968 1886 5031 ἑκάστην

1167 5136 1175 5158 ⁸
1195 5126 1237 5178 Sic
1251 5124 1325 5175 iidern
1339 5125 1397 5175 λίαν,
1412 5123 1480 5173 Editi
1495 5141 1556 5174 uero
1570 5134 1695 5189 ἐπύρεττε.

1169 5206 1179 5243 s
1197 5205 1259 5255 Tres
1272 5205 1333 5254 ils.
1349 5209 1410 5257 ἀλλὰ
1423 5214 1541 5269 upupa-15,
1556 5201 1636 5256 titatle.
