3764 5992
445 381 474 427 S.
501 377 641 428 loturus
666 376 847 425 cttnlsost.
876 378 1034 429 Auernum
1060 382 1331 433 consulttrtrtov.

124 508 223 568 ovibus
236 509 264 568 in
286 508 370 568 aciem
380 504 528 575 descendit,
550 523 664 581 cumque
676 522 767 561 omnes
791 522 837 559 ex·
891 505 1023 583 πρόβατα,
1039 505 1085 566 καί
1097 509 1133 575 εἰς
1144 506 1192 580 τήν
1207 506 1358 588 παράταξιν
1369 507 1462 582 trote,
1477 510 1563 570 πάντας

124 599 240 676 territos,
253 598 425 660 formidantes
435 617 466 655 ac
476 609 616 654 trementes
625 606 754 670 cerneret,
768 591 838 651 nihil
890 596 1027 675 πτηχύτας
1055 597 1159 675 βλέπων
1186 597 1233 657 καί
1259 598 1412 667 δεδοικότας
1435 599 1481 659 καί
1505 602 1563 682 τρίμ

125 689 273 749 humanum
281 711 374 770 passus
385 702 433 762 est,
447 707 531 764 neque
551 699 659 744 caeteros
669 683 784 764 abjectos
796 682 838 743 vi·
891 685 964 745 οὐδὲν
989 685 1084 746 ἔπαθεν
1108 687 1287 768 ἀνθρώπινον,
1313 688 1373 750 οὐδὲ
1396 689 1500 769 ἐγένετο
1522 694 1563 752 bul

124 780 190 840 dens
202 780 390 839 formidolosus
404 779 466 850 luit,
479 777 526 836 sed
534 776 588 836 lide
594 775 696 851 omnia,
709 796 768 853 quae
777 796 838 840 con·
891 773 950 842 τοὺς
961 775 1073 844 οἰκείους
1085 779 1326 856 τεταπεινωμένους
1335 785 1404 864 ὁρῶν
1417 805 1424 818 ·
1441 782 1511 841 ἀλλά
1527 789 1556 863 τῇ

125 871 317 952 spiciebantur,
337 870 533 945 transcendens,
555 868 590 927 ad
602 869 701 946 Regem
713 867 839 927 celorum
891 865 980 924 πάντα
994 867 1028 927 et
1046 868 1196 947 βλεπόμενα
1209 870 1342 952 θπερύάς,
1356 871 1402 930 καὶ
1418 873 1485 953 πρὸς
1496 873 1537 932 τὸν
1551 880 1563 953 β

129 963 283 1043 respiciens,
299 963 412 1020 multam
426 962 516 1020 animo
527 961 692 1019 alacritatem
707 959 839 1040 concepit,

129 1053 202 1114 etad
216 1054 315 1113 milites
326 1055 472 1130 fratresque
485 1074 547 1112 suos
569 1052 688 1124 accessit,
713 1051 842 1131 pollicens
894 1047 1051 1131 προθυμίας,
1064 1054 1198 1131 προσῆλθε
1207 1061 1261 1119 τοῖς
1276 1053 1455 1136 στρατιώταις
1465 1055 1509 1114 καί
1521 1067 1563 1116 τοῖν

129 1165 157 1203 se
180 1144 215 1202 ab
227 1144 335 1203 instanti
349 1143 469 1224 periculo
481 1143 553 1223 ipsos
568 1142 756 1201 liberaturum.
772 1145 842 1202 Cum
857 1151 878 1197 Ι)
896 1146 970 1217 ροῖς,
985 1140 1212 1219 ἐπαγγελλόμενος
1225 1143 1409 1204 ἀπαλλάσσειν
1425 1143 1517 1214 αὐτοὺς
1531 1152 1563 1205 τοὶ

129 1235 330 1294 autemdictum
341 1234 482 1292 irriderent
493 1234 587 1291 iratres
596 1234 653 1312 ejus
666 1232 844 1312 (nequeenim
896 1251 988 1308 χοντος
1010 1229 1138 1290 κινδύνου.
1161 1231 1209 1300 Ὡς
1228 1232 1257 1292 δὲ
1282 1233 1412 1312 ἐγέλασαν
1436 1236 1468 1296 τδ
1487 1240 1563 1315 είρημ

129 1324 256 1384 videbant
270 1327 359 1383 Deum
374 1325 447 1383 intus
461 1322 539 1382 illum
560 1323 748 1400 concitantem,
761 1345 845 1402 neque
898 1318 1005 1398 ἀδελροί
1025 1321 1066 1392 (ού
1082 1320 1134 1401 γάρ
1156 1321 1246 1401 ἐώρων
1268 1324 1312 1384 τὸν
1335 1324 1408 1385 ἔνδον
1434 1328 1512 1387 αὐτὸν
1531 1331 1563 1386 ἀλ

130 1430 259 1475 noverant
282 1415 404 1473 animum
422 1413 501 1472 illum
516 1434 684 1492 generosum,
704 1414 739 1473 ad
749 1415 845 1474 caelum
898 1410 982 1485 θεδν,
997 1410 1055 1471 οὐδὲ
1070 1411 1118 1485 τήν
1131 1413 1219 1493 ψυχὴν
1240 1413 1289 1489 τήν
1302 1418 1426 1495 γενναίαν
1440 1420 1553 1493 ίκιίνην,

131 1527 214 1585 usque
227 1507 429 1586 pertingentem,
436 1526 584 1586 magnaque
594 1505 693 1566 fiducia
707 1507 845 1586 plenum),
901 1503 1048 1582 ρανομήκη,
1059 1504 1105 1562 καὶ
1115 1507 1215 1577 πολλῆς
1228 1505 1362 1586 γέμουσαν
1373 1509 1563 1590 φιλοσορίας),ι

130 1597 185 1656 illis
197 1598 304 1672 relictiS,
316 1597 384 1656 alios
397 1596 474 1656 adiit.
491 1598 546 1658 Ubi
559 1612 649 1658 autem
670 1598 749 1656 illum
760 1597 847 1656 addu-
899 1591 958 1652 πὼν
979 1594 1106 1665 ἐκείνους,
1130 1595 1196 1678 πρὸς
1215 1596 1319 1675 ἐτέρους
1343 1599 1472 1670 ἀπῆλθεν.
1488 1597 1537 1667 Ὦς
1556 1601 1563 1658 l

132 1689 235 1748 xissent
248 1689 284 1748 ad
297 1709 398 1768 regern,
410 1711 490 1768 quem
500 1690 595 1750 timore
608 1704 758 1749 emortuum
772 1711 847 1772 repe·
901 1682 944 1742 τὸν
965 1685 1076 1762 βασιλέα
1090 1687 1166 1746 αὐτὸν
1182 1687 1341 1768 εἰσήγαγον,
1357 1690 1404 1748 καί
1425 1681 1499 1772 εὗρεν
1517 1694 1562 1750 eit

131 1779 188 1839 rit:
203 1780 292 1860 primo
312 1780 335 1838 is
355 1780 430 1839 illius
443 1781 563 1840 animum
584 1781 674 1860 erigit,
690 1780 734 1841 his
748 1782 848 1857 verbis,
901 1773 1045 1846 τεθνηκότα
1058 1775 1173 1858 τῷδέει,
1187 1783 1293 1858 πρῶτον
1309 1781 1388 1838 αὐτοῦ
1405 1771 1552 1853 διανίστησι

17 1881 72 1937 ltce-
88 1872 384 1938 ¹7·Neconcidatcor
401 1873 514 1931 domini
527 1876 848 1954 meisuperipso,quia
903 1889 992 1943 νηθα,
1016 1864 1085 1925 οὕτω
1104 1868 1208 1946 λέγων·
1223 1867 1270 1941 Μή
1287 1870 1487 1946 συμπεσέτωή
1516 1896 1563 1952 κιρ

1 1957 21 1986 ²·
133 1984 232 2022 servus
243 1975 309 2023 tuus
323 1963 377 2023 ibit
399 1976 426 2022 et
449 1967 592 2044 pugnabit
602 1984 667 2022 cum
679 1965 734 2022 boc
745 1965 849 2023 alieni·
903 1956 993 2036 κνρίοο
1013 1980 1063 2035 μον
1085 1960 1127 2018 ἔτ’
1142 1959 1235 2033 αιἰτλν,
1249 1959 1320 2019 ὅτιὸ
1341 1960 1433 2029 δοῦλός
1456 1986 1504 2023 αοιι
1522 1989 1563 2043 τινε

131 2076 216 2134 gena.
225 2055 293 2113 Cum
303 2068 393 2113 autem
412 2053 459 2113 ille
480 2075 532 2114 uon
546 2053 629 2113 fidem
642 2054 752 2114 haberet
761 2075 792 2113 ac
801 2053 849 2112 di-
904 2049 949 2108 set
960 2050 1106 2126 πολεμήσει
1118 2050 1186 2129 μετὰ
1196 2058 1242 2110 τοῦ
1254 2051 1403 2132 ἀλλοφύλου
1414 2054 1518 2115 τούτου.
1528 2055 1563 2116 Ἐ

2 2163 18 2184 ··
39 2159 59 2185 ι·
72 2142 110 2188 ³³·
133 2158 213 2217 ceret,
228 2148 297 2204 Non
308 2150 416 2225 poterr's
426 2149 488 2213 irer
504 2159 534 2205 tu
544 2168 616 2225 puer
624 2167 666 2224 es,
678 2147 731 2206 ille
751 2160 850 2206 autem
904 2143 1000 2208 ἐκεῖνος
1020 2140 1128 2213 ἠπίστει
1145 2141 1246 2222 λέγων,
1265 2145 1306 2202 Οὐ
1331 2145 1432 2222 δυνήσῃ
1452 2152 1563 2226 πορευθῇ

133 2240 184 2296 vir
196 2238 323 2296 bellator
333 2259 353 2296 ιι
372 2240 528 2320 juventute
540 2258 608 2313 sua,
618 2238 645 2297 in
663 2238 774 2319 ancipiti
788 2259 850 2298 con·
867 2249 886 2296 F.
904 2232 1043 2314 παιδάριον
1057 2222 1094 2307 εἶ,
1115 2234 1191 2301 αιἰτός
1210 2233 1238 2292 δὲ
1258 2234 1325 2317 ἀνὴρ
1338 2235 1504 2313 πολεμιστὴς
1517 2241 1563 2296 ἔα·

132 2329 242 2387 stitutus
255 2327 345 2387 David
369 2329 474 2409 cogitur
495 2332 616 2410 proprias
631 2329 725 2389 efl'errc
744 2328 847 2389 laudes.
906 2329 1003 2401 αὐτοῦ,
1018 2329 1045 2385 ἐν
1060 2327 1159 2407 ἀπορίᾳ
1173 2326 1209 2387 ὢν
1220 2329 1312 2388 λοιπὸν
1327 2331 1440 2388 δΔαιλδ
1453 2333 1563 2410 ἀναγκάί

133 2419 214 2493 Quod
223 2420 428 2495 enimidnollet,
436 2441 470 2479 ex
479 2419 616 2500 prioribus
624 2419 758 2501 arguitio,
767 2441 850 2500 quan·
905 2421 989 2477 οἰκεῖα
1004 2420 1150 2495 διηγεῖσθαι
1170 2417 1301 2497 ἐγκώμια.
1314 2416 1381 2479 Ὅτι
1401 2420 1453 2500 γάρ
1480 2425 1527 2480 οὐκ
1545 2424 1563 2482 tt

133 2510 280 2590 doquidem
290 2510 474 2570 necl'ratrilrus
485 2510 542 2569 suis
550 2509 585 2569 de
594 2509 674 2570 rebus
687 2532 739 2570 asc
747 2511 852 2571 fortiter
906 2509 950 2569 διά
971 2514 1023 2569 τῶν
1044 2509 1178 2590 προτέρων
1193 2509 1302 2583 ἔδειξεν,
1321 2511 1381 2569 ούτε
1396 2513 1462 2591 πρὸς
1479 2511 1563 2580 τοθςι

134 2603 216 2682 gestis
223 2601 363 2683 quidpiam
374 2601 490 2675 dixerat,
504 2615 534 2660 ut
547 2602 782 2681 nequemilitihus,
796 2602 851 2661 imo
906 2601 987 2660 εἰπών
1001 2625 1028 2658 τι
1043 2606 1094 2660 τῶν
1112 2604 1190 2660 αὐτοῦ
1213 2601 1443 2681 κατορθωμάτων,
1466 2602 1525 2664 οὗτε
1538 2629 1563 2684 πγ

134 2716 168 2754 ue
182 2695 235 2775 ipsi
243 2695 310 2775 regi,
324 2694 408 2754 donce
426 2694 494 2754 vidit
507 2715 569 2754 eum
580 2715 633 2754 non
651 2694 768 2768 credere,
782 2717 851 2756 con·
906 2691 1086 2773 vaporatione,
1101 2694 1159 2752 ἀλλ’
1174 2692 1233 2752 οὐδὲ
1246 2693 1312 2774 πρὸς
1327 2694 1406 2752 αὐτὸν
1422 2695 1468 2753 τὸν
1491 2697 1563 2774 βασιλ

134 2784 241 2844 tendere
247 2800 273 2845 et
284 2807 458 2865 congressum
470 2807 549 2845 suum
560 2799 650 2845 contra
665 2786 853 2848 adversarium
906 2773 972 2843 εἶδεν
987 2784 1063 2844 αὐτὸν
1076 2787 1237 2843 ἀπιστοῦντα
1250 2783 1296 2843 καὶ
1312 2788 1470 2863 ἀγωνιῶντα
1486 2787 1532 2845 καὶ
1546 2812 1563 2848 ιο

137 2875 283 2955 impedire.
321 2875 397 2951 Quid
427 2891 491 2936 tunc
524 2876 677 2936 laciendum
709 2878 852 2938 restabat?
905 2871 954 2944 τλν
976 2871 1067 2953 ἔφοδον
1093 2873 1142 2947 vlt
1163 2878 1223 2934 κατ’
1248 2873 1357 2937 ἐκείνου.
1378 2875 1416 2935 Τι’
1435 2876 1491 2958 γάρ
1512 2879 1563 2936 ἔδει

134 2987 169 3025 an
197 2966 315 3027 tacendae
343 2966 438 3026 laudes
472 2967 571 3027 erant?
603 2972 638 3026 At
664 2989 717 3027 non
747 2968 854 3029 sivisset
906 2960 1016 3033 λοιπόνὶ
1031 2966 1142 3040 οιγῆοαι
1155 2961 1189 3021 αλ
1204 2960 1563 3041 ἕννώμιαςἈλλόὗκανὲι

134 3057 235 3137 egredi,
261 3072 287 3116 ct
301 3058 336 3116 ab
349 3058 499 3117 imminenti
513 3059 633 3138 periculo
650 3059 775 3120 liberare.
790 3060 853 3119 ldeo
863 3101 900 3141 2„
910 3053 1045 3127 ἆπιλθιῐν,
1057 3051 1116 3110 0¹33b
1131 3053 1281 3122 ἅπαλλοῖίαι
1294 3057 1347 3114 τῶν
1360 3053 1529 3135 κατεχόντων
1543 3080 1563 3115 κι

136 3171 197 3208 cum
223 3150 368 3221 tacuisset,
394 3148 502 3228 quando
526 3163 613 3210 tacere
637 3151 787 3231 oportebat,
808 3152 855 3211 ubi
874 3158 893 3203 Α
909 3142 962 3201 Λιλ
977 3148 1055 3203 τοῦτο
1072 3143 1183 3223 σιγήσας
1198 3145 1277 3216 ἡνίκα
1287 3144 1458 3221 {bustuali
1472 3147 1517 3207 τὸν
1529 3170 1563 3205 κα

135 3240 207 3300 vidit
216 3242 344 3322 temporis
356 3242 487 3301 rationem
501 3241 530 3301 id
540 3243 677 3322 postulare
687 3257 717 3302 ut
730 3243 855 3323 loquere·
909 3235 1141 3314 καταναγκάζονται
1155 3240 1247 3310 οἷααῑνν
1262 3240 1308 3297 οιία
1321 3237 1361 3297 ἔτι
1374 3248 1449 3319 mil»
1466 3240 1563 3319 ἀλλοία

137 3348 189 3409 tur,
201 3354 254 3394 non
264 3335 336 3393 ultra
350 3334 445 3412 tacuit,
457 3333 505 3394 scd
516 3336 556 3394 sic
568 3356 629 3394 eum
639 3335 794 3414 alloquutus
801 3350 857 3396 esta
911 3327 1006 3385 αὐτόν·
1021 3327 1175 3405 Ποιμαίνιον
1191 3328 1292 3406 istut&
1310 3328 1399 3398 δοῦλός
1411 3353 1461 3389 οοιι
1477 3332 1505 3389 ἓν
1519 3333 1558 3410 τῷ

4 3454 10 3465 ·
41 3437 80 3527 ’νγ
92 3435 127 3486 't-
138 3430 270 3487 Pasceris
279 3449 359 3487 eram
370 3448 471 3487 servm
481 3441 548 3488 tuus
559 3449 673 3508 gregem
682 3433 777 3508 patre's
788 3434 855 3502 mei,
910 3425 957 3477 τοῦ
970 3418 1068 3501 πατρός
1084 3443 1143 3497 μανι
1155 3420 1200 3478 καλ
1211 3419 1274 3481 ὅταν
1283 3420 1382 3502 ἤρχετο
1395 3421 1465 3480 λέων
1479 3421 1497 3493 ἢ
1511 3422 1563 3503 ἄρα

2 3483 63 3543 cs

137 3532 167 3578 et
196 3540 262 3578 cum
286 3522 400 3579 ueniret
424 3519 470 3577 leo
487 3531 539 3578 aut
557 3538 651 3590 ursus,
665 3531 694 3577 et
714 3523 857 3600 acciperet
911 3508 1044 3587 ἕλοῖίιῧανι
1079 3509 1211 3589 πθίὸααον
1242 3516 1272 3572 ἔκ
1309 3516 1357 3585 τῆς
1391 3513 1507 3592 ἆγὲλητ,
1536 3512 1563 3582 bl

138 3633 220 3672 opem
237 3613 274 3671 de
295 3632 389 3691 grege,
403 3611 573 3688 egrediebar
588 3623 654 3689 post
667 3623 856 3691 eum7etper.
911 3600 1070 3660 κατόπισθεν
1093 3605 1191 3676 αὐτοῦ,
1214 3602 1259 3661 καί
1279 3601 1429 3662 έπᾶτασσον
1450 3605 1546 3677 αὐτὸν,

138 3706 285 3762 cutiebam
307 3723 384 3773 eunt,
401 3715 429 3760 et
443 3704 633 3761 extrahebam
657 3706 758 3762 abore
781 3706 854 3784 ejus,
912 3715 984 3751 οαιον
1006 3696 1036 3751 ἔκ
1053 3698 1099 3751 τοῦ
1117 3693 1353 3772 ατομααοταῦοοῧ,
1369 3694 1414 3752 καλ
1430 3696 1559 3775 ἕαραοονν

139 3804 168 3851 et
189 3794 441 3871 apprehendebam
466 3805 568 3871 guttur
586 3795 659 3872 ejus,
692 3805 720 3852 et
746 3795 858 3853 occide·
913 3807 1005 3864 ρνγγοτ
1027 3787 1124 3855 αὐτοῦ,
1139 3784 1336 3844 ααλὲθαναῖτοον
1351 3784 1431 3844 αὐτόν
1445 3808 1452 3822 ·
1467 3787 1513 3844 καλ
1534 3786 1563 3846 rb

141 3885 208 3940 bam
219 3902 307 3940 eum.-
325 3902 361 3940 ao
375 3883 487 3939 leonem
496 3894 524 3940 et
535 3902 633 3941 ursum
650 3889 792 3961 percussit
800 3904 857 3943 ser·
910 3877 956 3936 καὶ
975 3876 1023 3948 τὴν
1048 3877 1143 3958 ἄρκτον
1164 3877 1271 3936 ἔτυπτεν
1290 3881 1304 3936 ὁ
1325 3878 1415 3942 δοῦλός
1438 3901 1486 3936 αοο
1501 3901 1508 3914 ·
1524 3879 1563 3937 καί

142 3987 193 4026 vus
204 3980 290 4025 tuus:
304 3980 330 4025 et
345 3971 400 4025 erit
411 3969 580 4047 alienigena
598 3972 646 4027 tric
658 3984 687 4028 et
704 3974 858 4031 incircum-
913 3965 1057 4046 ἀλλόρυλος
1079 3957 1153 4032 οὗτος
1176 3966 1222 4024 καὶ
1247 3964 1441 4046 ἀπερίτμητος,
1469 3970 1505 4034 ὡς
1532 3967 1559 4026 ἓν

140 4062 217 4118 risus
231 4061 305 4116 sieut
316 4077 391 4116 unus
401 4079 438 4115 ex
454 4063 507 4116 eis.
527 4057 613 4119 Vides
623 4061 857 4137 quomododcela·
911 4057 994 4139 Ὁρᾷς
1015 4064 1072 4125 πῶς
1094 4060 1211 4132 ἐδήλωσε
1225 4059 1294 4125 τίνος
1308 4058 1396 4117 ἕνεκεν
1409 4048 1471 4117 εἶπε
1490 4059 1524 4119 τά
1545 4063 1563 4120 ol

140 4149 211 4211 ravit
220 4169 273 4227 qua
289 4147 323 4207 de
333 4168 412 4207 causa
423 4148 603 4207 abselortiter
614 4164 687 4228 gesta
699 4174 860 4214 commemo·
911 4149 1088 4230 ταρθώματα;
1110 4150 1179 4210 Τότε
1205 4148 1254 4221 δὴ,
1278 4149 1338 4208 τότε
1366 4151 1504 4230 θαββήσας
1528 4156 1543 4210 ὁ

141 4241 342 4303 τονοτίιάΤιιιιι
356 4239 458 4299 scilieet
472 4260 521 4299 rex
534 4255 651 4301 assumta
663 4242 771 4319 fiducia,
778 4245 860 4324 jussit
911 4241 1004 4300 λοιπὸν
1027 4240 1162 4302 ἐκέλευσεν
1178 4243 1312 4300 ἀπελθεῖν.
1328 4240 1383 4300 Καὶ
1400 4244 1525 4314 ἀπῆλθε,
1543 4267 1563 4300 ιι

141 4333 224 4391 abire.
240 4330 317 4392 Abiit
340 4353 431 4412 porro,
455 4331 589 4411 pugnavit
611 4345 637 4390 et
655 4333 731 4394 'vicit
750 4339 784 4394 At
806 4336 858 4396 nisi
876 4340 894 4386 B
911 4331 1022 4405 τάξατο,
1046 4331 1091 4391 καί
1114 4332 1255 4403 ἐνίκησεν·
1281 4334 1316 4392 El
1337 4332 1365 4392 δὲ
1389 4332 1426 4410 μὴ
1454 4333 1563 4412 ἐγκάμιι

142 4423 305 4482 laudessuas
325 4436 483 4499 enarrasset,
510 4424 788 4500 nequaquamrexilli
802 4448 860 4486 mo-
911 4427 959 4484 οὐκ
972 4423 1002 4482 ἀν
1025 4425 1096 4505 αὐτῷ
1118 4424 1167 4496 τήν
1187 4422 1354 4504 μονομαχίαν
1378 4423 1486 4496 ἀκείνην
1503 4425 1563 4483 ἐπίο

143 4514 312 4576 nomachiam
322 4512 454 4594 ejusmodi
465 4513 652 4590 concessisset,
670 4514 693 4574 si
706 4536 759 4576 non
775 4518 860 4578 credi·
913 4514 1058 4595 βασιλεύς·
1076 4515 1113 4594 μή
1129 4513 1271 4582 πιστεύσας
1281 4513 1324 4584 δέ,
1337 4517 1385 4573 οὐκ
1396 4514 1429 4571 ἀν
1442 4518 1542 4594 ἀφῆκεν
1557 4539 1563 4572 ι

144 4606 236 4683 disset,
247 4627 300 4664 non
312 4604 417 4666 sivisset
433 4626 494 4663 eum
506 4604 533 4663 in
547 4604 632 4663 aciem
642 4605 818 4684 descendere,
837 4609 861 4669 si
911 4607 959 4680 τήν
973 4606 1119 4688 παράταξιν
1131 4608 1274 4665 ἀπελθεῖν·
1290 4603 1328 4683 μὴ
1342 4605 1416 4685 ἀρελς
1428 4605 1474 4680 δέ,
1489 4605 1563 4665 διεκύ

145 4720 196 4758 non
220 4698 338 4772 sivisset,
351 4696 493 4758 victoriam
520 4695 861 4781 impedivisset:impedita
912 4699 943 4759 τδ
966 4698 1144 4779 κατόρθωμα·
1159 4704 1206 4756 τοῦ
1231 4696 1259 4757 δέ
1280 4695 1488 4776 κατορθώματος
1510 4702 1563 4757 κωλ

146 4790 365 4863 autcmvictoria,
379 4789 861 4868 neque,Deustuncglorilicatus,ne·
914 4787 1006 4848 ούτεδ
1031 4789 1099 4855 Θεὸς
1122 4789 1153 4846 ἂν
1175 4787 1300 4860 ἐδοξάσθη
1325 4786 1401 4862 τότε,
1416 4788 1478 4847 ούτε
1500 4796 1518 4862 ἡ
1540 4813 1563 4848 πι

146 4901 198 4957 que
219 4880 313 4940 civitas
332 4879 367 4938 ab
390 4878 546 4958 urgentibus
561 4879 641 4938 malis
662 4879 773 4940 liberata
783 4896 859 4941 esset.
913 4879 1086 4958 ἐπικειμένων
1099 4879 1241 4959 ἀπηλλάγη
1257 4878 1393 4940 κινδύνοιν.
1410 4879 1465 4941 Ἴν’
1478 4872 1524 4939 οἶν
1537 4879 1563 4959 μί

146 4972 186 5027 Ne
199 4971 281 5048 igitur
295 4983 334 5029 tot
346 4970 462 5029 absurda
472 4969 668 5048 contingerent,
683 4992 769 5049 neque
782 4985 862 5032 tante
913 4999 947 5033 τα
961 4973 1070 5054 γένηται
1087 4973 1191 5047 ἄτοπα,
1213 4971 1281 5050 μηδὲ
1296 4971 1448 5051 οἰκονομίας
1461 4972 1563 5051 μέγεθοι

146 5060 354 5139 dispensationis
378 5082 446 5141 opus
470 5061 676 5141 praepediretur,
699 5076 806 5122 coactus
824 5077 863 5122 est
915 5071 1053 5136 τοσοῦτον,
1070 5063 1225 5144 ἠναγκάσθη
1244 5062 1304 5131 τούς
1327 5062 1440 5131 οἰκείους
1463 5065 1558 5130 ἀθλους

148 5149 237 5207 David
263 5152 384 5229 proprias
412 5172 545 5212 recensere
574 5152 709 5212 victorias.
733 5156 771 5214 Ut
791 5155 863 5215 enim
916 5155 1010 5216 Δαυίδ.
1031 5155 1138 5235 Ὥσπερ
1161 5154 1213 5236 γάρ
1234 5165 1310 5234 σιγᾷν
1332 5153 1438 5230 ἴσασιν,
1464 5158 1563 5235 ονἰδεμιί
