3764 5992
115 397 185 488 592
453 420 482 467 s.
510 416 651 467 ioannis
676 414 858 464 erinusosr.
888 415 1046 464 anonim.
1074 417 1345 468 consummante.

124 542 842 625 torumnobisalfinieatemexpresseruntttamquem·
890 539 932 598 λοί
956 541 1179 621 περιῦεύλημένοι
1192 543 1317 622 λιμένας,
1336 545 1382 612 οθς
1401 543 1433 615 δή
1456 545 1525 627 φάρα

124 635 277 698 admodum
297 637 427 697 sublimes
450 636 562 717 quidam
587 633 701 715 scopuli,
721 637 838 693 eircum-
889 630 1013 705 εἰώθασι,
1029 632 1072 693 διδι
1086 633 1173 707 πάσης
1182 640 1230 707 τῆς
1240 636 1333 703 νυκτδς
1346 634 1475 696 άσύεστον
1486 637 1525 716 ipe

122 728 179 788 dati
192 729 334 809 portubus,
344 751 413 808 quos
421 727 552 810 appellari
564 727 667 786 Pharos
680 747 737 785 mos
748 738 796 800 est,
811 725 838 783 in
889 723 949 790 τοὺς
962 727 1179 804 πεπλανημένους
1192 726 1262 789 κατὰ
1277 727 1309 787 τὸ
1329 728 1444 807 πέλαγος
1458 733 1492 808 τῇ
1510 732 1525 788 λ

122 820 222 899 quibus
231 834 286 880 tota
298 834 375 880 noete
386 819 562 880 inexstinctus
574 819 644 899 ignis
655 819 735 893 lueet,
746 838 838 877 erran·
888 823 935 875 τοῦ
947 818 1031 895 φωτδς
1042 818 1107 897 πρὸς
1118 817 1165 890 τήν
1179 825 1226 878 τοῦ
1239 817 1345 897 λιμένος
1358 827 1525 900 χειραγωγοῦ

123 911 200 970 tesin
222 910 443 992 marispleudore
464 911 575 970 luminis
584 909 620 969 ad
644 923 737 991 portus
760 931 837 968 secu·
888 909 977 965 λιιαν·
992 908 1061 967 οὕτω
1083 909 1129 967 καὶ
1151 901 1230 967 αὗται
1243 910 1367 991 καθάπερ
1386 910 1459 977 τινὰς
1483 913 1525 988 λιμ

122 1003 210 1062 uitatis
227 1003 382 1062 deducunt:
404 1003 443 1062 sic
466 1003 522 1062 ista
544 1017 682 1081 tamquam
704 1002 836 1082 portubus
888 999 1081 1080 φιλοφροσύνην
1100 999 1343 1079 περιῦεῦλημέναι,
1359 1005 1399 1082 τῷ
1417 1002 1525 1081 φωτίτῦΙ

122 1095 248 1155 comitate
269 1093 452 1172 circumdate,
466 1094 696 1173 magnanimitatis
713 1114 769 1152 suae
791 1093 835 1150 lu·
889 1091 1086 1171 μεγαλοψυχίας
1095 1090 1153 1159 τοὺς
1167 1094 1193 1151 έν
1208 1095 1241 1169 τῇ
1257 1092 1393 1172 βαθυτάτῃ
1405 1092 1494 1152 νυκτί·
1506 1118 1525 1152 νι

122 1186 195 1246 mine
207 1186 416 1268 profundissima
436 1186 464 1245 in
478 1200 572 1245 nocte:
590 1206 642 1244 non
663 1184 735 1243 enim
747 1183 837 1265 potior
854 1192 871 1238 B
886 1179 960 1240 οὐδὲν
975 1180 1080 1260 οίμεινον
1093 1186 1170 1260 ήμῶν
1183 1186 1200 1254 ή
1215 1183 1269 1255 ζωὴ
1288 1183 1435 1256 διάκειται,
1455 1184 1525 1243 καθά·4

123 1294 162 1340 est
185 1279 303 1338 eonditio
322 1278 385 1338 vitae
403 1292 500 1338 nostra
522 1268 606 1357 quani
620 1276 714 1353 noetis,
726 1276 796 1335 sieut
811 1289 837 1334 et
887 1271 992 1340 Παῦλύς
1006 1297 1095 1352 φησιν,
1108 1274 1150 1334 ὅτι
1162 1273 1198 1332 Ἡ
1211 1272 1256 1343 νὺξ
1267 1275 1423 1356 προέκοψεν,
1438 1275 1524 1348 ήδὲή

8 1398 37 1426 m.
82 1412 87 1426 .
123 1369 225 1429 Paulus
237 1369 316 1430 dicit:
336 1372 405 1429 Nox
419 1372 574 1449 praecessit,
591 1371 653 1428 dies
669 1380 767 1426 autem
780 1388 835 1446 ap·
885 1387 959 1443 γικε·
975 1364 1034 1432 τοὺς
1047 1355 1172 1443 ούνένιῇ
1186 1359 1322 1446 βαθυτάτῃ
1332 1367 1408 1426 νυκτί
1424 1366 1525 1427 aerlei

4 1478 10 1490 ·
120 1465 329 1543 propinquavit
336 1486 349 1533 ;
364 1482 409 1522 eos
421 1461 507 1540 igitur
519 1460 567 1540 qui
580 1458 790 1541 profundissima
808 1459 835 1518 in
886 1458 934 1526 τῆς
948 1455 1120 1538 φιλαργυρίας
1133 1455 1335 1536 πλανωμένους,
1356 1457 1403 1517 καί
1416 1457 1525 1536 γίνεσθαι

121 1567 198 1612 nocte
210 1553 238 1612 in
250 1552 370 1614 avaritie
383 1552 452 1612 mari
464 1553 599 1628 oberrant,
613 1565 640 1611 et
648 1551 761 1634 jamjam
772 1551 836 1610 sub·
885 1567 933 1613 τας
954 1546 1146 1627 ὖποὸρυχίους,
1169 1547 1236 1630 πρὸς
1256 1546 1305 1620 τήν
1325 1551 1391 1628 παρ’
1412 1552 1511 1608 έαυτῶν

120 1645 260 1725 mergendi
271 1659 346 1724 sunt,
357 1644 395 1704 ad
407 1665 484 1704 suam
494 1644 610 1704 invitant
620 1642 799 1718 securitatem,
810 1657 837 1702 et
887 1637 1042 1716 ἀσφάλειαν,
1055 1640 1086 1698 τὸ
1099 1644 1148 1711 τῆς
1171 1639 1371 1720 φιλανθρωπίας
1389 1641 1525 1708 διαπαντὸς

119 1736 295 1797 humanitatis
309 1757 414 1817 semper
426 1737 565 1797 ardentem
586 1735 714 1794 babentes
732 1734 833 1814 ignem,
886 1752 929 1787 νον
944 1729 1051 1810 ἔχουσαι
1065 1738 1133 1810 πῦρ,
1146 1731 1192 1790 κοιλ
1211 1730 1387 1800 διασώζουσαι
1400 1732 1433 1792 τὸ
1449 1736 1498 1804 τῆς
1515 1733 1525 1790 ί

119 1828 311 1888 inexstinctum
319 1829 494 1910 eleemosyna
505 1828 597 1887 lumen
607 1840 774 1887 conservant.
885 1846 931 1895 νης
944 1823 1072 1883 οίσύεστον
1085 1826 1148 1904 φῶς.

159 1925 187 1980 9.
201 1919 256 1980 Sed
268 1919 360 1980 deilla
370 1920 481 2000 quidem
492 1920 546 1979 alio
560 1919 636 1996 10003
649 1916 780 1977 hodierno
791 1917 836 1977 (lie
925 1914 1005 1974 Ἀλλδι
1018 1915 1080 1997 περί
1096 1914 1198 1986 ἐκείνης
1212 1913 1259 1992 μέν
1281 1917 1308 1974 έν
1323 1914 1406 1996 ἑτέρῳ
1428 1917 1525 1996 καιρῷ·

118 2013 193 2095 apud
205 2033 255 2073 vos
275 2012 310 2071 de
324 2013 375 2072 ista
397 2010 506 2075 Veteris
532 2010 699 2070 Testamenti
712 2030 833 2089 agemus.
886 2005 915 2066 δέ
926 2008 988 2088 περί
1006 2013 1055 2080 τῆς
1068 2012 1095 2068 ἐν
1110 2011 1144 2087 τῇ
1159 2010 1268 2088 Παλαιᾷ
1285 2008 1351 2089 πρὸς
1373 2010 1442 2085 ὑμᾶς
1458 2010 1525 2087 έροῦρ

119 2104 237 2163 Omnino
251 2103 324 2163 enim
344 2102 411 2163 dum
423 2104 482 2162 haec
495 2101 662 2176 laudabitur,
676 2099 752 2159 illius
765 2122 836 2180 quo·
886 2121 938 2166 τως
948 2098 1001 2182 γὰρ
1011 2099 1057 2159 καί
1070 2099 1168 2170 ταύτης
1178 2099 1384 2178 ἐπαινουμένης,
1397 2099 1525 2171 έκείνηςο

120 2217 174 2274 que
187 2195 383 2276 praeopimum
395 2215 492 2253 corona
503 2205 637 2253 nectetur:
648 2213 711 2251 nam
721 2213 838 2270 quarum
887 2191 954 2269 μίων
970 2197 994 2252 οἱ
1010 2191 1134 2272 στέφανοι
1145 2190 1304 2252 πλέκονται·
1316 2179 1352 2249 bv
1361 2190 1415 2271 γθιρ
1423 2190 1457 2251 τὰ
1467 2215 1525 2251 κατι

118 2287 194 2366 paria
210 2302 273 2348 sunt
293 2300 363 2346 reete
376 2286 457 2357 facta,
473 2305 565 2344 earum
580 2304 686 2362 quoque
698 2282 838 2342 laudatrix
887 2283 947 2351 ίσα,
962 2284 1008 2343 καί
1021 2288 1046 2343 ol
1056 2283 1130 2363 λύγοι
1141 2288 1193 2342 τῶν
1208 2281 1347 2363 ἐγκωμίων
1360 2281 1452 2341 κοινοί.
1467 2281 1525 2359 Ἐγί

119 2377 205 2438 oratio
219 2377 370 2438 eommunis
382 2389 430 2436 est.
445 2377 512 2435 Orta
525 2389 564 2436 est
577 2374 664 2455 igitur
677 2373 760 2454 hujus
770 2388 837 2433 tem·
854 2389 872 2438 c
886 2400 931 2435 νυν
946 2374 1016 2436 κατδι
1037 2374 1098 2443 τοὺς
1110 2375 1209 2448 ταύτης
1226 2373 1337 2455 χρόνους
1358 2374 1436 2452 λιμὸς
1450 2375 1525 2455 χαλει

119 2490 185 2549 pore
198 2470 281 2529 fames
292 2467 463 2548 gravissima,
480 2487 532 2525 non
553 2463 626 2544 quod
640 2464 743 2524 defessa
757 2465 837 2524 tellus
886 2472 904 2538 ἡ
923 2473 957 2546 γῆ
976 2467 1005 2526 δέ
1019 2474 1142 2545 καμοῦσα
1156 2465 1331 2548 παρῃτήσατο
1344 2465 1393 2538 τήν
1416 2464 1510 2546 φορὰν,
1523 2501 1525 2509 ,

117 2560 208 2640 fruges
221 2573 340 2639 negaret,
357 2558 403 2618 sed
417 2558 490 2638 quod
506 2557 647 2617 hominum
661 2570 770 2637 peecata
785 2557 836 2618 Dei
887 2557 1032 2640 ἀνθρώπων
1053 2558 1087 2618 τίι
1113 2557 1296 2637 ἁμαρτήματα
1317 2561 1364 2615 τοῦ
1389 2560 1462 2616 Θεοῦ
1483 2556 1525 2630 τήν

118 2649 221 2710 donum
234 2663 392 2710 averterent.
408 2653 476 2710 Oeta
487 2662 527 2708 est
540 2647 625 2729 igitur
639 2648 722 2708 sames
733 2648 833 2728 gravis
886 2648 1093 2730 lampedonem.
1110 2648 1234 2728 Ἐγένετο
1254 2647 1340 2708 τοίνυν
1361 2649 1440 2727 λιμὸς
1462 2651 1525 2729 χαλι

116 2741 195 2814 sima,
210 2755 236 2800 et
260 2741 382 2800 omnium
396 2739 588 2816 acerbissima,
613 2752 695 2817 atque
707 2737 784 2798 illam
796 2739 836 2798 fa·
885 2742 970 2818 λιμῦιν
992 2740 1115 2800 ἁπάντων
1135 2739 1305 2820 πικρότατος·
1329 2740 1376 2799 καί
1396 2746 1487 2800 τοῦτον
1511 2739 1525 2810 ή

116 2853 187 2892 meru
202 2831 292 2892 Helias
306 2851 420 2910 magnus
437 2830 554 2907 invenit,
571 2843 597 2888 et
611 2843 748 2907 tamquam
760 2831 836 2889 terri·
885 2831 963 2910 λιμδν
976 2836 991 2890 θ
1004 2829 1086 2910 μέγας
1099 2830 1207 2899 Ἠλίας,
1221 2831 1341 2912 καθάπερ
1354 2830 1415 2891 τινδι
1430 2831 1525 2914 φοάιρί

115 2923 200 2983 bilem
213 2923 347 2982 famulum
360 2921 503 3001 quemdam
516 2920 634 2992 vocavit,
648 2933 678 2978 ut
690 2941 833 2981 oonservos
885 2922 1013 2997 καλέσας,
1026 2920 1094 2981 ὥστε
1106 2921 1165 2989 τοὺς
1178 2921 1334 2989 συνδούλους
1343 2923 1388 2982 τὸν
1400 2922 1525 2996 δεσπύιηι

115 3014 214 3096 injuria
224 3013 373 3074 Dominum
383 3013 528 3073 afficientes
537 3011 692 3091 castigaret:
707 3011 762 3071 imo
771 3034 835 3072 vero
885 3037 932 3081 τας
959 3013 1134 3094 σωφρονίσαι·
1160 3015 1260 3091 μᾶλλον
1291 3014 1319 3074 δέ
1347 3014 1473 3074 ἐκάλεσεν
1503 3017 1525 3072 σι’

115 3106 271 3168 ludaeorum
291 3106 366 3166 illam
379 3107 544 3166 advocavero
559 3119 685 3186 peccata3
698 3105 834 3185 prophetae
885 3103 1018 3164 Ἰουδαίων
1040 3104 1076 3164 τὰ
1102 3103 1298 3184 ἁμαρτήματα·
1321 3105 1432 3184 έκύμιστ
1454 3105 1483 3164 δέ
1507 3129 1525 3164 ιι

0 3226 55 3278 ⁶8·
68 3232 104 3279 ¹7·
114 3212 205 3257 autem
212 3198 289 3257 illam
299 3220 329 3258 os
339 3199 430 3257 intulit
441 3222 448 3255 ι
460 3201 538 3257 Vivit
550 3202 636 3274 enim,
655 3198 751 3278 inquit,
768 3201 834 3257 Do-
886 3196 1021 3277 προφήτου
1039 3195 1070 3255 τὸ
1083 3195 1183 3275 στόμα,
1197 3197 1238 3275 Ζῇ
1257 3194 1319 3276 γὰρ,
1341 3197 1422 3276 φησί,
1438 3196 1525 3278 Κύφιο

117 3294 214 3350 minus
225 3292 317 3362 Deus,
331 3294 358 3350 si
368 3295 423 3349 erit
435 3291 539 3370 pluuia
554 3294 611 3350 nisi
619 3311 674 3370 per
684 3310 716 3348 os
728 3312 833 3351 meum.
852 3301 871 3346 Ι)
886 3291 909 3346 εί
923 3287 998 3348 ἔσται
1010 3287 1098 3362 θετὸς,
1112 3291 1135 3347 εἰ
1150 3286 1187 3364 μὴ
1203 3287 1247 3347 διὰ
1268 3288 1398 3366 στόματός
1424 3311 1485 3366 μοι.
1505 3279 1525 3349 Ἰ

114 3379 315 3440 Intolerandum
339 3381 424 3459 igitur
438 3395 495 3440 erat
515 3381 618 3440 malum
632 3405 638 3438 :
653 3402 741 3460 neque
761 3382 833 3441 euim
886 3378 1017 3459 ἀφόρητον
1030 3376 1111 3439 κακόν
1121 3403 1127 3416 ·
1138 3378 1197 3439 οὐδέ
1208 3377 1259 3458 γάρ
1272 3378 1321 3452 τήν
1331 3379 1453 3458 γαστέρα
1472 3383 1521 3452 ιη”ς

114 3485 220 3530 tantum
231 3473 350 3532 sterilem
359 3471 479 3531 reddidit
491 3485 567 3531 terrae
582 3485 686 3531 uterum
700 3473 833 3533 terribilis
885 3494 927 3528 νον
947 3470 1056 3542 ἐποίησε
1077 3469 1156 3549 μόνον
1177 3475 1194 3542 ή
1218 3469 1318 3552 φοῦερδ
1342 3477 1388 3531 τοῦ
1410 3470 1525 3552 προφήτι

113 3567 159 3628 illa
170 3589 225 3629 vox
239 3567 375 3650 prophete
382 3612 392 3644 ‚
404 3566 453 3626 sed
462 3580 488 3626 et
498 3567 557 3648 ipsa
570 3565 715 3625 fluminum
734 3566 832 3627 ssuenta
885 3560 1010 3620 ἀλλὰκαὶ
1023 3561 1089 3620 αὐτὰ
1098 3567 1150 3621 τῶν
1161 3566 1288 3639 ποταμῶν
1299 3561 1334 3622 el
1350 3566 1443 3642 ῥεῖθρα
1456 3562 1525 3623 άνίο·

113 3660 245 3735 cohibuit,
258 3680 403 3737 omnesque
414 3673 473 3718 tum
488 3658 677 3718 exareseebant
690 3670 829 3718 torrentes.
883 3656 907 3712 οί
928 3652 1069 3737 χείμαρροι
1087 3653 1148 3713 τότε
1163 3652 1329 3734 έξηραίνοντο
1349 3653 1459 3721 πάντες.
1472 3656 1525 3715 tta

12 3769 103 3823 scriptio
114 3749 149 3808 Et
162 3748 390 3829 quemadmodum
404 3771 466 3810 eum
480 3751 624 3811 vehemens
642 3763 669 3809 et
682 3749 778 3809 ardens
791 3751 830 3809 fe·
882 3744 994 3824 πυρετὸς
1014 3744 1112 3827 λᾶὄρος
1124 3744 1169 3804 καί
1186 3743 1297 3818 &wit
1319 3749 1356 3813 εἷς
1379 3745 1506 3823 σώματος
1522 3775 1525 3800 ·

1 3828 104 3935 '22:2¹⁸
114 3840 170 3899 bris
184 3841 304 3920 eorporis
322 3855 446 3900 naturam
469 3841 580 3917 invasit,
594 3862 646 3900 non
660 3841 831 3921 superficiem
881 3833 980 3910 πεσὼν,
989 3836 1048 3916 οθχί
1059 3836 1107 3908 τήν
1121 3835 1275 3916 ἐπιφάνειαν
1291 3835 1409 3918 ξηραίνει
1425 3836 1518 3910 μόνον,

1 3953 24 3995 ι..
113 3945 216 3989 tantum
229 3931 347 4005 arefacit,
357 3931 402 3990 sed
417 3945 443 3990 et
457 3932 583 3991 interiora
592 3953 733 4013 permeans
743 3933 829 4014 ipsam
881 3928 946 4006 πρὸς
955 3926 1018 3986 αὐτὸ
1026 3927 1152 4009 χωρήσας
1160 3927 1190 3986 τὸ
1205 3926 1300 4007 βάθος,
1316 3927 1398 4000 αὐτήν
1412 3932 1468 3987 τῶν
1480 3932 1525 3989 θαι

111 4022 214 4081 ossium
222 4035 345 4080 naturam
356 4021 461 4080 exurit:
472 4022 511 4081 ita
523 4044 583 4101 quae
593 4036 652 4080 tum
663 4023 772 4102 rigebat
781 4024 829 4082 sie·
881 4019 972 4101 φρύγει
983 4017 1031 4091 τήν
1046 4017 1137 4101 φύσιν·
1150 4019 1218 4080 οὕτω
1233 4019 1279 4078 καί
1293 4025 1308 4079 θ
1320 4018 1379 4078 τότε
1391 4018 1525 4099 γενόμενα

112 4114 179 4173 citas
198 4113 277 4188 aeris,
291 4133 344 4172 non
358 4113 442 4172 solam
456 4126 533 4171 terra
548 4113 643 4172 faeiem
656 4113 827 4192 incendebat,
880 4111 999 4192 ούχίιήν
1019 4111 1079 4191 ipre
1094 4117 1142 4184 τῆς
1161 4117 1210 4191 γῆς
1234 4111 1381 4171 κατέκαυσε
1407 4113 1525 4190 pirou«

110 4205 156 4264 sed
179 4205 216 4264 ad
229 4205 287 4285 ipsa
302 4204 360 4283 ejus
374 4203 474 4263 viscera
487 4217 628 4284 penetrans
642 4226 749 4265 omnem
761 4206 827 4266 inle-
879 4204 945 4284 πρὸς
960 4202 1041 4273 αύτδς
1053 4201 1101 4271 τδς
1115 4203 1229 4284 λαγόνας
1242 4203 1334 4279 uuae,
1352 4213 1443 4263 πᾶσαν
1463 4203 1525 4264 κάτα

110 4297 208 4357 riorem
221 4297 363 4356 humorem
379 4294 563 4354 exhauriebat.
586 4295 661 4370 Quid
675 4317 739 4377 ergo
753 4301 827 4359 Deus
879 4320 967 4356 σπασε
979 4295 1029 4369 τήν
1044 4296 1142 4356 νοτίδα.
1150 4298 1187 4355 Τί
1200 4286 1244 4356 ούν
1258 4297 1353 4365 θΘεδς
1365 4297 1434 4376 πρδς
1447 4294 1492 4355 τὸν
1504 4322 1525 4357 π

1 4427 52 4478 'u‘-
64 4435 99 4479 ,7‚
110 4390 143 4449 ad
156 4388 336 4471 prophetam?
348 4387 448 4467 Surge,
464 4386 562 4466 inquit,
580 4400 608 4445 et
627 4390 707 4447 vade
724 4393 756 4448 in
772 4392 826 4451 Sa·
844 4395 864 4442 B
879 4388 1034 4460 Ἀνάστηθι,
1058 4388 1138 4468 φησί,
1164 4388 1210 4448 καί
1233 4386 1376 4468 πορεύθητι
1400 4392 1438 4454 είς
1461 4390 1525 4468 Σαρι

109 4485 234 4562 replttlsa
252 4482 378 4541 Sidonioe
393 4502 399 4535 ε
423 4481 465 4536 ibi
478 4481 627 4538 mandabo
642 4481 759 4540 mulieri
775 4487 826 4540 ei·
878 4482 1008 4547 Σιδῶνος·
1022 4484 1076 4540 έκεῐ
1095 4482 1249 4558 έντελοῦμοιι
1259 4479 1364 4558 γυναικί
1374 4481 1525 4561 χήρᾳτοῦί

109 4575 183 4641 duee,
194 4583 226 4629 ut
237 4572 348 4627 nutriat
366 4579 403 4625 te.
418 4565 492 4638 Quid
507 4565 623 4624 hocsibi
638 4566 719 4626 vult?
735 4567 763 4627 in
778 4590 825 4628 sua
878 4597 916 4632 σε,
937 4574 962 4631 'l
965 4572 973 4631 ί
997 4578 1089 4646 τοῦτο;
1115 4571 1160 4630 ἐπί
1180 4574 1228 4642 τῆς
1253 4570 1352 4638 οἰκείας
1374 4575 1500 4650 οὐδεμιᾶς
1521 4597 1525 4628 ι

108 4662 196 4744 petria
218 4660 321 4719 nullam
344 4657 496 4716 eomitatem
518 4671 644 4738 expertus
666 4671 717 4737 est,
743 4674 770 4718 at
790 4661 826 4719 ad
878 4663 1086 4746 φιλοφροσύνης,
1100 4664 1145 4722 καί
1157 4667 1193 4730 είς
1207 4662 1257 4735 τήν
1274 4662 1418 4744 ἀλλοτρίαν
1430 4664 1525 4724 αὐτὸν·

107 4755 221 4814 alienam
236 4751 371 4831 regionem
385 4748 464 4807 illum
479 4749 574 4823 mittis,
586 4750 714 4828 atquead
728 4753 824 4811 mulie·
876 4755 922 4813 καὶ
933 4755 998 4837 πρὸς
1011 4764 1123 4835 γυναῖκα
1132 4755 1236 4835 χήραν,
1251 4756 1285 4814 nt
1303 4754 1356 4834 γδρ
1379 4755 1491 4838 εὔπορος
1509 4747 1525 4828 ή

107 4869 163 4906 rem
175 4843 307 4904 viduam?
317 4843 386 4901 Nam
396 4840 418 4899 si
428 4841 554 4922 opulenta
563 4855 639 4916 esset,
649 4842 671 4902 si
681 4842 826 4922 ditissima,
876 4847 1080 4919 πλουσιωτάτη,
1095 4850 1118 4906 εί
1139 4845 1191 4926 γδιρ
1206 4848 1285 4905 αὐτοῦ
1299 4853 1346 4906 τοῦ
1369 4847 1525 4926 βασιλεύοντ

107 4938 131 4997 si
147 4938 218 5015 regis
230 4956 301 4994 uxor
312 4932 409 5012 ipsius,
420 4931 444 4990 si
455 4931 548 4991 multis
561 4946 638 4991 terre
649 4933 773 5014 frugibus
786 4957 827 4995 re-
876 4942 899 4998 εί
912 4938 963 5020 γδρ
975 4947 1084 5017 ταμιεῖα
1092 4942 1197 4998 πολλῶν
1209 4929 1280 5019 εἶχεν
1290 4940 1525 5020 ἐμπιπλησμέναγ

106 5030 176 5110 pieta
187 5028 297 5085 haberet
316 5023 489 5105 promtuaria,
499 5044 586 5082 nonne
594 5024 760 5086 voluntatem
768 5028 826 5108 ejus
876 5056 938 5106 των,
952 5035 999 5091 οῦκ
1015 5035 1046 5089 δν
1070 5035 1151 5103 αὐτῆς
1165 5033 1266 5109 μᾶλλον
1284 5034 1333 5103 τῆς
1353 5034 1405 5109 γ’ής
1427 5031 1477 5106 τήν
1499 5056 1525 5114 ιη

106 5119 290 5180 vehementius
305 5138 387 5196 quarn
407 5130 505 5175 terram
528 5115 615 5196 ipsam
635 5132 722 5178 metus
745 5120 826 5181 famis
875 5124 1069 5204 ἀπεστείρωσεν
1088 5128 1161 5183 θτοῦ
1174 5125 1254 5202 λιμοῦ
1271 5122 1367 5203 polion
1379 5122 1444 5185 Ἵνα
1456 5115 1525 5205 elui

105 5211 223 5272 sterilem
234 5208 377 5270 redderet?
390 5210 430 5268 Nc
439 5207 524 5286 igitur
537 5207 595 5268 hec
606 5210 736 5291 propbeta
747 5212 823 5275 dice·
875 5221 890 5276 θ
902 5215 1040 5298 προφήτης
1051 5215 1132 5296 λέγῃ,
1147 5215 1215 5295 μηδέ
1227 5213 1426 5295 διαλογίζηται,
1435 5218 1479 5279 διὰ
1489 5225 1525 5280 τοί
