3810 6000
343 398 417 492 ott

344 562 422 601 cornu
443 553 471 602 tn
487 560 629 620 resurgens
650 553 677 599 et
699 537 816 677 qlorioso
841 560 963 632 corpore,
977 542 1063 603 bostis

343 564 521 699 virsslregit,
536 634 563 679 et
575 621 633 698 ejus
643 640 702 678 mae
723 619 776 679 inis
788 621 920 693 contritis,
934 621 969 680 ad
981 622 1024 681 ins
1052 656 1063 668 ·

345 699 484 778 niregiam
496 697 645 770 deseendit,
656 700 714 779 ejus
727 698 825 758 solium
837 699 961 774 divulsit,
969 700 1064 760 diade-

345 798 391 838 ma
416 778 537 849 sustulit,
557 791 660 858 sceptra
682 776 816 858 perdidit,
838 800 932 838 vocem
961 780 1062 856 emisit,

345 857 438 916 dicens
450 881 457 913 ε
474 857 573 916 Venite
583 874 674 916 omnes
687 857 780 936 patria
788 859 917 936 gentium,
929 859 964 917 ad
975 861 1064 918 Deum

346 938 453 995 Patrem
468 935 599 1007 venite,et
610 957 660 1015 pro
669 936 799 995 servitute
809 936 960 996 libertatem
968 959 1062 1019 repor-

345 1027 418 1073 tate:
435 1036 484 1073 vos
504 1036 519 1073 e
538 1015 667 1073 servitute
681 1015 709 1073 in
724 1014 875 1075 libertatem
897 1016 1014 1088 adduco,
1030 1038 1065 1077 ex

346 1093 463 1152 tenebris
476 1093 511 1151 ad
521 1093 619 1167 lucem,
630 1115 665 1151 ex
678 1094 822 1183 tyrannide
832 1094 867 1153 ad
879 1096 1064 1175 regiamllitae

346 1172 418 1230 enim
430 1173 507 1231 vobis
518 1172 610 1231 laetum
624 1186 749 1232 nuntium
760 1174 834 1249 lero,
845 1195 895 1254 ego
906 1196 967 1234 snm
981 1175 1062 1234 Chri-

1048 416 1181 468 sruntt.

1117 567 1165 621 μεν
1180 545 1217 609 εἰς
1232 540 1266 601 rh
1278 547 1322 604 τοῦ
1336 541 1400 601 ἀδσυ
1421 539 1567 620 βασίλεια,
1582 537 1628 600 καί
1651 537 1698 600 τδν
1715 539 1802 622 θρόνον
1816 545 1883 604 αὑτῶ

1116 621 1284 694 κατέσπασε,
1298 619 1329 678 τὸ
1358 620 1461 698 ιάδημα
1474 622 1600 693 καθεῖλε,
1616 621 1654 680 ch
1677 623 1801 701 σκῆπτρα
1815 624 1881 682 κατί-

1115 703 1195 773 λνσε,
1207 699 1295 780 φωνὴν
1309 703 1412 779 ἀφῆκε,
1429 699 1531 777 λέγων·
1547 700 1624 758 δεῦτε
1643 708 1732 759 πᾶσαι
1748 705 1776 759 el
1789 703 1882 781 πατριαὶ

1116 784 1169 838 τῶν
1183 781 1263 838 ἐθνῶν
1275 779 1341 859 πρὸς
1349 778 1393 837 τὸν
1403 779 1515 860 Πατέρα
1530 778 1579 837 καὶ
1592 777 1682 837 θεάν·
1698 781 1787 852 δεῦτε,
1797 781 1837 838 καί
1846 785 1884 849 τῆς

1117 858 1237 926 δουλείας
1247 857 1394 937 ἐλευθερίαν
1408 858 1568 935 κομίσασθε.
1585 856 1709 939 Προάγω
1722 857 1772 936 γὰρ
1785 863 1846 935 ὑμᾶς
1859 863 1883 918 ἐι

1118 937 1234 1005 δουλείας
1258 939 1293 1005 είς
1313 937 1473 1016 ἐλευθερίαν,
1484 940 1516 996 ἐκ
1537 935 1654 1003 σκότους
1670 940 1708 1002 είς
1727 940 1797 1015 φῶς,
1808 941 1833 995 ἐκ
1846 963 1884 996 τν-

1119 1016 1236 1096 ραννίδος
1250 1019 1287 1084 εἰς
1299 1017 1445 1095 βασιλείαν.
1459 1015 1540 1089 Ζωὴν
1554 1016 1609 1096 γδρ
1619 1019 1688 1093 ύμῖν
1703 1017 1883 1113 εὖαγγελιῖομει

1117 1095 1170 1174 ἐγὼ
1183 1097 1232 1154 tx
1253 1094 1330 1162 ιοτιίς.
1341 1098 1489 1175 Τοιγαρῶν
1524 1093 1604 1167 ηκίτι
1617 1093 1796 1175 φοὸεῖσθετον
1806 1096 1884 1175 τύραν-

1116 1196 1169 1245 νον,
1179 1121 1250 1233 tul
1259 1184 1444 1255 καταφρονεῖτε
1508 1197 1540 1232 ου
1553 1175 1601 1232 καί
1621 1173 1756 1242 θανάτου,
1768 1175 1839 1250 λιμῶ
1847 1175 1884 1233 καί

347 1264 414 1309 stus.
431 1252 525 1328 ltaque
539 1272 572 1310 ne
591 1251 708 1331 amplius
731 1252 875 1313 timueritis
902 1268 1062 1334 tyrannum,
1080 1273 1099 1321 Β
1116 1251 1355 1333 θλίψεως,δεσμῖίν
1366 1255 1411 1312 καὶ
1419 1256 1541 1334 φυλακῆς
1549 1252 1596 1311 καί
1607 1252 1883 1333 στενοχωρίας’ῐτῖιτε

1116 1330 1169 1411 γάρ
1196 1332 1311 1392 δέδοικεν
1334 1337 1348 1391 ὁ
1368 1333 1495 1416 τυράννου
1519 1333 1641 1430 στρατὸς
1663 1331 1692 1397 ὃς
1712 1331 1884 1392 andhuno

347 1328 394 1388 sed
411 1344 525 1402 metum,
541 1351 573 1389 ac
587 1343 718 1406 mortem,
734 1332 832 1390 famem
855 1347 936 1412 atque
955 1355 1062 1414 pressu·

347 1429 415 1483 ram,
429 1409 548 1482 vincula,
568 1430 700 1468 carcerem
715 1426 741 1469 et
754 1411 907 1490 angustiam
926 1413 1063 1493 despicite.

347 1487 412 1545 llaec
424 1488 496 1547 enim
512 1490 608 1547 metuit
621 1489 730 1569 tyranni
748 1490 894 1567 exercitus,
907 1492 954 1569 qui
969 1492 1064 1572 prolli·

347 1579 426 1643 gatus
447 1581 486 1625 est
492 1589 501 1643 ;
516 1567 588 1626 solus
611 1583 702 1627 autem
723 1569 844 1628 omnium
862 1590 911 1649 ego
926 1572 985 1629 llex
1003 1592 1065 1630 sum

347 1645 443 1716 vietor,
456 1647 501 1724 qui
523 1661 548 1704 et
568 1647 694 1706 incarne
714 1669 765 1729 pro
786 1648 864 1708 vobis
884 1670 978 1729 passus
991 1671 1061 1708 sum.

348 1723 399 1782 llic
411 1745 473 1803 ergo
486 1746 548 1783 vere
563 1726 641 1784 sortis
659 1739 686 1786 et
717 1741 792 1786 otens
805 1741 844 1786 est
863 1727 1005 1803 Dominus,
1016 1730 1064 1807 qui

347 1815 441 1880 potens
463 1817 501 1861 est
525 1805 552 1861 in
574 1804 681 1884 praelio,
695 1749 742 1863 lic
763 1818 803 1865 est
824 1827 873 1864 rex
895 1807 1063 1886 gloriae,qui

348 1881 522 2018 comqedibus
549 1882 653 1941 vinctos
677 1882 768 1944 educit
792 1885 818 1943 in
838 1885 1005 1956 fortitudine,
1018 1907 1063 1946 eos

348 1959 395 2036 qui
430 1961 533 2020 abitant
544 1961 572 2020 in
583 1963 729 2041 sepulcris,
737 1961 777 2023 ad
789 1985 869 2042 quem
880 1965 973 2024 David
987 1965 1062 2026 diee-

258 2086 263 2097 .
303 2083 310 2100 .
348 2036 593 2100 batzdseendisti
605 2044 637 2097 in
658 2043 764 2116 altum,
787 2046 933 2122 captivam
953 2047 1064 2105 curristi

348 2122 558 2197 captivitatem.
573 2123 662 2197 Atque
671 2121 760 2180 omnis
772 2121 883 2199 quidem
897 2123 1064 2184 Christiano·

348 2218 409 2256 rum
424 2197 563 2257 celebritas
582 2199 723 2259 diabolum
735 2199 847 2260 damnat
858 2200 921 2260 :sed
935 2202 1063 2264 hodierna

347 2275 526 2356 potissimum.
538 2279 569 2337 ln
577 2279 638 2338 aliis
646 2280 746 2361 quippe
756 2281 881 2340 omnibus
890 2302 967 2340 suam
976 2297 1062 2343 osten·

344 2369 405 2415 tans
427 2357 571 2428 malitiam,
586 2358 707 2449 nihilque
723 2360 877 2440 proficiens,
893 2360 931 2420 de
954 2382 982 2420 se
1003 2362 1062 2455 ipso

345 2435 534 2524 triumphavit.
544 2435 630 2496 Exem
652 2438 672 2497 b
685 2439 771 2517 gratia
779 2462 785 2494 :
793 2460 856 2497 cum
867 2439 1063 2502 admirahihter

1117 1411 1195 1487 μόνος
1210 1410 1238 1470 δέ
1253 1414 1359 1471 πάντων
1371 1410 1424 1490 ἐγώ
1436 1413 1491 1488 εἰμι
1513 1433 1665 1491 νικηφορος
1680 1410 1814 1488 βασιλεύς,
1825 1417 1838 1470 ὁ
1849 1413 1884 1469 mi

1116 1489 1208 1550 παθὼν
1224 1489 1290 1570 ὑπὲρ
1303 1494 1378 1567 ὑμῶν
1393 1491 1482 1570 σαρκί.
1497 1481 1588 1556 Οὗτος
1603 1488 1698 1549 τοίνυν
1718 1490 1787 1548 ἐστὶν
1800 1492 1884 1562 ἀληθεῖς

1116 1567 1241 1650 κραταιδς
1254 1569 1300 1629 καί
1322 1569 1428 1636 δυνατδς
1448 1568 1563 1649 Κύριος·
1578 1559 1662 1635 οὗτός
1681 1572 1781 1628 ἐστινδ
1798 1569 1885 1637 broni<

1115 1647 1143 1705 ἐν
1162 1646 1287 1728 πολέμῳ·
1300 1638 1375 1717 οὗτός
1388 1650 1460 1708 ἐστιν
1472 1653 1486 1707 θ
1502 1647 1636 1726 βασιλεὺς
1658 1651 1710 1718 τῆς
1728 1646 1817 1720 δοἜης,
1828 1653 1840 1706 θ
1851 1647 1884 1716 ἐξ·

1116 1725 1186 1804 άγων
1207 1726 1405 1804 πεπεδημένους
1424 1729 1453 1785 ἐν
1480 1725 1609 1807 ἀνδρεία,
1632 1725 1697 1794 τοὺς
1719 1731 1885 1794 κατοικάίπσς

1116 1806 1144 1864 ἐν
1158 1805 1266 1887 τάφοις·
1287 1805 1353 1887 πρδς
1366 1806 1394 1866 δν
1408 1805 1482 1885 ἔλεγε
1505 1789 1615 1866 Δαυίδ·
1632 1806 1746 1879 huten<
1769 1809 1803 1871 εἷς
1822 1806 1884 1885 ὕψος,

1115 1884 1325 1963 ᾐχμαλώτευσας
1348 1888 1376 1944 ul
1435 1885 1547 1944 λωαίαν.
1563 1887 1656 1944 Πᾶσα
1678 1885 1734 1970 μὲν
1756 1875 1799 1944 σύν
1823 1887 1883 1966 lepti

1160 1969 1296 2037 ιστιανῶν,
1317 1971 1362 2023 τοῦ
1376 1909 1500 2024 δίάαὸολου
1517 1964 1703 2044 κατάκρισις·
1718 1964 1849 2044 ἐξαιρέτοις
1864 1965 1884 2024 il

1115 1988 1192 2115 σίδη.
1216 2043 1262 2103 Ἐν
1283 2045 1381 2111 πάσαις
1435 2069 1450 2102 ν
1469 2041 1523 2123 γάρ
1544 2052 1608 2110 ταῖς
1632 2045 1731 2111 ἄλλαις
1746 2043 1795 2115 τὴν
1810 2047 1884 2103 temet

1115 2121 1310 2201 ἀπογυμνώσας
1334 2122 1438 2195 κακίαν,
1463 2123 1511 2182 καὶ
1536 2122 1626 2201 μηδὲν
1648 2123 1792 2201 ὠφελήσας
1810 2125 1883 2182 tamt·

1115 2201 1314 2302 ἐθριάμάφυσεν.
1328 2193 1392 2302 (lide
1406 2227 1432 2261 τι
1439 2201 1525 2282 λέγω·
1538 2208 1589 2275 τῆς
1599 2201 1740 2305 παρθέγοιι
1751 2201 1883 2281 παραδοῖιις

1114 2281 1881 2442 {lbtffi’maltl‘lttfssbttt‘steht

1113 2440 1305 2522 ἐκτρεφομένου
1320 2445 1369 2501 τοῦ
1389 2438 1438 2511 τὴν
1457 2439 1616 2538 ἱσύμπασαν
1684 2439 1692 2461 '

344 2535 422 2595 virgo
436 2515 566 2596 concepit,
575 2460 702 2575 adullerii
717 2517 824 2577 nornine
837 2533 986 2600 suspectam
999 2520 1060 2580 ned-
1076 2549 1095 2597 0
1147 2529 1276 2579 νοκτονεῖν
1287 2519 1321 2579 cd
1341 2517 1425 2599 βρέφη
1440 2541 1485 2577 τον
1508 2518 1631 2597 Ηρύδην
1642 2440 1881 2595 ἐδίδῖἔετνκοῖδίεωνά

344 2592 407 2653 dere
420 2608 530 2653 conatus
541 2608 595 2671 est;
605 2596 860 2688 cuminexplieahili
871 2598 973 2658 ratione
981 2622 1062 2681 pepe-
1127 2620 1140 2654 ν
1154 2602 1242 2666 αὐτοῖς
1255 2599 1395 2658 συλλαὸεῖν
1409 2598 1454 2657 τὸν
1468 2599 1645 2682 ἀκράτητον·
1660 2599 1708 2657 ἐπὶ
1719 2600 1752 2658 τὸ
1762 2599 1880 2677 βάπτισμα

344 2673 390 2748 rit,
400 2673 535 2753 virginem
544 2695 596 2735 non
604 2697 660 2735 esse
671 2689 829 2736 crrmrnatns
840 2691 889 2754 est;
902 2699 964 2737 cum
974 2684 1062 2739 nutri·

343 2753 1061 2831 returquialit·omnia,inlantesinterimeredoeetlle·

343 2831 445 2908 rodem,
457 2854 519 2892 cum
534 2834 700 2893 existimaret
713 2835 749 2894 ita
762 2857 790 2895 se
806 2839 1060 2918 comprehensurum

342 2933 404 2970 eum
417 2913 464 2992 qui
477 2913 560 2973 teneri
575 2934 627 2972 non
646 2928 732 2996 potest
743 2938 752 2992 ς
765 2915 801 2975 ad
811 2915 978 2997 baptismum
990 2939 1059 2999 pro-

342 2992 457 3070 peranti,
478 2992 650 3052 tentationem
672 3008 748 3074 parat
757 3017 766 3071 3
783 3016 845 3054 ctam
860 2995 1059 3058 Judaeis‘collo·

342 3070 454 3146 quenti,
480 3071 654 3151 blasphemiae
682 3087 773 3132 notam
802 3074 906 3149 inurit3
928 3075 1058 3136 miracula

341 3147 441 3223 edenti,
452 3150 645 3230 lapidationem
659 3151 772 3211 molitur
782 3174 791 3226 3
803 3152 968 3213 homicidam
979 3169 1060 3235 atquae

340 3226 472 3287 latronem
496 3228 536 3287 illi
559 3230 710 3309 anteponit;
732 3231 864 3290 medium
883 3232 962 3292 illum
989 3234 1059 3295 inter

340 3306 409 3366 duos
430 3307 545 3367 latrones
565 3310 779 3389 crucifigendum
799 3326 875 3370 curat
882 3335 891 3388 ;
909 3314 1012 3394 sepulto
1033 3315 1058 3375 ei

341 3387 533 3446 monimentum
558 3388 694 3470 obsignau
710 3391 858 3469 resurgenti
880 3394 1056 3453 resurreetio-

340 3488 400 3525 nem
423 3469 621 3526 calumniatur:
637 3470 791 3530 ascendenti
811 3486 901 3530 autem
920 3472 961 3547 ei,
975 3487 1002 3533 et
1021 3475 1056 3535 ad

340 3547 417 3605 caelos
439 3548 558 3622 abeunti,
575 3568 628 3606 non
642 3549 738 3626 habuit
758 3549 832 3627 quod
852 3551 1056 3630 obloqueretur,

339 3625 386 3684 sed
408 3648 488 3685 snum
501 3627 586 3707 ipsius
600 3629 686 3706 magis
709 3629 861 3688 vulneravit
877 3646 966 3711 eaput.
978 3633 1056 3693 ldeo·

338 3726 390 3782 que
402 3727 572 3784 quacumque
590 3707 641 3764 alia
656 3708 809 3767 celebritate
823 3708 881 3768 haec
905 3733 1021 3791 praesens
1032 3714 1056 3772 ei

1112 2676 1275 2753 σπεύδοντα,
1290 2679 1355 2760 πρδς
1373 2678 1522 2756 πειρασμὸν
1543 2677 1699 2756 ἐπανάγει,
1716 2676 1880 2755 διαλεγόμενοι

1110 2764 1165 2824 τοῖς
1176 2756 1326 2826 Ἰουδαίοις,
1336 2760 1552 2836 βλασφημείσθω
1565 2757 1709 2824 πεποίηκε
1718 2781 1726 2794 ·
1734 2763 1880 2834 θαυμττωρ

1106 2839 1206 2913 4γοῦντα
1216 2880 1225 2911 ,
1236 2836 1385 2904 λιθάζεσθαι
1399 2835 1601 2915 παρεσκεύασε,
1616 2837 1665 2897 τδν
1681 2836 1766 2915 φονέα
1783 2837 1824 2894 καί
1840 2837 1879 2905 λι,-

1111 2913 1176 2987 στλν
1196 2916 1252 2974 ἀντ’
1281 2919 1360 2975 αὐτοῦ
1382 2914 1561 2996 προετίμησε·
1591 2915 1779 2997 σταυρωθέντι
1800 2902 1881 2994 turb

1110 2994 1309 3075 συνεσταύρωσε
1317 3017 1325 3032 ·
1333 2994 1443 3074 ταφέντι
1453 2995 1484 3054 τδ
1498 3003 1637 3096 μνημεῖον
1649 2995 1822 3076 ἐσφράγισεν·
1831 2995 1880 3050 ἀνα·

1110 3072 1201 3133 στείνει
1217 3083 1375 3155 συκοφαντεῖ
1392 3073 1441 3145 τὴν
1456 3075 1625 3133 ἀναοτασιν·
1642 3072 1881 3212 ἀναλφμθαναιίνπι

1111 3150 1138 3212 δέ
1154 3155 1233 3213 αὐτοῦ
1243 3155 1289 3213 καί
1302 3156 1340 3220 ἐίς
1354 3151 1478 3235 οὐρανοδς
1493 3151 1635 3225 ἀπιόντος,
1650 3157 1701 3213 οὐκ
1711 3178 1725 3213 ε
1736 3154 1769 3233 χέ
1780 3177 1807 3211 τι
1816 3151 1879 3232 quiq·

1111 3229 1219 3306 ξασθαι,
1233 3233 1300 3292 ἀλλά
1314 3233 1361 3305 τὴν
1373 3237 1466 3291 ἐαυτοῦ
1481 3231 1614 3308 μειζόνως
1629 3233 1754 3314 κεφαλὴν
1767 3230 1880 3312 ispanni-

1109 3335 1174 3371 τισε.
1188 3312 1238 3371 Ab
1250 3313 1339 3383 πάσης
1353 3316 1424 3392 αὐτῷ
1440 3311 1616 3390 πανηγύρεως
1637 3317 1655 3383 ἡ
1678 3313 1796 3390 στ’,μερον
1815 3312 1878 3391 qrb·

1109 3392 1218 3471 πωτέρα
1237 3391 1420 3464 καθειστήκει,
1441 3394 1537 3473 θρῖιντι
1561 3401 1659 3450 πᾶσαν
1686 3398 1823 3471 πανταχοῦ
1841 3388 1878 3458 τὴν

1108 3475 1160 3606 γῶν
1175 3471 1292 3569 ἀγγέλων
1303 3470 1438 3609 ρλτὶρατιδιγΣ
1446 3469 1625 3608 χορεύοφσαν,
1636 3471 1685 3530 καί
1692 3471 1760 3609 ἑτοθς
1774 3470 1822 3571 μὲν
1830 3473 1878 3527 ixa·

1108 3556 1331 3703 ,llllssfitut
1345 3571 1878 3710 laissztpssthllti‘tehffuttl

1109 3709 1277 3789 λεγομένους,
1301 3709 1346 3768 καί
1371 3708 1509 3787 λέγοντας·
1540 3708 1656 3788 Ἄνδρες
1693 3712 1840 3780 Γαλιλαῖοι,
1857 3705 1877 3763 τί

337 3786 447 3860 gravior
457 3787 570 3860 exstitit,
584 3786 692 3845 vidente
714 3788 863 3868 praesertim
875 3789 933 3869 ipso
950 3811 1055 3852 omnem
1071 3815 1090 3862 ῃ
1108 3788 1237 3860 ἑστήκατε
1253 3788 1393 3868 βλέποντες
1406 3792 1442 3854 εἰς
1454 3786 1499 3845 τὸν
1520 3790 1653 3867 οὐρανόν,
1667 3781 1759 3856 Οὗτος
1773 3788 1875 3858 δ’ίηεεέε

337 3864 437 3942 ubique
456 3867 613 3943 angelorum
629 3867 777 3925 exereitum
791 3868 886 3928 choros
900 3869 1053 3949 ducentem,

337 3955 363 3999 et
378 3943 444 4001 alios
463 3944 573 4020 quidem
597 3959 746 4022 sequentes,
761 3946 829 4006 alios
848 3962 937 4007 autem
951 3971 1054 4030 praeee-

336 4019 438 4093 dentes,
449 4023 516 4082 alios
528 4039 707 4097 occurrentes,
723 4026 790 4085 alios
805 4049 899 4087 rursus
911 4050 974 4087 cum
988 4052 1054 4110 apo-

335 4102 466 4160 stolorum
487 4104 568 4162 choro
590 4104 782 4183 colloquentes,
807 4120 889 4185 atque
912 4107 1051 4168 dicentes:

184 4184 236 4227 Ace.
251 4195 270 4229 ¹-
288 4197 323 4230 1¹·
338 4183 400 4239 Viri
413 4183 544 4253 Galiloei,
561 4186 635 4265 quid
655 4189 739 4243 statis
753 4187 923 4264 aspicientes
944 4192 977 4246 in
998 4210 1053 4249 σιε-

335 4262 395 4319 lum
410 4265 596 4336 eluctesus,
610 4268 661 4343 qui
675 4278 819 4323 assumtus
833 4279 874 4323 est
889 4288 908 4324 a
923 4271 1011 4327 uobis
1022 4274 1053 4327 in

333 4343 447 4413 caelum,
457 4345 498 4400 sie
509 4364 608 4401 rursus
623 4350 732 4413 ueniet,
767 4347 990 4405 uemadmodum
1003 4353 1050 4406 υί-

332 4422 416 4479 distis
438 4443 504 4479 eum
527 4436 642 4480 euntem
656 4427 687 4479 in
703 4367 878 4483 eoehtrnrhic
898 4427 987 4497 lesus,
1003 4428 1049 4505 qui

333 4499 473 4578 signorum
496 4500 698 4560 multitudinem
722 4503 846 4561 ostendit.
876 4504 941 4562 llaec
967 4505 1051 4583 igitur

331 4577 473 4639 dominicae
482 4579 644 4639 ascensionis
664 4581 1048 4660 diesdiaboloquidem,sieut

330 4658 436 4718 dictum
452 4673 502 4735 est,
519 4661 623 4719 luctum
638 4662 800 4751 procreavit,
817 4661 945 4721 fidelibus
958 4677 1048 4724 autem

328 4737 491 4798 hilaritatem
503 4753 582 4818 atque
592 4741 721 4799 letitiam.
729 4743 752 4799 N
756 4763 807 4801 une
817 4742 888 4800 enirn
895 4742 1046 4822 jucundum

328 4838 375 4876 rer
386 4833 603 4894 exortumest,et
613 4821 711 4879 ssorum
726 4820 900 4899 pulchritudo
928 4823 1046 4882 ermina-

327 4899 377 4968 vit,
394 4900 479 4958 vinem
493 4900 617 4980 palmites
631 4921 664 4980 ap
685 4914 813 4959 aruerunt
833 4843 966 4961 fructibus
981 4925 1044 4962 one·

326 4978 386 5050 rati,
401 4979 521 5038 olearum
534 4978 643 5037 arbores
660 4923 683 5037 d

359 5230 371 5266 θ
389 5229 446 5281 Μαι.
461 5239 498 5284 τὸν
511 5245 604 5301 καρπον.
618 5231 712 5281 Neutro
724 5229 799 5281 lectio
810 5229 901 5298 placet.

1107 3869 1292 3949 θάναληφθεὶς
1310 3871 1354 3949 ἀφ’
1368 3872 1443 3945 ὑμῶν
1463 3869 1501 3935 εἷς
1522 3867 1568 3925 τὸν
1585 3869 1714 3945 οὐρανὸν,
1726 3868 1794 3928 οὕτω
1812 3866 1875 3925 πάλιν

1107 3947 1255 4021 ἐλεύσεται,
1269 3948 1297 4007 δν
1321 3947 1418 4028 τρόπον
1440 3947 1587 4005 ἐθεάσασθε
1612 3948 1697 4006 αὐτὸν
1722 3946 1874 4028 πορευόμενοι

1107 4030 1143 4092 εἰς
1156 4028 1200 4087 τὸν
1222 4026 1345 4109 οὐρανόν·
1360 4018 1434 4092 οὗτος
1453 4028 1589 4098 δἸησοῦς
1611 4031 1627 4084 δ
1647 4027 1701 4099 τὴν
1722 4026 1819 4098 πληθὺν
1835 4027 1874 4080 τῶν

1107 4105 1224 4181 σημείων
1239 4105 1445 4184 ἐπιδειξάμενος.
1459 4103 1494 4164 Ἥ
1516 4107 1566 4173 τῆς
1590 4107 1758 4177 δεσποτικῆς
1771 4096 1811 4164 uls
1824 4106 1872 4162 hu·

1105 4185 1210 4266 λήψεως
1234 4186 1325 4264 ἡμέρα
1346 4185 1390 4244 τὸν
1417 4183 1464 4262 μέν
1486 4182 1627 4258 διάθολον,
1655 4186 1749 4251 καθὼς
1775 4184 1873 4262 εἴρηται,

1106 4269 1209 4343 θρηνεῖν
1224 4264 1420 4347 παρεσκεύασε,
1433 4263 1493 4330 τοὺς
1516 4262 1544 4321 δέ
1567 4264 1685 4331 πιστοδς
1722 4265 1871 4341 ereptarum.

1105 4347 1161 4404 Νῦν
1173 4344 1224 4444 γάρ
1240 4345 1271 4405 τδ
1289 4343 1399 4424 τερπνδν
1411 4344 1458 4424 ἔαρ
1474 4343 1614 4414 ἀνέτειλε,
1631 4346 1679 4402 καί
1689 4370 1727 4403 τα
1740 4348 1791 4402 τῶν
1809 4342 1871 4399 butu

1105 4427 1257 4502 ἀνεφυησαν
1269 4425 1371 4495 κάλλη·
1386 4422 1420 4480 rh
1440 4427 1488 4493 τῆς
1512 4422 1643 4499 ἀμπέλου
1669 4432 1811 4500 κατακσμᾷ
1823 4417 1870 4486 idi·

1105 4528 1177 4582 ματα
1193 4502 1264 4563 ι’τῶν
1277 4508 1397 4584 καρπῶν,
1411 4501 1446 4560 rh
1459 4501 1556 4581 δένδρα
1574 4506 1626 4572 τῆς
1647 4503 1742 4568 ἐλαίας
1755 4500 1869 4581 κυπρῖζον

1104 4607 1155 4661 σιν,
1171 4587 1198 4641 αἱ
1213 4592 1292 4642 συκαῖ
1306 4583 1364 4649 τοὺς
1378 4581 1500 4647 ὀλύνθους
1523 4582 1732 4661 προσήνεγκαν,
1746 4583 1790 4640 καὶ
1808 4583 1868 4637 κινεῖ·

1102 4688 1147 4722 ται
1164 4666 1202 4741 τῷ
1223 4663 1323 4743 ζεφύρῳ
1343 4662 1540 4738 πεπυκνωμένα
1565 4661 1603 4718 rh
1624 4664 1708 4733 λήῖκ,
1733 4662 1779 4732 τὴν
1802 4659 1867 4747 :irfuj

1101 4747 1153 4801 τῶν
1179 4743 1304 4819 κυμάτων
1329 4740 1481 4819 μιμούμενα
1507 4744 1556 4811 τῆς
1583 4743 1745 4810 θαλάσσης·
1760 4740 1866 4827 πάντεμπ.

1101 4823 1244 4899 δεσποτικῇ
1272 4822 1403 4899 ἀναλήψει
1428 4823 1487 4896 μεθ’
1506 4824 1589 4896 ἡμῶν
1616 4822 1796 4902 φαιδρύνεται.
1813 4818 1863 4888 lusa·

1100 4900 1195 4970 τοίνυν,
1212 4899 1288 4981 κάγὼ
1309 4903 1348 4981 ἐφ’
1365 4903 1426 4978 ὑμῖν
1447 4898 1481 4958 cd
1501 4906 1547 4958 τοῦ
1573 4901 1664 4959 dauid
1690 4897 1860 4980 ιὶνακρσίτομξι

680 4993 766 5049 orent,
786 4980 854 5039 heus
866 5002 971 5060 grossos
984 5005 1044 5073 pro·
1100 4981 1224 5060 ῥήματα,
1237 4980 1288 5039 ἀπε
1319 4985 1383 5056 ἡμῖν
1401 4977 1499 5058 ἀρτίοις
1510 4974 1554 5036 δεδι
1571 4978 1623 5050 τὴν
1643 4977 1799 5048 δεσποτικὴν
1811 4980 1857 5032 tu·

325 5055 479 5135 duxerunt,
503 5073 698 5137 moventurque
732 5059 849 5139 zephyro
877 5060 1042 5122 deusisstmae
1061 5081 1079 5128 ε
1098 5063 1177 5141 ληψιν
1193 5004 1309 5121 tuteli

1313 5059 1378 5117 άντκ
1393 5058 1426 5118 td
1448 5059 1509 5129 ἔθνη
1525 5060 1683 5138 κροτήσατε
1698 5069 1797 5139 χεῖρας,
1811 5056 1858 5112 tu·
