3764 5992
181 424 335 481 mouture
369 426 413 479 nn
431 429 541 479 creso
566 431 739 480 nuruorro
764 432 809 481 nr
830 433 874 481 on
900 430 1101 483 nrvrrrtnuu
1125 431 1314 484 turtum.
1448 408 1513 506 461

144 556 249 639 τῇτόίν
262 558 375 639 Γραφίύν
389 555 554 638 ἀναγνώσει·
578 556 624 616 ttv
644 557 695 637 γὰρ
715 560 748 636 τῇ
805 558 853 617 illa
866 578 1016 632 moerorem,
1028 558 1194 640 voluptatem
1206 559 1299 620 inserit
1312 559 1374 636 ribi,
1388 560 1520 621 malitiam

144 646 237 730 ιίχηξ,
250 648 376 710 osmer
388 670 435 709 σου
448 648 496 722 την
508 648 631 728 ἀθυμίαν,
643 649 749 730 φυτεύει
804 649 887 726 tollit,
901 650 1012 713 virtutis
1024 649 1127 711 radices
1138 650 1257 727 roborat,
1265 670 1314 712 nec
1325 651 1391 712 sinit
1400 651 1429 711 in
1441 671 1521 733 nego·

144 740 221 816 ανῆν,
235 744 338 824 όναιρεῐ
353 740 403 815 τὴν
423 740 528 816 κακίαν,
543 743 609 821 ῥιζοῖ
621 739 671 813 τὴν
684 745 748 822 όρε-
803 743 903 802 tiorum
912 743 1032 803 tumultu
1044 742 1213 804 ductantium
1224 764 1300 804 more
1314 743 1429 805 turbari.
1440 746 1521 805 Furit

144 832 224 907 ίησεν
237 835 266 893 όν
276 831 380 916 θορύύιμ
397 832 561 914 πραγμάτων
575 832 609 893 τίι
621 837 674 893 τῶν
687 836 750 893 κλο-
804 835 926 917 pelagos,
934 850 964 896 tu
974 857 1109 898 varocum
1119 836 1313 916 tranquillitate
1321 836 1448 919 navigas·
1460 838 1520 899 vioe

144 924 303 1008 ιπύσχιιν.
325 923 504 987 Ἦθόλασσα
522 926 660 1004 μαίνεται,
675 926 749 987 ουδὲ
804 948 918 1013 namque
930 929 1207 1035 prbematorislrabes
1216 929 1519 1010 Scripttrrarumleetio·

144 1040 189 1093 ιης
208 1017 313 1087 πλίιις·
336 1017 408 1099 ίχεις
430 1017 482 1099 γίιρ
509 1018 574 1078 κυόε
577 1018 731 1098 ρννίτην
696 1042 749 1077 των
803 1039 882 1080 nem:
875 1021 969 1082 hunc
977 1041 1049 1082 anun
1059 1019 1211 1082 fumcnlum
1222 1040 1275 1082 oon
1285 1019 1426 1102 abrumpit
1436 1041 1519 1103 nego·

144 1108 342 1190 νόνύγνωαιν·
354 1113 433 1168 τοῦτο
451 1107 503 1191 γὰρ
524 1109 556 1169 τὸ
578 1101 693 1191 σχοινίον
718 1113 748 1169 οὐ
802 1113 902 1173 tiorum
919 1114 1038 1175 tentatio.
1053 1112 1134 1188 Quod
1156 1127 1245 1174 autem
1264 1134 1316 1174 non
1334 1114 1460 1188 mentiar,
1476 1134 1519 1173 res

144 1204 215 1263 tuiis
226 1201 393 1284 πραγμάτων
403 1206 418 1261 θ
429 1202 586 1284 πειρασμόο
601 1203 654 1262 Καί
666 1203 707 1263 ότι
718 1207 748 1264 ού
767 1223 787 1271 υ
802 1205 870 1287 ipsse
887 1205 1072 1266 testificantur.
1081 1208 1150 1266 Ante
1160 1204 1220 1266 dics
1229 1204 1334 1284 aliquot
1345 1204 1453 1267 obsessa
1466 1206 1519 1266 tuit

144 1302 274 1377 μαρτυρεῖ
295 1295 330 1355 τὰ
343 1293 490 1376 πράγματα
509 1295 589 1355 etet.
607 1297 749 1377 Ἐπολιορ-
802 1297 924 1359 Ecclesia
947 1322 955 1356 z
975 1298 1049 1360 veuit
1071 1298 1222 1376 exercitus,
1244 1299 1292 1377 qui
1316 1299 1406 1380 ignem
1431 1298 1518 1359 oculis

144 1386 244 1460 ιιλησία
264 1385 318 1467 πρὸ
334 1385 430 1466 ὀλίγων
443 1389 565 1468 ἡμερῶν·
586 1378 649 1459 ἦλθε
670 1412 749 1468 ατρα-
801 1388 1145 1470 emittebat,nequetamen
1157 1390 1258 1453 olivam
1271 1390 1418 1451 marcidam
1428 1390 1518 1452 reddi·

144 1478 222 1559 lsr'dp
239 1477 293 1538 ἀπὸ
305 1482 359 1539 τῶν
372 1481 514 1560 ὀφθαλμῶν
535 1479 618 1560 ἠφίει,
642 1481 686 1540 καί
699 1480 748 1553 τὴν
801 1478 1034 1543 ditsnudabantur
1046 1502 1267 1562 enses‚ueuroque
1279 1483 1380 1546 vulnus
1392 1484 1494 1564 accepit
1508 1506 1514 1538 :

146 1570 286 1651 Ιριίρανι·
306 1570 368 1652 ξίφη
390 1570 578 1652 γεγύμνωντο,
599 1571 644 1631 καί
664 1574 747 1645 τραύ-
800 1571 971 1653 imperatoria
997 1574 1065 1635 ostia
1092 1575 1120 1633 iu
1137 1575 1270 1635 anxietate
1287 1575 1477 1647 versabantur,
1490 1589 1517 1634 et

154 1662 281 1733 ίθίξατο·
301 1665 329 1723 αί
344 1664 480 1744 βασιλικαί
492 1663 576 1724 πύλαι
588 1666 616 1723 ἕν
630 1665 747 1748 όγοννίφι,
801 1664 921 1725 Ecclesia
936 1666 963 1726 in
977 1679 1035 1727 tuto
1048 1667 1134 1748 posita
1147 1681 1214 1741 erat,
1229 1668 1335 1727 etiamsi
1348 1666 1517 1729 bochellum

144 1754 214 1829 ησία
234 1758 263 1815 ἰν
280 1755 426 1837 ἅσφαλιίφ·
440 1756 528 1816 καίτοι
547 1780 577 1837 γε
599 1762 613 1817 ὁ
632 1757 748 1837 πόλεμος
800 1760 929 1838 eruperit.
943 1759 996 1819 llic
1003 1757 1271 1838 quaerebaturis,qui
1279 1759 1334 1820 buc
1342 1759 1515 1838 confugerat:

144 1868 233 1908 ιιισεν.
247 1849 380 1908 ’Ἐνταῦθα
393 1847 446 1928 γίιρ
459 1851 575 1921 ἐζητεῖτο
593 1854 609 1909 ὁ
627 1874 747 1932 καταφο-
800 1847 965 1928 illorumque
973 1851 1093 1911 furorem
1105 1870 1159 1910 non
1170 1850 1518 1915 formidantssadstitirnus.

144 1942 322 2024 raptorapto«
342 1940 379 2020 μὴ
402 1943 596 2011 δεδοικότες
571 1968 616 2003 τον
640 1943 747 2005 ἐκείνων
800 1941 1022 2014 Quarettderar
1033 1943 1111 2004 nobis
1122 1957 1287 2004 tutissimum
1300 1941 1409 2025 pignus,
1423 1964 1519 2026 nempe

144 2034 266 2108 oileum
284 2034 402 2115 Είχομεν
421 2034 542 2148 ίνίχυρον
563 2039 746 2119 ἀαφαλίςτὸ,
799 2034 892 2095 illud
910 2037 952 2095 Τιι
972 2056 1002 2096 es
1020 2038 1145 2113 Petrus,
1167 2050 1197 2097 et
1214 2056 1300 2118 super
1314 2039 1393 2101 hano
1403 2052 1570 2162 μεταποιεῖ
1571 2052 1614 2097 ιιι.
1630 2050 1669 2097 16.

144 2148 185 2199 κ,
203 2126 252 2187 καὶ
267 2125 311 2185 iel
329 2125 414 2206 ταύιη
427 2130 461 2206 τῇ
478 2125 564 2208 πέτρφ
577 2128 704 2241 οίκοδρμή
706 2152 745 2190 σοι
764 2154 783 2200 η
800 2129 953 2208 aedificabo
971 2130 1139 2190 Ecclesiam
1157 2150 1262 2205 meam,
1276 2143 1306 2191 et
1322 2144 1415 2210 porte
1427 2112 1566 2213 inseri'&

144 2217 269 2293 ιλησίαν·
262 2217 326 2277 'rol
335 2216 533 2277 πυλαιᾶδοοού
543 2242 747 2300 κατισχύσουσιν
801 2240 860 2278 non
876 2222 1078 2298 praevalebunt
1102 2223 1243 2283 adversus
1267 2243 1344 2282 eam.
1367 2224 1517 2285 Ecclesiam

144 2310 245 2385 λησίαν
253 2309 282 2370 δὲ
293 2309 412 2391 λίγω,’
385 2333 415 2370 oo
427 2311 507 2370 τόπον
520 2310 608 2389 μόνον,
620 2313 744 2373 ἀλλὰ
702 2336 746 2372 και
799 2310 872 2385 dico,
887 2331 941 2371 oon
955 2312 1044 2373 locum
1056 2327 1170 2385 tanturn,
1183 2313 1231 2375 sed
1243 2334 1346 2388 mores3
1358 2335 1412 2375 oon
1425 2337 1517 2377 muros

144 2403 247 2486 τοίχους
260 2402 418 2474 ίκκλησίας,
438 2402 507 2463 ἀλλὰ
520 2405 615 2483 νόμους
629 2407 746 2479 Ἐκκλη-
799 2402 928 2480 ecclesie,
943 2404 991 2465 sod
1003 2405 1075 2485 leges
1087 2404 1224 2466 Ecclesiae.
1241 2407 1311 2467 Cum
1324 2407 1477 2488 confugeris
1489 2408 1517 2467 in

156 2494 330 2575 καταφεύγῃς
346 2496 374 2553 ir
391 2496 536 2578 ίκκληοίρ,
551 2496 588 2575 μὴ
610 2496 685 2579 τύπῳ
698 2523 746 2557 κα-
799 2496 1011 2573 ecclosiarn‚non
1024 2498 1115 2558 locurn
1127 2511 1198 2578 pete,
1209 2498 1257 2559 sod
1267 2499 1357 2559 animo
1371 2502 1516 2581 transfugo.

144 2586 190 2647 ιλίι
200 2586 307 2668 γνιύμῃ.
325 2587 475 2659 Ἐκκλησία
486 2588 538 2669 γὰρ
550 2593 580 2649 ού
594 2597 683 2671 τοῖχος
700 2591 745 2651 καὶ
799 2588 920 2650 Ecclesia
930 2590 1003 2651 enim
1015 2610 1069 2650 oon
1083 2610 1177 2650 murus
1189 2603 1216 2650 et
1228 2604 1339 2666 tectum,
1350 2591 1397 2652 scd
1408 2591 1477 2653 fides
1491 2609 1517 2655 et

144 2679 320 2749 larissensi
334 2680 398 2761 βίος.
411 2680 458 2755 Μὴ
472 2681 547 2762 λέγε,
562 2683 602 2743 ύει
615 2683 744 2765 προεδόθη
798 2680 860 2740 ritae
876 2681 945 2742 ratio
960 2695 1011 2743 est.
1025 2685 1066 2744 Ne
1081 2681 1157 2743 dicas
1172 2704 1245 2755 eum,
1257 2683 1305 2762 qui
1325 2685 1450 2765 proditus
1465 2701 1516 2759 est,

144 2773 397 2855 σίαςὸπροδοθείς·
419 2773 501 2847 slei
463 2773 501 2853 μὴ
522 2778 607 2856 ἀφῆκε
627 2775 676 2850 τὴν
699 2779 743 2836 ἐκ·
797 2774 833 2833 ab
843 2773 963 2836 Ecclesia
972 2773 1110 2856 proditum
1119 2775 1250 2834 esse·nisi
1261 2772 1422 2837 deseruisset
1432 2777 1518 2838 eccle-

144 2864 213 2927 cdv
232 2865 394 2946 προεδίδοτο.
410 2865 457 2939 Μὴ
472 2865 548 2947 λίγε,
567 2868 609 2927 ότι
630 2868 676 2928 καὶ
697 2893 744 2928 κα·
797 2866 1514 2950 siam,captasnonfuisset.Nedrcas1psumconlu-
1545 2883 1668 2943 Ειιωιοιριιιε

147 2957 299 3073 προεδόθη·
319 2959 400 3038 ούχὴ
415 2958 565 3032 Ἐκκλησία
580 2959 657 3020 αὐτόν
672 2963 744 3041 ἀφῆ-
797 2958 867 3037 gissa
884 2973 912 3019 et
934 2957 1072 3064 proditum
1091 2958 1194 3019 fuisse:
1208 2979 1262 3020 non
1284 2961 1433 3021 Ecclesia
1425 2982 1548 3061 ipsumca
1551 2973 1615 3077 Ἦ
1602 2963 1668 3004 ⁰¹⁰¹⁰

144 3048 247 3119 ἐιτλς
216 3072 266 3123 εην
283 3049 456 3123 ίκκλησίαν’
441 3054 552 3133 αφῆκεν.
546 3054 628 3112 ,Οὐκ
641 3053 743 3113 ἔνδοθεν
796 3048 910 3122 dimisit,
923 3049 1000 3111 sed'
991 3071 1049 3132 ipso
1068 3050 1207 3112 ecclesiam
1227 3050 1342 3112 dimisit.
1362 3053 1450 3113 Non
1442 3032 1565 3115 intusap

144 3144 198 3202 ίλλ
219 3140 323 3212 ἔξωθεν.
342 3140 414 3202 Διὰ
432 3143 459 3201 τί
481 3143 607 3204 κατελιπε
627 3146 677 3218 την
699 3150 742 3206 ἐκ·
753 3200 789 3239 ³⁸
778 3141 921 3237 proditus
934 3156 984 3217 ost,
996 3141 1043 3203 sed
1062 3141 1138 3202 ioris
1154 3144 1211 3204 Cur
1227 3142 1338 3223 reliquit
1354 3144 1514 3206 ecclesiam?

144 3233 250 3297 issw'lou
271 3233 416 3306 σωζεσθαι;
434 3233 560 3315 Ὦφειλες
572 3237 695 3319 κατέχειν
713 3239 743 3299 τὸ
761 3259 780 3303 Α
796 3236 836 3294 Te
849 3250 986 3296 servatum
1007 3234 1244 3297 anteliminare
1265 3235 1407 3317 complecti
1427 3256 1513 3318 opor·

144 3352 165 3387 ι.
181 3330 242 3389 Ode
259 3318 328 3400 ἦσαν
340 3328 450 3387 ἐνταῦθα
473 3336 574 3408 τοῖχοι,
589 3331 658 3390 ἀλλὰ
671 3333 742 3391 θεοῦ
795 3326 876 3386 tehat.
887 3328 949 3387 Nou
958 3326 989 3386 lu
997 3347 1081 3400 murs
1062 3325 1134 3385 sed
1145 3325 1196 3386 Der
1207 3324 1376 3407 providentia
1387 3340 1413 3387 tc
1423 3341 1512 3388 tutum

144 3419 334 3502 νφαλιζομένη.
349 3413 577 3501 Ἁμαρτιολὸςῆς
592 3425 688 3482 θύετ’
673 3447 739 3483 arro·
795 3433 918 3497 prestare
937 3432 1051 3523 poterat.
1072 3421 1198 3478 Peccator
1218 3418 1295 3477 eras?
1308 3420 1368 3478 Non
1391 3434 1417 3480 te
1439 3422 1512 3482 Deus

154 3511 271 3579 θθιύς·
282 3513 331 3571 οὐκ
344 3501 408 3582 ἦλθε
421 3511 472 3592 γὰρ
483 3511 595 3573 καλέσαι
609 3516 739 3592 δικαίους,
793 3508 854 3569 ideo
866 3511 991 3591 respuit.
1005 3530 1058 3569 non
1072 3530 1144 3569 euim
1156 3523 1231 3569 venrt
1243 3530 1339 3570 vocare
1348 3513 1447 3592 justos,
1463 3511 1563 3621 scdMa
1565 3516 1607 3560 ’ίί-
1592 3527 1647 3573 θ

144 3602 246 3672 τυλώς
271 3606 308 3671 εἰς
336 3603 485 3681 μετάνοιαν.
520 3605 611 3686 Πύρνη
638 3607 739 3681 ἐσώθη,
792 3615 942 3681 peccatores
965 3599 1000 3661 ad
1025 3600 1220 3682 poenitentiam.
1239 3601 1371 3662 Meretrix
1396 3595 1531 3667 salutatu¹
1536 3575 1561 3621 δ’

144 3696 313 3777 ςκαπέσχεν.
328 3693 477 3755 Ἠκούσατε
491 3720 537 3756 του
519 3698 667 3779 αίμερον
681 3703 739 3761 ἀνε-
791 3707 954 3773 consequuta
971 3706 1010 3754 est
1013 3693 1101 3772 ,qnia
1122 3691 1203 3774 pedes
1213 3692 1403 3774 apprehendit
1420 3694 1510 3756 Audi-

152 3788 251 3849 Ταῦτα
269 3787 298 3847 ὀί
312 3787 396 3868 λίγα),
415 3787 458 3847 ίνα
477 3789 610 3866 μηδέποτε
621 3793 659 3858 είς
672 3794 738 3852 Ἐα-
791 3785 873 3846 stisne
886 3739 1043 3845 hodiernaiu
1053 3784 1215 3845 lectionem?
1228 3785 1292 3845 Hac
1302 3804 1383 3865 porro
1392 3785 1466 3863 dico,
1479 3803 1510 3849 ut

144 3877 271 3962 αφεύγων
291 3879 452 3961 όμφιόοθης.
474 3881 545 3941 Μίνε
566 3885 604 3950 είς
620 3883 739 3958 Ἐκκλη-
791 3897 940 3956 numquam
951 3875 1059 3937 dubites
1068 3876 1097 3936 in
1106 3875 1254 3938 Ecclesiam
1264 3877 1415 3958 confugere.
1429 3883 1510 3943 Mane

144 3970 325 4052 ιπροδίδοσαι
345 3971 397 4030 ἀπὸ
417 3975 465 4043 τῆς
478 3969 652 4044 Ἐκκλησίας.
674 3975 738 4035 Ἐὰν
792 3970 820 4031 in
834 3969 967 4041 Ecclesia,
982 3982 1074 4029 etnon
1085 3967 1208 4049 proderis
1228 3968 1265 4029 ab
1282 3968 1412 4032 Ecclesia.
1427 3972 1509 4048 Quod

144 4063 174 4125 oi
194 4060 377 4136 Ἐκκλησίας,
398 4064 446 4123 οὐκ
460 4063 533 4123 αἰτία
546 4069 563 4136 ἡ
579 4064 737 4139 Ἐκκλησία.
790 4062 814 4122 si
825 4061 926 4140 fugeris
934 4061 969 4121 ab
978 4061 1111 4134 Ecclesia,
1117 4074 1181 4121 tunc
1195 4060 1315 4121 Ecclesia
1324 4061 1352 4122 in
1365 4084 1446 4125 causa
1455 4085 1509 4129 oon

144 4176 163 4237 ρ
180 4146 216 4237 ᾖς
236 4154 303 4225 ἔσω,
317 4153 420 4223 ὁλύκος
436 4159 484 4217 ούκ
506 4157 670 4239 είσίρχεται·
691 4161 737 4220 ἐὰν
790 4154 851 4214 erit.
865 4156 934 4215 Nam
947 4152 970 4212 si
982 4152 1056 4215 intus
1068 4152 1162 4227 fueris,
1176 4151 1259 4234 lupus
1273 4173 1326 4214 non
1341 4154 1505 4236 ingreditur5

144 4246 189 4321 ξεν,
203 4247 366 4328 θηριόλεαος
384 4247 460 4327 γίνη·
481 4250 540 4308 ἀλλ’
557 4253 586 4309 ού
600 4250 674 4330 παρὰ
687 4251 736 4323 τὴν
788 4246 830 4306 sin
844 4244 953 4317 exieris,
966 4266 982 4304 a
994 4244 1087 4306 bellua
1100 4243 1230 4325 capieris;
1243 4266 1338 4307 verum
1352 4266 1405 4306 non
1417 4250 1505 4323 caula,

144 4344 198 4413 iro,
222 4337 293 4399 ἀλλὰ
312 4339 385 4419 παρὰ
405 4338 456 4413 τὴν
477 4340 527 4415 σὴν
549 4343 736 4424 μαραθοχίαν.
788 4337 834 4397 sed
846 4337 1054 4418 pusillanimitas
1065 4350 1111 4396 tua
1122 4338 1151 4397 in
1163 4336 1313 4403 mouerit.
1326 4337 1505 4401 Nihil-Eccle-

144 4431 216 4494 ιύδίν
226 4431 292 4492 ίσον.
305 4432 353 4504 Μή
368 4456 415 4512 μοι
428 4432 489 4512 λίγε
499 4435 577 4515 τείχη
589 4436 634 4495 καί
648 4435 736 4496 ὅπλα·
754 4449 773 4496 Β
788 4427 947 4533 siaeparest.
958 4427 1502 4493 Nemihicommemoresmurosetarma·

144 4523 319 4607 ιραῷχρόνιρ
345 4526 530 4598 παλαιοῦνται,
552 4531 570 4598 ἡ
586 4526 735 4600 Ἐκκλησία
788 4520 861 4580 muri
881 4520 954 4581 enim
970 4534 1089 4622 tempore
1110 4518 1282 4595 deteruntur,
1301 4523 1421 4584 Ecclesia
1441 4545 1505 4586 vero

144 4626 216 4701 Μ
228 4618 348 4699 Τείχηβ
331 4617 461 4698 βᾶρὸαροι
475 4618 660 4695 καταλύωσιν
672 4624 735 4681 Ἐχ.
788 4631 934 4690 numquam
945 4612 1067 4671 senescll.
1082 4613 1177 4672 Muros
1189 4612 1503 4691 barbaridcmoliuntur‚

144 4710 205 4773 ὡδί
228 4710 350 4790 δαίμονες
369 4707 558 4791 περιγίνονται.
573 4712 627 4771 Καί
645 4713 730 4772 dtr
704 4736 734 4771 oo
788 4701 936 4762 Ecclesiam
955 4720 989 4760 ne
1003 4700 1136 4762 daemonoe
1155 4701 1267 4781 quidem
1284 4706 1406 4767 vincum.
1422 4708 1505 4784 Quod
1582 4744 1588 4759 .

144 4802 267 4884 θύματα,
285 4813 414 4884 μαρτυρεῖ
431 4803 466 4861 τί
479 4802 635 4883 πράγματα
650 4803 736 4862 Πόσοι
787 4794 844 4854 hac
855 4813 907 4854 non
917 4793 1110 4875 sintJactaotra
1124 4794 1208 4856 verba
1211 4816 1349 4876 resrpsae
1361 4811 1501 4862 testantur

152 4895 204 4972 τὴν
228 4894 403 4972 Ἐκκλησίαν,
425 4897 471 4956 καί
489 4900 514 4957 οί
535 4897 735 4975 πολεμησαντες
787 4885 1504 4972 tuotEoelesumoppugnamur,1ps1queperierunt?

144 4986 205 5062 αὕτη
225 4987 255 5049 di
274 4987 345 5068 ύπίφ
358 4991 411 5047 τῶν
435 4991 551 5067 οὐρανῶν
574 4988 733 5061 orestem.
786 4982 979 5045 Ecclesiavero
992 4983 1072 5044 celos
1085 4984 1255 5045 transcendit.
1269 4986 1345 5048 Talis
1355 5004 1395 5049 est
1407 4991 1504 5051 Eccle-

144 5104 165 5143 u
188 5080 299 5162 μίγιθος
319 5085 337 5152 ἡ
358 5080 521 5154 Ἐκκλησία·
548 5083 733 5161 πολεμουμύιη
785 5083 831 5142 οἱα
852 5082 1030 5164 magnitudo:
1044 5083 1129 5146 vincit
1144 5085 1316 5167 impugnem
1332 5088 1439 5152 insidiis
1453 5113 1505 5174 ap-

158 5266 242 5323 Snil.
254 5272 312 5324 διότι
327 5273 436 5321 κατέλιπε
451 5287 455 5315 :
470 5266 583 5318 uilicum
596 5267 681 5320 llorel.
693 5271 728 5322 διὰ
739 5278 762 5321 τί
774 5275 891 5322 κατέλιπε.
