3810 6000
254 523 299 590 32
570 541 605 587 s.
631 539 773 588 totttttts
798 536 979 587 CHRYSOST·
1008 535 1164 584 tuentur.
1193 534 1461 582 consumtor.

250 686 360 725 cernens
374 664 500 724 inanibus
516 665 544 723 in
557 663 637 723 rebus
655 662 758 745 posita,
772 661 906 722 dictomm
920 681 968 721 ve·
1023 661 1075 719 τῶν
1093 658 1188 738 λόγων,
1209 658 1255 718 καὶ
1270 662 1322 718 τῶν
1337 657 1482 738 ἀνθρώπων
1501 656 1550 729 τὴν
1571 657 1616 716 ἐπί
1636 656 1670 716 τδ
1691 654 1796 734 μάταια

251 759 357 816 ritatem
370 755 542 818 vehementer
563 753 691 816 admiror.
706 755 806 814 Omnes
820 751 920 832 quippe
940 750 969 809 in
1024 750 1130 830 βλέπων
1157 751 1283 824 σπουδὴν,
1309 749 1369 810 λίαν
1397 748 1524 825 θαυμάζω
1547 746 1620 807 θτῶν
1646 745 1796 828 εἰρημένων

250 842 968 928 latagradiunturvia,omnesrebusinhiantpraesenti·
986 862 1005 909 c
1022 843 1070 916 τλν
1087 842 1221 915 ἀλήθειαν.
1234 843 1338 910 Πάντες
1360 841 1413 924 γὰρ
1436 840 1480 900 διὰ
1501 843 1549 911 τῆς
1571 839 1698 907 πλατείας
1721 839 1796 918 βαδί-
1825 847 1827 851 ’

250 940 311 1016 bus,
318 941 524 1018 futurorumque
534 938 722 1017 cogitationem
730 957 878 1016 numquam
885 934 969 994 susci·
1023 939 1109 1004 ζουσιν
1125 935 1184 994 ὁδοῦ
1193 980 1203 1007 ,
1219 935 1316 1001 πάντες
1330 936 1366 1000 εἰς
1378 933 1412 993 τὰ
1434 931 1554 1014 παρόντα
1578 931 1707 1014 κεχήνασι
1725 930 1796 1012 πρά-

250 1033 347 1112 piunt;
361 1031 409 1090 sed
423 1031 457 1089 ad
471 1051 611 1111 corporeas
624 1029 776 1108 uoluptates
789 1048 851 1086 cum
866 1026 970 1107 impetu
1023 1050 1131 1106 γματα,
1154 1026 1199 1085 καί
1221 1028 1274 1085 τῶν
1298 1024 1446 1104 μελλόντων
1470 1023 1593 1084 οὐδέποτε
1614 1024 1794 1103 λσμόάνουσιν

251 1123 409 1203 assidueque
419 1125 553 1202 seruntur,
562 1123 666 1181 animas
680 1140 743 1181 vero
756 1142 818 1181 snas
830 1121 923 1181 sinunt
932 1122 970 1179 [a-

251 1235 295 1275 me
316 1216 500 1274 contabescere
507 1237 516 1288 ς
537 1235 653 1291 cumque
676 1208 824 1272 innumeris
851 1210 972 1291 quotidie

251 1308 409 1366 vulneribus
423 1304 622 1378 confodiantur,
640 1326 732 1364 corum
749 1305 776 1364 in
791 1304 890 1383 quibus
905 1325 970 1364 ver-

250 1411 343 1458 santur
367 1398 502 1456 malorum
533 1397 640 1455 nullum
664 1397 765 1455 habent
789 1417 914 1454 sensum:
940 1417 971 1454 ac

251 1489 298 1567 qui
318 1489 345 1548 in
368 1488 504 1569 corporeis
523 1487 731 1566 egritudinibus
741 1486 776 1546 ad
792 1487 910 1547 medicos
920 1488 973 1547 ad-

251 1593 325 1656 eunt,
346 1581 419 1660 ipsos
444 1579 557 1638 domum
583 1594 703 1654 evocant,
723 1579 972 1660 amplissimamque

251 1670 307 1730 ittis
331 1670 481 1730 mercedem
518 1670 691 1744 retribuunt,
716 1670 885 1730 tolerantiam
909 1690 973 1730 vero

251 1783 386 1822 summam
399 1761 543 1834 exhibent,
560 1777 586 1822 et
600 1762 768 1821 curationem
781 1762 914 1822 sustinent
928 1763 971 1821 la-

252 1853 398 1932 boriosam,
414 1876 468 1933 quo
478 1853 661 1915 valetudinem
673 1854 870 1932 consequantur
879 1874 974 1934 oorpo·

253 1945 292 2005 ris
299 1969 309 2023 ρ
324 1946 376 2021 ἰίίί,
386 1946 506 2025 inquam,
516 1946 586 2004 male
596 1946 720 2004 affectam
731 1945 850 2005 animam
864 1965 974 2026 prorsus

252 2037 404 2116 negligunt,
415 2036 647 2119 expetendamque
666 2036 724 2117 ejus
746 2035 889 2096 sanitatem
911 2056 975 2095 con-

1025 1119 1142 1179 ίννοιαν·
1170 1119 1229 1178 ἀλλ’
1254 1121 1292 1186 είς
1319 1117 1366 1197 μέν
1391 1117 1438 1185 τάς
1463 1114 1617 1195 σωματικὰς
1637 1116 1797 1182 ἀπολαύσεις

1026 1209 1202 1276 ἀδιαλείπτως
1214 1209 1378 1290 ἐπείγονται,
1392 1207 1440 1276 τάς
1454 1209 1481 1269 δέ
1493 1207 1578 1290 ψυχδις
1592 1211 1669 1269 ἐῶσιν
1682 1211 1709 1268 ἐν
1722 1209 1795 1288 λιμῷ

1026 1302 1239 1376 κατατάκεσθαι·
1256 1299 1302 1360 καί
1314 1300 1395 1382 μυρία
1408 1305 1467 1360 καθ’
1484 1300 1597 1374 ἑκάστην
1610 1299 1713 1380 ἡμίραν
1727 1303 1797 1379 λαμ-

1027 1395 1149 1461 δάνοντες
1168 1393 1323 1476 τραύματα,
1345 1391 1468 1454 οὐδίποτε
1492 1393 1611 1464 αἴσθησιν
1634 1391 1725 1473 ίχουσι
1744 1395 1797 1452 τῶν

1026 1490 1054 1547 ἐν
1074 1477 1111 1554 οἷς
1130 1488 1182 1546 εἰσι
1195 1489 1300 1545 κακῶν·
1318 1485 1364 1546 καί
1381 1490 1434 1545 τῶν
1449 1484 1496 1565 μὲν
1515 1492 1561 1545 τοῦ
1582 1485 1706 1561 σώματος
1720 1484 1797 1544 ἕνεκα

1026 1576 1202 1655 παθημάτων,
1216 1581 1327 1658 φοιτῶσι
1339 1577 1405 1659 πρὸς
1424 1575 1483 1643 τοδς
1493 1582 1578 1636 ταῦτα
1592 1575 1796 1657 θεραπεύοντας,

1027 1671 1072 1731 καί
1089 1671 1180 1738 αὐτούς
1202 1672 1230 1730 δέ
1250 1669 1355 1738 τούτους
1377 1668 1465 1730 οίκαδε
1486 1669 1728 1750 παραπίμπονται,
1753 1669 1798 1729 καὶ
1838 1742 1840 1748 Ι

1028 1762 1135 1844 μισθοδς
1169 1763 1329 1844 παρέχουσιν
1358 1761 1399 1822 δτι
1428 1762 1545 1841 μάλιστα
1575 1762 1728 1837 πλείστους,
1753 1761 1798 1821 καί

1028 1857 1170 1938 καρτερίαν
1195 1855 1388 1916 ἐπιδείκνυνται
1410 1851 1521 1925 πολλὴν,
1544 1852 1590 1913 καί
1612 1857 1660 1926 τῆς
1673 1852 1799 1913 ἐπιπόνου

1028 1949 1169 2031 θεραπείας
1191 1946 1345 2028 ἀνέχονται,
1364 1945 1407 2005 ἵνα
1429 1945 1477 2019 τὴν
1500 1945 1598 2007 ἐκείνω
1618 1943 1708 2025 ύγείαν
1729 1944 1799 2017 ὠνή-

1028 2063 1142 2101 σωνται·
1162 2044 1211 2111 τῆς
1226 2041 1253 2100 δέ
1272 2043 1360 2121 ψυχῆς
1380 2041 1469 2107 κακῶς
1481 2038 1649 2116 διακειμένης
1662 2040 1802 2102 παντελῶς

137 2128 465 2211 οωρωιιῑοιιιιιυυῑ,1ἰοει
488 2128 571 2208 probe
591 2127 676 2186 sciant
696 2148 795 2208 corpus
817 2126 930 2201 mortale
949 2141 975 2186 et
990 2159 1011 2205 1»
1028 2136 1170 2211 ἀμελοῦσι,
1191 2132 1236 2192 καί
1256 2132 1306 2204 τὴν
1326 2131 1478 2214 ἀξιέραστα
1499 2133 1579 2202 αὐτῆς
1593 2127 1683 2210 ὑγείαν
1706 2128 1799 2189 λαθεῖν

100 2230 152 2259 eun
173 2216 243 2259 enimi

101 2293 159 2321 curn
181 2285 244 2335 post-

101 2340 213 2398 ponende.

253 2221 419 2303 corruptioni
437 2219 587 2280 obnoxium
604 2241 660 2279 esse
669 2265 678 2297 ,
696 2219 842 2298 vernisque
860 2218 975 2279 floribus

253 2313 406 2374 consimile:
417 2311 529 2394 perinde
538 2311 610 2370 enim
620 2311 772 2389 marcescit,
781 2309 975 2390 exstinguitur,

253 2405 435 2486 corrumpitur
448 2427 456 2480 ς
474 2403 594 2463 animam
607 2423 671 2463 vero
685 2401 888 2461 immortalitate
899 2421 975 2481 pne-

254 2497 351 2573 ditam,
364 2511 391 2557 et
404 2496 439 2555 ad
456 2495 602 2575 imaginem
615 2495 667 2554 Dei
681 2495 790 2570 factam,
805 2493 850 2552 cui
866 2514 975 2553 concre-

254 2588 311 2648 dita
326 2601 389 2647 sunt
407 2588 533 2647 animalis
550 2586 671 2667 corporis
689 2584 879 2667 gubernacula.
893 2583 976 2657 Quod

254 2677 326 2739 enim
341 2693 380 2738 est
393 2679 488 2758 atrriga
504 2676 609 2751 currui,
626 2675 789 2756 gubemetor
802 2675 877 2753 navi,
890 2675 975 2736 musi·

256 2793 305 2831 cus
319 2771 512 2845 instrumento,
530 2768 650 2849 idipsum
665 2768 731 2827 huic
747 2782 852 2827 terreno
866 2767 977 2829 vasculo

255 2885 311 2924 esse
323 2863 442 2922 animam
455 2861 582 2942 prorepit
591 2861 692 2941 Opifex
703 2860 758 2918 ille.
783 2859 846 2918 Haec
859 2858 977 2918 habenas

199 2992 204 3001 ·
254 2969 336 3030 tenet,
343 2955 451 3014 clavum
462 2951 875 3032 moderatur,etcbordaspulsat
888 2952 977 3031 :quod

208 3124 212 3131 1
256 3065 319 3104 cum
333 3046 447 3105 scienter
458 3045 523 3104 facit
529 3089 539 3122 ,
555 3042 747 3103 suavissimum
763 3042 872 3104 virtutis
886 3043 976 3103 reddit

256 3151 415 3198 concentum
429 3161 436 3194 ι
450 3157 512 3196 σεται
525 3150 617 3196 autem
627 3135 670 3195 ecl
684 3135 816 3195 remiserit
829 3157 918 3208 sonos,
932 3138 975 3197 vel

255 3227 401 3289 intenderit
413 3229 485 3308 plus,
499 3248 579 3306 quarn
593 3240 724 3308 oporteat,
738 3240 764 3285 et
773 3240 859 3286 artem
873 3241 899 3286 ct
913 3228 974 3287 har·

255 3320 375 3379 moniam
384 3318 534 3378 labefactat.
546 3317 635 3398 Hujus
647 3338 709 3397 ergo
717 3318 813 3376 anima
825 3338 917 3377 curam
928 3318 975 3377 ah·
988 3381 1013 3419 n

256 3526 320 3563 cura
334 3502 499 3583 dignantnr3
514 3499 561 3560 sed
574 3513 661 3559 totum
678 3500 742 3561 vita
755 3513 861 3583 tempus
875 3501 903 3560 in
917 3523 977 3562 cor-

254 3617 351 3678 poreas
368 3592 565 3654 sollicitudines
575 3591 744 3672 impendunt.
757 3596 846 3672 Atque
864 3591 894 3652 hi
914 3594 977 3672 qui-

255 3687 319 3748 dem
330 3686 470 3746 nauticum
478 3684 544 3747 vita
555 3702 639 3765 genus
648 3683 857 3764 amplectuutur,
870 3705 903 3743 ac
913 3704 976 3744 cum

255 3780 384 3840 fluetibus
393 3777 514 3841 etventis
528 3789 700 3854 concertant3
714 3776 801 3836 vitam
811 3790 977 3856 mortemque

257 3890 350 3931 seeum
358 3890 464 3951 semper
478 3891 529 3928 una
544 3868 770 3942 circumferentes,
787 3890 916 3950 spemque
929 3892 975 3930 sa-

255 3963 322 4023 lutis
342 3976 427 4022 totam
449 3961 556 4039 exiguis
578 3961 773 4020 committentes
795 3963 896 4023 tabulis
911 3987 917 4020 ι
935 3962 978 4023 itti

255 4054 430 4134 agriculture
456 4052 567 4112 sudores
592 4050 753 4131 suscipiunt,
780 4053 863 4114 boves
887 4055 977 4116 aratro

253 4149 381 4230 jungunt,
392 4159 492 4206 terram
504 4143 618 4220 sulcant,
626 4164 698 4203 nunc
709 4159 853 4204 sementem
861 4147 976 4228 jaciunt,

257 4260 329 4300 nune
342 4252 448 4300 metunt
460 4261 469 4316 ς
483 4236 565 4299 modo
578 4237 712 4319 plantant,
728 4237 812 4297 modo
832 4239 976 4319 vindemie

257 4334 323 4393 dant
337 4352 470 4415 operam3
484 4344 512 4391 et
524 4329 576 4390 hac
589 4329 617 4402 iu
633 4329 741 4390 miseria
765 4345 854 4390 totum
872 4346 977 4414 tempus

257 4425 428 4487 emetiuntur.
442 4422 498 4483 Alii
519 4435 698 4482 mercaturam
717 4421 870 4499 adeunt‚et
890 4445 922 4483 ea
944 4423 979 4483 de

258 4541 338 4579 cause
352 4533 422 4578 terra
439 4514 562 4594 marique
570 4514 787 4596 peregrinantur,
802 4516 921 4576 alienum
935 4538 978 4576 so·

259 4614 316 4672 lum
332 4632 381 4671 suo
400 4608 582 4683 anteferentes,
599 4606 733 4687 patriam,
754 4629 849 4687 genus,
860 4609 977 4684 amicos,

260 4705 403 4785 conjuges,
426 4702 526 4761 liberos
550 4698 722 4777 relinquunt,
739 4700 886 4780 exiguique
908 4702 979 4760 loerr

260 4817 339 4856 moso
354 4795 468 4855 liltenter
481 4802 634 4873 peragrent.
652 4789 707 4850 Sed
719 4791 788 4869 qnid
800 4793 894 4852 attinet
908 4806 979 4853 artes

260 4909 352 4947 omnes
368 4905 523 4946 enumerare
530 4928 539 4961 ,
554 4881 663 4961 quasin
677 4903 756 4941 usum
770 4885 890 4964 eorporis
904 4906 977 4944 com-

262 4977 344 5038 menti
367 4988 429 5036 sunt
451 4974 588 5050 homines,
613 4972 641 5031 in
662 4973 761 5051 quibus
781 4974 827 5035 dic
846 4991 978 5056 noctuque

261 5081 409 5139 versantes,
422 5087 515 5127 curam
532 5063 653 5147 eorporis
670 5065 722 5125 sibi
737 5066 900 5149 suscipiunt,
917 5069 978 5128 ani-

1028 2229 1058 2285 οὐ
1072 2226 1261 2297 σπουδάζουσι,
1283 2224 1369 2284 καίτοι
1390 2228 1479 2304 σαφῶς
1494 2221 1685 2300 ἐπιστάμενοι,
1706 2221 1749 2280 δτι
1769 2222 1802 2282 et

1030 2315 1077 2395 μὲν
1094 2321 1173 2396 σῶμα
1191 2315 1284 2389 θνητόν
1300 2320 1357 2376 ἐστι
1370 2315 1415 2376 καί
1436 2314 1572 2395 ἐπίκηρον,
1586 2312 1632 2372 καί
1646 2322 1701 2381 τοῖς
1724 2314 1800 2395 ἐαρι-

1029 2416 1082 2476 νοῖς
1092 2409 1245 2491 προσέοικεν
1264 2407 1381 2467 ἄνθεσιν·
1399 2405 1497 2485 δμοίως
1510 2405 1562 2486 γὰρ
1581 2404 1689 2473 ἐκείνοις
1702 2405 1802 2485 μαραί-

1029 2525 1102 2560 νεται
1117 2499 1162 2560 καί
1178 2500 1331 2573 σδέννυται,
1345 2498 1392 2560 καί
1405 2504 1489 2579 φθορᾷ
1501 2497 1694 2579 παραδίδοται·
1708 2497 1756 2570 τὴν
1771 2496 1800 2556 δέ

1028 2590 1116 2673 ψυχὴν
1143 2592 1229 2651 ίσασιν
1253 2590 1384 2672 ἀθανασίᾳ
1406 2589 1596 2668 τετιμημένην,
1617 2587 1663 2648 καί
1682 2591 1743 2648 κατ’
1763 2591 1801 2648 εί-

1029 2684 1093 2743 κόνα
1107 2682 1178 2743 θείαν
1190 2682 1377 2762 γεγενημένην,
1401 2681 1447 2742 καί
1471 2685 1517 2739 τοῦ
1538 2678 1605 2748 ζῶον
1623 2680 1801 2760 πεπιστευμέ-

1029 2801 1075 2849 νην
1096 2775 1156 2844 τοὺς
1172 2775 1272 2843 οίακας.
1294 2775 1381 2853 Ὅπερ
1400 2773 1450 2854 γάρ
1475 2778 1544 2834 ἐστιν
1567 2774 1672 2854 ἡνίοχος
1686 2775 1801 2854 ἀρματι,

1029 2867 1075 2926 καί
1089 2866 1250 2946 κυύερνήτης
1266 2866 1366 2948 πλοίῳ,
1381 2865 1427 2926 καί
1442 2866 1566 2944 μουσικὸς
1585 2865 1706 2946 ὀργάνῳ,
1723 2871 1802 2926 τοῦτο

1030 2950 1097 3019 εἶναι
1118 2963 1156 3040 τῷ
1178 2957 1261 3040 γηίνῳ
1280 2958 1363 3038 τούτῳ
1383 2957 1470 3017 σκεύει
1487 2956 1535 3029 τλν
1549 2957 1637 3039 ψυχὴν
1652 2962 1666 3016 δ
1679 2957 1802 3029 πλάστης

1030 3049 1226 3129 ἐνομοθέτησεν.
1238 3048 1312 3124 Αύτη
1326 3050 1377 3130 γδρ
1389 3049 1498 3130 κατέχει
1513 3049 1561 3117 τδς
1573 3049 1663 3124 ἡνίας,
1675 3048 1720 3109 καί
1734 3059 1802 3109 κινεῖ

1029 3141 1063 3201 τά
1078 3141 1210 3215 πηδάλια,
1222 3142 1268 3201 καί
1278 3140 1325 3209 τδς
1338 3141 1436 3222 χορδάς
1449 3140 1638 3223 ἀνακρούεται,
1652 3141 1698 3201 καί
1712 3131 1741 3200 εδ
1753 3139 1800 3219 μὲν

1029 3241 1106 3295 τοῦτο
1125 3234 1295 3315 πράττουσα,
1315 3232 1346 3293 τδ
1367 3233 1546 3314 παναρμόνιον
1559 3239 1607 3305 τῆς
1621 3238 1717 3314 ἀρετῆς
1737 3238 1801 3294 ἀνα-

1029 3328 1151 3407 κρούεται
1165 3326 1255 3405 μίλος·
1277 3325 1339 3387 δταν
1351 3325 1379 3386 δέ
1391 3325 1408 3398 ἢ
1422 3326 1528 3406 χαλάσῃ
1544 3324 1605 3392 τούς
1624 3328 1768 3406 φθόγγους,
1781 3325 1800 3398 ἢ
1839 3322 1843 3329 ’

253 3413 353 3493 jiciunt
364 3412 443 3470 multi
454 3410 645 3485 mor·teles,nec
656 3409 767 3498 minima
779 3409 889 3488 quidem
900 3411 976 3469 illam
991 3439 1012 3483 Α
1030 3419 1145 3497 διατείνῃ
1162 3418 1231 3500 πέρα
1255 3423 1301 3477 τοῦ
1322 3417 1439 3491 δέοντος,
1463 3417 1509 3476 καὶ
1532 3422 1566 3497 τῇ
1589 3417 1670 3498 τέχνῃ
1697 3417 1743 3477 καὶ
1765 3422 1801 3498 τῇ

1029 3509 1141 3591 ἁρμονία
1165 3510 1330 3589 λυμαίνεται.
1356 3508 1466 3581 Ταύτης
1492 3509 1578 3569 τοίνυν
1606 3513 1748 3588 ἀμελοῦσιν
1776 3513 1802 3570 οἱ

1029 3602 1122 3663 πολλοί
1145 3608 1198 3662 τῶν
1222 3601 1377 3683 ἀνθρώπων,
1401 3602 1447 3661 καί
1473 3601 1532 3662 οθδί
1560 3602 1688 3684 βραχείας
1702 3669 1704 3673 ,
1717 3602 1804 3676 αὐτὴν

1030 3695 1181 3775 ἐπιμελείας
1200 3693 1325 3767 ἀξιοῦσιν,
1344 3697 1402 3754 ἀλλ’
1426 3694 1532 3755 ἅπαντα
1553 3699 1601 3766 τῆς
1621 3697 1690 3768 ζωῆς
1714 3698 1802 3755 αύιῶν

1028 3789 1073 3849 τδν
1085 3788 1179 3869 χρόνον
1191 3789 1226 3855 είς
1240 3787 1287 3852 ede
1304 3785 1458 3866 σωματικδς
1471 3785 1641 3846 ἀναλίσκουσι
1654 3787 1802 3868 φροντίδας.

1029 3882 1083 3943 Καὶ
1100 3884 1124 3940 οἱ
1139 3880 1186 3960 μίν
1207 3880 1251 3940 τὸν
1269 3883 1321 3939 τῶν
1340 3879 1470 3939 ναυτίλων
1484 3880 1646 3948 ἀσπάζονται
1669 3879 1735 3960 βίον,
1755 3881 1802 3942 καί

1029 3974 1131 4053 κύμασι
1144 3973 1190 4033 καί
1203 3972 1336 4052 πνεύμασι
1360 3971 1509 4052 μάχονται,
1527 3970 1576 4043 τὴν
1595 3971 1664 4044 ζωὴν
1688 3970 1734 4032 καί
1755 3973 1802 4033 τδν

1030 4067 1140 4128 θάνατον
1160 4068 1218 4144 μεθ’
1231 4069 1331 4125 ἑαυτῶν
1347 4063 1547 4148 περιφέροντες,
1565 4064 1611 4123 καί
1625 4063 1673 4132 τὰς
1683 4069 1732 4138 τῆς
1746 4089 1802 4125 σω·

1030 4158 1123 4241 τηρίας
1142 4158 1249 4227 ἐλπίδας
1267 4161 1293 4218 ἐν
1314 4158 1414 4238 ὀλίγαις
1432 4158 1520 4217 σανίσι
1539 4157 1713 4238 κατέχοντες·
1734 4158 1802 4221 οίδδ

1029 4253 1074 4312 τὸν
1086 4254 1134 4322 τῆς
1147 4250 1291 4332 γεωπονίας
1302 4249 1476 4330 ἀναδέχονται
1490 4250 1603 4330 ίδρῶτα,
1622 4253 1681 4329 βοῦς
1701 4256 1803 4332 ἀροτῆ-

1032 4381 1078 4440 ρας
1100 4353 1265 4434 ζευγνύντες,
1289 4352 1335 4411 καί
1348 4351 1397 4425 τὴν
1413 4354 1463 4432 γῆν
1486 4353 1672 4432 ἀρυτριῶντες,
1692 4353 1738 4412 καί
1756 4360 1801 4416 νῦν

1031 4458 1079 4538 μὲν
1093 4455 1244 4537 σπείροντες
1257 4449 1303 4516 καί
1316 4451 1474 4536 θερίζοντες,
1492 4454 1537 4509 ν’ύν
1551 4448 1579 4508 δέ
1591 4450 1742 4531 φυτεύοντες
1755 4457 1802 4517 καί

1030 4561 1190 4642 τρυγῶντες,
1204 4555 1250 4615 καί
1266 4554 1335 4622 ἅπας
1348 4556 1435 4621 αὐτοῖς
1445 4558 1459 4613 δ
1469 4551 1560 4634 χρόνος
1576 4551 1644 4631 μετὰ
1654 4558 1702 4626 τῆς
1713 4558 1802 4619 τοιαύ-

972 4701 978 4713 .
1030 4685 1079 4734 της
1099 4656 1181 4718 ὁδεύει
1196 4654 1391 4734 ταλαιπωρίας·
1408 4657 1432 4713 οἱ
1448 4653 1475 4712 δέ
1495 4651 1543 4719 τάς
1564 4655 1694 4736 ἐμπορίας
1707 4658 1803 4740 ιρπγρ,

994 4784 1012 4830 tt
1030 4784 1137 4844 χονται,
1152 4756 1197 4817 καλ
1210 4756 1277 4838 θπέφ
1290 4753 1388 4814 τούτων
1408 4751 1455 4821 ede
1471 4756 1498 4813 ἐν
1517 4758 1552 4834 γῇ
1571 4778 1600 4813 τε
1618 4756 1664 4816 καί
1685 4758 1803 4840 θαλάττῃ

1031 4867 1167 4925 ποιοῦνται
1183 4856 1345 4936 ἀποδημίας,
1360 4856 1405 4915 καί
1418 4858 1465 4926 τῆς
1476 4855 1574 4923 οἰκείας
1587 4856 1634 4928 τὴν
1648 4860 1802 4936 άλλοδαπλν

1031 4963 1194 5048 προτιμῶσι,
1209 4958 1255 5018 καί
1267 4956 1398 5036 πατρίδα,
1412 4955 1458 5014 καί
1471 4954 1561 5034 γένος,
1575 4957 1621 5016 καὶ
1638 4957 1744 5036 φίλους,
1757 4963 1804 5023 καί

1031 5062 1172 5143 δμοζύγους
1195 5058 1262 5136 μετὰ
1294 5057 1395 5116 παίδων
1421 5056 1681 5133 καταλιμπάνοντες,
1706 5061 1803 5142 δλίγιυν

295 5250 307 5287 b
325 5248 419 5299 Omnes
429 5245 487 5297 δίει.
496 5257 540 5313 τῷν
549 5251 672 5313 εἰρημένων
681 5254 721 5307 τὴν
730 5251 845 5308 ἀλήθειαν.
855 5246 911 5297 Duo
922 5256 1019 5313 postre-
1077 5255 1087 5278 ·
1106 5239 1163 5288 δίεν.
1176 5246 1337 5305 μετέρχονται.
1351 5235 1421 5286 Unus
1440 5233 1485 5283 Ms-
1497 5249 1556 5283 m⁰¹
1576 5239 1613 5284 κττὶ
1630 5244 1669 5290 τῆς
1680 5237 1804 5298 ’ἡμεδαπῆς

262 5345 303 5379 ma
316 5325 392 5380 rerba
403 5324 495 5377 άεευιιε
506 5323 531 5374 ἰιι
543 5319 629 5402 ilorci.

1046 5332 1086 5381 τὴν
1098 5321 1238 5377 άλλοῖαπην.
