3810 6000
150 409 220 506 768
481 429 510 475 s.
538 428 678 478 soranis
705 419 886 477 cnnrsos'r.
915 427 1071 479 rucuma.
1099 419 1377 478 consuunmnnr.'

147 576 276 632 amorem,
296 546 428 629 studium,
440 551 625 634 prudentiam,
637 540 802 631 comitatem,
816 552 867 612 ho'·
917 555 985 630 νίαν,
1006 554 1042 616 τὰ
1064 554 1134 616 ἀλλα
1156 555 1245 615 πόντσ
1268 551 1447 626 συντιθίντις,
1470 551 1519 611 mi
1539 550 1587 623 τίμ
1607 553 1680 612 eluda

147 647 331 729 spitalitatem,
349 644 404 704 alia
423 642 539 722 denique
561 644 652 704 omnia
671 644 699 703 in
719 663 804 705 unum
822 665 867 705 co-
919 647 1123 716 διαπλόττοντες
1132 650 1180 720 τῆς
1192 649 1242 718 σῆς
1254 647 1362 727 ἀρετῆς.
1386 635 1679 722 Ἐπείοῦνοθτυςὴμᾶς

148 752 251 819 gentes,
277 752 385 815 tuaeque
405 735 514 797 virtutis
535 734 680 815 imaginem
701 734 867 815 effingentes.
919 729 987 808 εἷλες
999 740 1045 799 καὶ
1059 738 1204 822 ίχιιρόισω,
1225 744 1260 807 ὡς
1279 738 1326 798 καὶ
1342 742 1395 809 τῆς
1407 735 1561 820 παρωσίας
1575 738 1678 816 συνορό

149 831 285 905 Quoniam
313 828 397 908 igitur
426 848 474 887 nos
500 827 537 886 ita
567 826 735 904 demeruisti,
760 848 793 896 ac
817 827 868 887 tibi
920 834 970 914 δρα
991 835 1137 911 ἐπιθυμιῖν,
1155 832 1232 892 τοῦτο
1254 829 1284 890 δὲ
1304 833 1354 890 οὐκ
1375 828 1417 889 ίνι
1434 827 1563 908 γενέσθαι
1580 828 1679 899 saurir

152 920 313 999 conciliasti,
327 934 358 979 ut
370 919 450 979 etiam
462 918 632 1000 praesentiam
647 933 722 979 tuam
735 918 870 998 imprimis
919 924 974 985 ἀπὸ
990 930 1043 986 τῶν
1061 925 1229 1006 γραμμάτων
1240 923 1345 1005 πάρεχε
1361 920 1543 1004 παραμυθίαν
1556 925 1624 998 ἡμῖν.
1639 924 1678 980 aa

148 1027 318 1096 appetamus,
332 1012 362 1072 id
375 1025 465 1071 antem
477 1032 548 1072 nnnc
561 1011 673 1071 minime
683 1011 758 1087 lieet,
771 1030 866 1071 conso·
919 1016 987 1096 νίς-ρ
1007 1016 1060 1098 γὰρ
1079 1021 1113 1096 τῇ
1132 1016 1276 1090 τωκνόιητι
1297 1018 1352 1074 τῶν
1372 1016 1528 1074 ίπισπολάίν
1546 1013 1679 1093 σοφίσασθαι

148 1104 275 1163 lationem
292 1124 362 1181 eum,
378 1124 439 1182 quae
459 1124 494 1162 ex
509 1101 594 1162 literis
615 1100 771 1183 percipitur,
785 1101 868 1162 velim
918 1107 1012 1186 ςὴογίκ
1024 1111 1073 1181 τῆς
1091 1107 1236 1192 παροιμίας
1252 1106 1350 1180 ἡδονὴν
1369 1105 1494 1186 τοσαύτῃ
1504 1104 1679 1183 ναοσμςρίιος

149 1196 227 1255 nobis
248 1196 375 1276 praebeas.
396 1195 467 1253 Nam
489 1214 552 1253 curn
565 1207 642 1253 tanta
660 1190 805 1275 prudentia
820 1193 868 1272 sis,
920 1200 1032 1262 συνέσει,

148 1310 197 1369 per
209 1290 359 1367 frequentes
371 1286 463 1347 literas
477 1285 508 1345 id
519 1285 624 1365 assequi
637 1286 739 1368 poteris
748 1298 778 1344 ut
788 1286 866 1347 voln-

148 1394 250 1462 ptatem
261 1400 331 1458 eam,
345 1401 427 1459 qnam
437 1377 578 1460 presentia
590 1392 636 1437 tua
645 1399 736 1438 mcum
746 1378 871 1455 accersit,

149 1473 227 1531 nobis
240 1472 362 1552 effingas.

343 1676 509 1732 LXXXIV.
525 1676 679 1733 Faustino.
883 1698 903 1746 ε
1202 1672 1253 1734 πό.
1269 1673 1430 1755 Φαυστίνῳ.

15 1866 84 1943 mg„
100 1912 141 1942 m·
189 1861 326 1920 Cucusum
340 1859 488 1923 incolumes
502 1858 627 1921 venimus
640 1859 723 1934 (linc
735 1858 866 1919 enimor-
960 1857 1119 1938 Ἀρυιόμεθα
1139 1860 1176 1926 είς
1196 1856 1244 1930 τὴν
1263 1857 1443 1918 οίίουιιουσδν
1465 1856 1622 1936 ὑγιαίνοντες
1637 1858 1678 1927 [ir

2 1954 88 2021 σίυί·
147 1953 265 2031 dicmur,
280 1951 353 2012 unde
369 1951 418 2011 nos
436 1949 544 2010 initium
560 1950 698 2011 scribendi
718 1950 805 2010 facere
820 1970 867 2009 cu·
919 1956 1007 2011 τεῦθεν
1019 1949 1071 2032 γὰρ
1084 1948 1309 2033 προοιμιόσομαι,
1329 1949 1389 2011 ὅθεν
1409 1949 1460 2010 καὶ
1474 1950 1554 2017 αὐτὸς
1567 1953 1679 2027 tempu

147 2045 219 2127 pis),
240 2067 271 2105 ac
288 2045 381 2105 locum
398 2042 564 2103 tumultibus
577 2064 696 2103 vacuum
709 2042 867 2125 reperimus,
920 2042 1070 2124 ἀρχομένης
1092 2045 1204 2102 ἀκοῦσαι
1222 2047 1271 2115 τῆς
1289 2043 1460 2113 ἐπιστολῆς),
1484 2041 1532 2102 καί
1552 2041 1678 2122 εὖριίιιαμιν

147 2137 302 2218 quiea'sque
322 2150 403 2217 atque
420 2135 472 2196 otri
487 2135 686 2216 plenissimum,
705 2156 755 2194 nec
773 2155 866 2213 quem·
918 2134 1016 2216 χωρίον
1037 2133 1152 2214 θορόόων
1170 2136 1294 2218 καθαρὸν,
1315 2135 1363 2196 καί
1376 2135 1486 2208 πολλῆς
1499 2133 1549 2208 μὲν
1564 2137 1680 2213 depopu-

147 2252 230 2310 quam
243 2229 387 2289 habentem
407 2228 455 2307 qui
475 2226 553 2287 nobis
562 2225 712 2287 molestiam
731 2226 1013 2308 exhibeatmedsnr‚
1038 2228 1139 2300 πολλῆς
1165 2225 1193 2286 δδ
1219 2226 1300 2306 γίμσν
1329 2225 1472 2306 ἡσυχίας,
1488 2225 1536 2286 καί
1551 2225 1637 2287 οδδίνα
1648 2224 1680 2283 ι’νι

147 2336 228 2402 atquc
245 2321 359 2381 infestus
379 2320 423 2380 sit.
440 2317 517 2395 Quid
531 2333 621 2379 autem
641 2318 753 2390 minim,
772 2318 795 2378 si
815 2317 868 2378 hoc
883 2323 904 2371 Α
919 2322 1077 2402 ίνοχλοῦντα
1089 2321 1148 2380 etat
1160 2317 1343 2379 ἀπιλαόνοντοι
1353 2319 1428 2400 ίχον.
1446 2319 1503 2379 Καὶ
1511 2321 1540 2379 τί
1552 2317 1680 2396 θαυματὰ

147 2415 225 2474 nobis
246 2413 275 2474 in
296 2414 362 2474 urbe
377 2413 526 2493 contingat,
541 2433 605 2472 cum
623 2411 705 2471 etiam
720 2409 867 2471 desertissi-
919 2416 943 2473 εί
956 2416 983 2472 ἐν
996 2416 1029 2492 τῇ
1041 2411 1212 2484 πόλιιτοθτο,
1224 2411 1321 2490 όπουγε
1333 2410 1382 2483 τὴν
1397 2411 1576 2492 ἐρημοτάτην
1586 2407 1680 2470 salvet

146 2528 222 2567 mum
239 2526 270 2566 ac
290 2505 470 2587 periculosum
492 2517 519 2564 ct
536 2517 690 2585 suspectum
711 2502 773 2580 iter,
794 2503 869 2582 qnod
920 2507 1054 2586 ἐπισφαλῆ
1067 2504 1113 2565 καί
1124 2503 1251 2577 ὕποπτον,
1261 2503 1311 2575 τὴν
1323 2505 1427 2563 ἐκεῖθεν
1440 2506 1559 2563 ἐνταῦθα
1572 2503 1678 2584 φέροισα

147 2598 226 2659 illinc
244 2598 299 2657 lruc
312 2596 398 2674 ducit,
419 2597 477 2656 sine
490 2611 565 2655 mctu
577 2617 610 2655 ac
622 2595 731 2675 negotio
743 2596 866 2676 exegeri-
920 2599 1003 2667 ἀδεῶς
1010 2597 1056 2657 καί
1068 2597 1244 2678 ἀπραγμόνως
1253 2597 1409 2676 διήλθομεν,
1421 2595 1547 2664 πλείονος
1559 2592 1677 2656 'inlui-

147 2711 218 2767 mus,
230 2688 483 2768 tutioraqueomnia
494 2686 679 2763 habuerimus,
690 2687 810 2767 quamin
821 2709 868 2747 ur-
920 2714 1013 2757 σαντες
1033 2691 1178 2770 ἀσφαλείας
1199 2687 1217 2760 ἢ
1237 2691 1337 2756 ἐντοῖς
1350 2689 1565 2768 εὐνομουμέναις
1582 2692 1629 2747 τόν
1639 2685 1677 2745 τό·

147 2779 229 2840 bibus
239 2802 300 2859 quae
310 2779 391 2839 bonis
399 2779 506 2859 legibus
517 2779 722 2858 gnbemantur?
734 2779 803 2839 Laeti
812 2778 866 2861 igi·
919 2784 1002 2854 λεων;
1017 2782 1125 2843 Τούτων
1140 2781 1226 2842 τοίνυν
1240 2787 1305 2859 ἡμῖν
1318 2784 1372 2840 τῶν
1387 2782 1557 2862 εὐαγγελίων
1572 2781 1634 2840 δίδοι
1644 2779 1676 2836 τὸν

148 2885 192 2930 tur
205 2872 287 2952 hujus
297 2871 387 2932 nuntii
400 2869 549 2930 mercedem
558 2870 638 2931 nobis
648 2870 717 2931 hanc
730 2870 826 2953 pende,
836 2886 868 2933 ut
921 2875 1013 2954 μισθὸν
1027 2879 1142 2957 συνεχῶς
1156 2880 1221 2953 ἡμῖν
1235 2872 1402 2935 ίπιστόλλων
1416 2875 1481 2956 περί
1496 2878 1546 2946 τῆς
1556 2873 1635 2953 ὑγείας
1641 2876 1676 2943 τῆς

147 2964 182 3024 (ίε
195 2980 241 3025 tna
255 2962 411 3026 valetudine
422 2986 505 3043 quam
519 2963 679 3023 creberrime
692 2962 727 3023 ad
741 2965 869 3024 nosocri·
920 2973 978 3042 οῆς.
1003 2966 1058 3029 Καί
1076 2966 1128 3048 γδρ
1150 2969 1178 3026 ίν
1199 2966 1300 3048 ἡσυχίᾳ
1322 2969 1413 3047 πολλῇ
1433 2966 1571 3048 διάγοντες
1588 2970 1676 3028 ἐνταῦθα

147 3058 205 3116 bas.
213 3056 354 3135 Siquidem
364 3056 391 3115 in
399 3053 867 3134 magnaqnietehicdegentes,animi
920 3063 1046 3133 διηνεκῶς
1064 3058 1266 3138 ἀναπλόοτομίν
1280 3081 1327 3119 σου
1342 3064 1393 3130 τῆς
1411 3060 1534 3127 διανοίας
1546 3061 1576 3121 τὸ
1588 3057 1674 3139 εὐγενὲς,

148 3149 188 3207 tui
221 3147 409 3220 nobilitatem,
440 3146 651 3226 ingenuitatem,
679 3147 867 3228 improborum
920 3151 971 3213 ”cl
987 3150 1140 3234 ίλευθίριον,
1159 3151 1190 3211 τὸ
1204 3149 1395 3231 μισοπόνηρον,
1409 3150 1674 3233 τδπεπαρρησιοαμί·

148 3240 255 3318 odium,
270 3237 396 3318 loquendi
407 3238 570 3315 libertatem,
583 3237 739 3297 universum
750 3237 868 3317 denique
920 3267 973 3318 νον,
989 3245 1094 3305 ἅπαντα
1106 3246 1158 3303 τῶν
1174 3245 1273 3326 ἀρετῶν
1286 3265 1333 3303 σου
1343 3243 1390 3302 τὸν
1404 3246 1540 3322 λειμῶνα,
1554 3247 1597 3304 ναὶ
1607 3246 1674 3320 exp

48 3360 52 3366 ’
148 3333 281 3392 virtutum
295 3347 402 3391 tuarum
412 3344 520 3411 pratum
534 3328 591 3389 sinc
601 3329 657 3389 ulla
671 3329 867 3391 intermissione
884 3352 902 3400 a
920 3341 1011 3417 φῶμεν
1026 3341 1059 3416 τῇ
1075 3335 1184 3415 μνήμῃ,
1198 3335 1315 3416 ὅπουπερ
1329 3333 1360 3392 ἀν
1377 3336 1507 3415 ἀπίωμεν
1519 3341 1643 3414 πανταχοῖ
1653 3354 1673 3390 τι

147 3424 310 3505 cogitatione
332 3422 409 3483 nobis
432 3421 596 3501 effingimus,
621 3421 717 3501 tuique
737 3422 866 3483 memoria
919 3429 1118 3510 περιφέροντες,
1146 3428 1190 3488 κοί
1215 3431 1271 3507 μεθ’
1293 3427 1447 3508 ίιπερόολῆς
1469 3429 1673 3508 euzomon?

147 3518 324 3591 delectamur,
336 3535 533 3595 quemcumque
543 3514 571 3574 ln
581 3513 671 3574 locum
679 3513 866 3592 abscedamus,
919 3520 1019 3602 φίλτρῳ
1034 3525 1072 3603 τῷ
1087 3521 1148 3602 περὶ
1162 3521 1201 3580 σε’.
1215 3521 1263 3580 Διὸ
1276 3519 1321 3578 καί
1331 3524 1518 3598 ἐπιθυμοῦμεν
1530 3516 1673 3582 καὶέντοῦθί

146 3625 172 3669 te
187 3611 403 3670 circumferentes
418 3622 500 3687 atque
517 3606 671 3667 incredibili
691 3607 809 3686 quodam
825 3607 865 3666 tui
920 3635 950 3672 σε
964 3613 1176 3694 παραγενόμενον
1188 3614 1261 3673 ίδεῐν.
1280 3611 1358 3672 Ἐπεὶ
1373 3613 1402 3673 δὲ
1419 3622 1501 3674 τοῦτο
1514 3615 1627 3692 appete,
1640 3609 1671 3668 iti

146 3725 237 3762 amore
250 3704 402 3783 flagrantes.
409 3700 504 3779 anue
519 3699 554 3760 dc
567 3721 646 3760 causa
658 3715 685 3759 tc
697 3701 865 3779 quoquehuc
919 3705 963 3765 τόν
977 3705 1095 3788 δεύτερον
1110 3706 1241 3789 ἐρχόμεθα
1255 3706 1348 3778 πλοῦν,
1364 3705 1412 3764 ιιολ
1423 3707 1474 3779 τὴν
1487 3706 1533 3766 διὰ
1545 3710 1593 3764 τῶν
1604 3726 1667 3784 γραμ·

147 3795 248 3870 venire,
264 3816 294 3853 ac
311 3815 418 3853 cernere
435 3793 570 3873 cupimus.
585 3792 722 3866 Quoniam
736 3792 867 3853 autemid
920 3797 1011 3875 μάτων
1031 3801 1154 3876 αἰτοῦμεν
1169 3797 1346 3877 παράκλησιν.
1370 3799 1427 3858 Καὶ
1443 3799 1496 3878 γὰρ
1517 3798 1667 3880 μεγίσιηπο
1716 3818 1718 3823 ’

146 3884 260 3944 difficile
273 3898 323 3962 cst,
343 3883 379 3943 ad
392 3884 539 3944 secundnm
556 3884 736 3964 navigationis
758 3907 866 3950 cursum
922 3889 1027 3972 ροψυχί,
1048 3895 1113 3968 ἡμῖν
1137 3889 1212 3950 ἔσται
1234 3888 1265 3948 τὸ
1280 3893 1399 3968 συνεχῶς
1420 3890 1546 3960 δέξασθαι
1558 3883 1666 3950 {moedis

147 3977 282 4054 venimus,
301 3998 422 4061 eamque,
440 3997 522 4055 quam
538 3974 622 4034 literae
634 3977 752 4057 pariunt,
768 4000 865 4040 conso·
921 3981 1153 4062 εὐαγγελιζομένας
1165 3986 1228 4059 ἡμῖν
1243 3980 1362 4060 περὶτῆς
1376 3983 1530 4062 ὑγείαςτῆς
1543 3987 1596 4055 σῆς.

146 4069 274 4129 lationem
290 4069 338 4129 abs
356 4083 382 4128 te
396 4069 574 4149 postulamus.
591 4068 746 4129 Maximum
765 4072 867 4154 qnippe

148 4159 274 4223 solatium
294 4160 371 4220 nobis
393 4161 456 4238 erit,
479 4161 629 4239 frequentes
650 4160 775 4241 epistolas
798 4164 868 4222 acci-

148 4274 223 4335 pere,
248 4275 308 4332 qnae
328 4274 377 4315 nos
393 4251 428 4312 dc
445 4265 491 4312 tua
511 4250 664 4311 valetudine
682 4253 808 4314 certiores
825 4255 867 4315 l'a·

147 4347 232 4406 ciant.

300 4495 452 4554 LXXXV.
467 4499 558 4556 Lucio
573 4501 713 4577 episcopo.
955 4512 962 4531 ‘
1141 4495 1198 4556 σε’.
1218 4497 1323 4579 Λουκίῳ
1338 4499 1489 4580 ἕπισκόπῳ.

21 4717 39 4756 ,3
68 4729 136 4758 aare
189 4663 248 4721 Etsi
262 4684 360 4743 magno
370 4664 473 4724 itineris
483 4665 903 4747 intervalloatesejunctisu-(3
962 4670 995 4727 Εί
1015 4668 1060 4727 καί
1074 4670 1165 4750 πολλῷ
1181 4673 1218 4748 τῷ
1234 4667 1309 4750 μέσῳ
1322 4674 1369 4741 τῆς
1383 4672 1445 4730 ὑδοῦ
1459 4665 1649 4758 διεοτήιιμενιίμ
1708 4681 1713 4715 :

2 4792 7 4816 t
83 4808 88 4818 .
148 4776 218 4831 mus,
232 4768 321 4814 tamen
337 4754 407 4814 illud
422 4756 606 4836 improborum
621 4757 728 4837 odium,
741 4780 795 4837 quo
808 4759 866 4819 ani·
921 4760 1058 4830 εὐλαόείας
1078 4764 1125 4833 τῆς
1142 4764 1206 4834 σῆς,
1229 4763 1287 4820 ἀλλ’
1312 4763 1386 4840 ὅμως
1405 4767 1453 4823 οὐχ
1471 4762 1648 4836 [tanagrum

177 4930 188 4953 0
206 4926 328 4968 κοεκουσοι
346 4912 406 4982 legit
423 4915 559 4965 Vaticanus
576 4932 682 4981 semper,
701 4917 855 4983 Concanum,
866 4917 905 4969 vel
931 4919 985 4970 Vox
1002 4928 1131 4990 ἀρχομένης
1145 4936 1265 4986 aqueus,
1278 4937 1334 4987 qnae
1351 4920 1385 4972 ab
1398 4923 1536 4989 Interprete
1550 4910 1645 4972 tentat.
1706 4906 1717 4920 “

145 4993 291 5060 Coccuson5
304 4996 330 5044 iu
347 4994 481 5044 ltinerario
492 4994 613 5044 Antonini
632 4996 683 5062 ejus
694 5008 732 5046 est
747 5000 842 5048 mentio
853 4997 904 5048 src-
930 4996 1017 5049 deerat
1027 5000 1052 5048 in
1065 4997 1157 5051 Editis.

145 5087 224 5136 quens
235 5084 260 5121 et
272 5089 369 5138 semper
378 5073 493 5123 Cocuson
503 5072 601 5139 legitur.
613 5075 675 5124 Vide
684 5093 739 5140 (μισ
748 5073 780 5125 de
792 5075 833 5126 illa
845 5077 905 5129 urire
963 5093 972 5117 ¹
991 5076 1094 5130 coislin.
1109 5083 1267 5138 ἀπολαόοντις.

144 5146 214 5198 (licat
226 5148 344 5200 Nicolaus
354 5152 451 5215 Bergier
465 5151 517 5200 Des
528 5152 624 5220 gramis
638 5151 757 5204 Cleemim
772 5154 804 5203 de
823 5149 906 5204 l'lt'm-
964 5158 976 5196 b
994 5155 1098 5210 Coislin.
1112 5166 1138 5211 τί
1150 5163 1282 5226 ἐλευθέριον,
1297 5167 1324 5213 τὸ
1335 5164 1430 5228 frictio,
1440 5168 1468 5223 ,τδ
1478 5181 1551 5226 μιιοπ.

142 5231 196 5292 pire
205 5245 230 5295 p.
242 5229 298 5279 528.
308 5229 339 5278 ln
352 5226 405 5280 aliis
415 5227 551 5282 Codicibus
561 5241 636 5298 atquc
645 5230 670 5284 in
680 5229 762 5284 aditis
774 5246 902 5293 Κοιινουιος.
