3810 6000
133 331 202 404 802
304 355 307 364 ·
470 348 500 396 s.
527 347 669 397 sonuurs
693 347 876 398 cunrsosr.
903 347 1063 399 ancnrnr.
1090 346 1365 397 eousrnnrruor.

133 497 190 555 eos,
199 471 409 556 quihuslnluria
417 471 602 577 fiehagetiam
610 471 858 552 antequamadtri·
907 475 946 543 rt<
957 471 1016 548 τὴν
1018 469 1113 534 τούτω
1128 470 1268 585 διόμθινστυ
1281 475 1364 545 {telle
1378 469 1525 553 φιλοσόφου
1535 492 1582 532 σου
1592 475 1662 554 ψυχῆς

132 567 219 629 huual
229 564 378 638 accederes
391 564 466 625 omni
479 564 624 625 vexanone
634 564 855 624 hberasseoonfi
902 563 1048 646 ὑπόληψις.
1067 562 1121 625 Διὰ
1143 569 1229 624 ταῦτα
1250 561 1339 623 καίτοι
1354 565 1384 624 ἂν
1407 563 1509 645 ἐρημίᾳ
1528 562 1662 642 atalpero

134 659 181 736 do,
197 671 277 738 atque
289 656 325 717 ad
339 656 398 716 hac
410 654 575 738 perterada
591 655 656 716 satis
669 670 750 716 estea
763 655 855 738 opinio
908 656 1078 724 κσὶπολλαῖς
1090 652 1265 735 συνιχόμινσς
1277 653 1478 738 responderet,
1499 656 1662 735 κυλλῆςγίμυ

133 771 218 856 quam
230 747 353 809 homines
368 746 403 807 de
417 759 462 806 tua
479 746 611 828 sapientia
627 746 773 807 habebant.
793 746 855 808 ldoo
908 751 955 820 τῆς
969 745 1138 829 εὐφροσύνης,
1150 743 1284 828 ἡμετέραν
1306 745 1408 820 ἡδονὴν
1416 745 1515 820 τῆν’
1479 769 1534 806 των
1544 746 1661 824 (Rumpi

133 843 183 903 etsi
197 841 227 900 in
246 838 394 900 solitudine
405 837 514 918 degens,
528 859 560 899 ae
573 838 667 899 multis
677 838 856 900 incommodis
908 864 960 902 νων
976 838 1133 922 συμμαχίαν
1143 837 1300 920 morigeros

133 932 280 1008 allectus,
271 930 373 1011 ingenti
387 945 476 990 tamen
493 929 587 991 laetitia
602 931 797 1015 perfundor,
770 931 855 992 mmi-

133 1045 195 1084 rum
214 1045 249 1082 ex
260 1043 299 1100 ea,
317 1044 400 1103 quant
417 1021 451 1082 iis
471 1021 521 1102 qui
539 1023 678 1085 laeduntur
693 1024 773 1086 affers
791 1045 854 1107 ope,

133 1115 272 1198 propriam
284 1114 531 1197 mihivoluptatem
541 1115 654 1197 fingens.

648 1539 687 1599 IN
708 1537 922 1600 EPISTOLAM
943 1537 1179 1611 SEQUENTEM

469 1750 533 1824 un
557 1717 805 1827 sumtuum
830 1749 1094 1825 munorum
1120 1752 1353 1826 uxsuunn

701 1959 1137 2093 MONITUM.

180 2235 212 2294 ln
224 2234 307 2316 hujus
321 2231 634 2315 epistolae'sinoeritatem
645 2230 805 2310 quaestiones
816 2247 960 2293 moverunt
973 2232 1028 2294 duo
1042 2236 1123 2317 Angli
1138 2237 1166 2296 in
1179 2236 1308 2298 Editione
1317 2237 1470 2300 Sariliana.
1491 2241 1523 2300 ln
1538 2239 1602 2300 notis
1611 2240 1665 2300 etin

142 2349 169 2409 p.
185 2327 245 2388 856
260 2326 317 2386 haec
329 2326 411 2385 habet
423 2325 557 2401 Halesius,
571 2324 607 2383 ab
618 2322 735 2383 Henrieo
749 2323 854 2385 Savilio
863 2323 977 2386 allatus:
990 2352 1005 2384 σ
1020 2327 1084 2388 Hoec
1097 2327 1132 2388 ad
1146 2329 1294 2411 Cyriacum
1307 2331 1423 2412 epistola
1437 2353 1546 2414 semper
1558 2332 1666 2391 mirise—
1713 2328 1715 2337 '

142 2419 280 2479 hemeuter
296 2433 329 2479 ut
351 2416 523 2500 supposititia
544 2430 583 2477 est
602 2429 735 2496 suspecta.
750 2415 843 2475 Primo
862 2415 934 2476 enim
950 2419 1121 2499 epistolarem
1141 2419 1221 2481 illum
1237 2420 1435 2502 characterem,
1452 2425 1505 2503 qni
1525 2423 1668 2502 iurrliquis,

140 2510 248 2571 omnino
261 2531 315 2570 non
325 2510 415 2571 video.
427 2508 534 2570 Deinde
542 2509 706 2591 prooemium
721 2506 796 2567 idem
808 2509 864 2568 lere
876 2508 958 2569 habet
971 2530 1034 2571 cum
1046 2511 1160 2593 epistola
1172 2513 1260 2595 prima
1273 2511 1310 2574 ad
1324 2513 1536 2596 Olympiadem,
1546 2516 1672 2596 quinetiam

140 2604 257 2684 integras
270 2603 413 2664 sententias
426 2625 461 2664 cx
473 2603 536 2662 aliis
547 2601 733 2684 chrysostomi
746 2600 874 2682 operibus
883 2600 1034 2684 decerptas,
1050 2625 1111 2682 quae
1124 2604 1253 2665 ridentum
1266 2604 1435 2667 imitatorem
1448 2608 1572 2688 aliquem
1581 2628 1671 2690 sapere:

51 2760 57 2771 ,
141 2709 167 2756 et
178 2695 300 2775 alioquin
312 2710 391 2771 certe,
401 2695 454 2755 nisi
467 2695 516 2755 ubi
524 2694 734 2776 chrysostomus
748 2692 828 2775 plane
840 2692 1014 2774 compilatur,
1029 2695 1117 2776 stylus
1125 2696 1351 2778 Chrysostornum
1365 2719 1420 2759 non
1435 2701 1674 2776 refu-thinetian

8 2860 15 2871 ι
141 2785 267 2866 quaedam
282 2801 373 2848 sunta
387 2787 500 2850 Joanuis
518 2786 604 2846 nostri
623 2786 746 2847 moribus
766 2800 793 2846 et
816 2785 928 2866 ingenio
940 2786 1038 2846 aliena.
1049 2788 1120 2847 Nam
1134 2787 1208 2868 quod
1222 2789 1258 2859 ad
1277 2789 1409 2850 adulterii
1430 2792 1541 2853 crimen
1554 2789 1677 2874 respondet

143 2877 293 2939 ἀποδύσαντά
315 2901 366 2958 μου
380 2879 411 2939 τὸ
425 2881 505 2957 σῶμα
524 2892 574 2937 etc
597 2891 624 2938 et
640 2879 780 2959 popularis
790 2877 866 2939 vocis
887 2879 1106 2954 commemoratio
1129 2880 1268 2964 συνέφερεν
1286 2881 1330 2943 ἵνα
1352 2887 1368 2943 ὁ
1386 2883 1467 2957 ἥλιος
1482 2884 1627 2948 συνέστειλε
1640 2882 1678 2950 τὶν

143 2973 251 3037 ἀκτῖνας
264 2969 390 3042 nicom
405 2969 448 3029 ivo
462 2971 493 3030 rh
503 2969 590 3048 στόμα
603 2969 727 3030 Ἰωάννου
741 2970 876 3044 ἐσιώπησε
888 2994 895 3028 :
908 2971 1035 3051 quodque
1047 2971 1076 3032 iu
1087 2973 1229 3033 Arsacium
1244 2973 1336 3055 paulo,
1353 2996 1443 3053 quam
1452 2989 1565 3058 parest,
1576 2975 1678 3036 acerbius

143 3061 283 3122 invehitur
294 3086 301 3118 z
312 3062 381 3140 haec,
399 3063 522 3141 iuquam,
532 3061 643 3122 omnino
656 3082 709 3122 uon
724 3063 840 3144 placent.
854 3062 978 3123 Primum
992 3065 1064 3125 enirn
1074 3064 1175 3124 habent
1190 3065 1297 3149 aliqrrid
1310 3067 1339 3127 in
1352 3067 1541 3150 seturpieuli,
1551 3065 1679 3128 secundm

48 3207 52 3211 ,
141 3154 287 3236 jactantie,
302 3167 469 3234 postremum
481 3152 622 3213 stomachi.
633 3156 720 3232 Atque
735 3167 806 3213 certe
817 3153 919 3215 horum
930 3155 1059 3216 ultimum
1071 3156 1179 3217 dudum
1191 3178 1207 3217 a
1220 3157 1318 3218 Photio
1326 3157 1512 3221 observatum
1524 3154 1680 3232 muniniori

144 3261 170 3306 et
183 3245 316 3305 medelam
327 3258 439 3305 conatur
453 3244 593 3322 adhibere,
605 3244 653 3304 sed
667 3266 720 3305 non
733 3244 798 3305 satis
809 3244 907 3306 dextro
920 3247 1085 3330 AEsculapio.
1095 3250 1234 3310 Postremo
1246 3250 1319 3329 quod
1336 3250 1377 3311 ait
1392 3252 1449 3319 ἀπὸ
1461 3255 1518 3312 τῶν
1533 3253 1679 3320 nomm,

144 3360 278 3419 nusquam
291 3352 379 3398 nostor
392 3338 444 3399 hoc
462 3359 574 3398 numero
584 3337 716 3417 loquitur,
733 3337 782 3397 scd
799 3359 904 3420 semper
913 3339 942 3399 in
956 3341 1098 3420 singulari.
1112 3343 1200 3421 Atque
1213 3343 1275 3402 haec
1293 3342 1349 3403 fere
1363 3356 1430 3403 suut
1429 3365 1518 3423 ,qua
1531 3344 1561 3404 in
1572 3343 1620 3403 hac
1635 3339 1680 3423 epi·

145 3433 213 3493 stola
227 3431 401 3538 observavi
372 3446 554 3536 ,integrum
543 3427 579 3491 de
592 3452 621 3490 re
633 3444 688 3490 tota
697 3429 835 3511 judicium
849 3430 956 3491 erudito
966 3432 1125 3534 permittens
1134 3433 1259 3493 lectori.»

99 3640 136 3679 sss
147 3630 240 3679 caetera
251 3617 341 3678 omnia
353 3630 522 3696 argumenta
525 3571 640 3676 refellit.
634 3615 725 3675 hanc
735 3629 824 3675 antem
835 3629 927 3675 notam
935 3616 1042 3698 putavit
1053 3571 1246 3678 Tilleniontius
1259 3641 1315 3680 esse
1328 3619 1432 3679 Sarilii
1434 3622 1544 3703 ,cujus
1559 3634 1624 3681 oete
1633 3640 1679 3678 tua·

18 3697 23 3707 *
142 3713 189 3794 J'or
202 3725 270 3770 esset
279 3710 441 3770 auctoritas·
434 3755 442 3786 ,
435 3708 501 3769 ·sod
515 3723 554 3769 est
562 3708 675 3771 Joannis
689 3707 785 3784 Boisii,
796 3721 826 3767 ut
836 3708 961 3768 ibidem
953 3729 981 3768 rn
996 3730 1102 3770 summo
1113 3711 1235 3791 margine
1246 3711 1338 3773 rideas
1351 3712 1411 3771 .sic
1419 3727 1518 3773 autem
1528 3713 1652 3792 loquitur:

186 3829 201 3860 α
212 3802 257 3862 Ex
271 3803 398 3862 omnibus
412 3801 468 3861 illis
481 3801 646 3878 rationibus,
661 3822 721 3880 quae
731 3814 824 3860 contra
835 3800 954 3882 epistolae
968 3800 1047 3861 istius
1058 3803 1246 3863 auctoritatem
1259 3804 1424 3881 afferuntur,
1439 3805 1520 3866 nulla
1534 3804 1602 3866 mihi
1614 3801 1682 3882 magis

145 3895 242 3976 placet,
253 3916 334 3973 ιμιιιιιι
346 3916 405 3972 quae
416 3917 431 3953 a
441 3890 996 3975 stylidissimilitudineduciturflaecenim
1007 3909 1135 3955 notararo
1146 3895 1294 3969 lallitgcum
1300 3890 1682 3976 relidua,quaeaddnntnr,nna

147 3986 213 4046 adeo
226 3984 628 4058 sintinlallibiliscertitudinis‚
644 3998 674 4044 ut
686 3998 828 4066 propterea
837 3986 985 4046 necessario
996 3987 1031 4047 sit
1039 3989 1152 4069 epistola
1160 3989 1206 4047 illa
1215 3989 1682 4071 Chrysostomoahjudieanda.('otr·

147 4078 240 4138 mrrnia
253 4077 335 4136 habet
349 4077 434 4136 multa
447 4076 568 4157 epistolae
580 4075 662 4157 hujus
672 4077 816 4136 exordium
825 4098 888 4137 eum
902 4079 990 4159 prima
1000 4078 1036 4138 ad
1045 4079 1248 4162 Olympiadem.
1268 4081 1378 4140 Fateor.
1397 4080 1525 4153 Sednon
1538 4083 1599 4143 iden
1611 4079 1683 4142 stetin

147 4166 314 4251 negandum,
334 4191 390 4230 esse
408 4190 467 4229 enm
482 4167 678 4250 Chrysostorni.
697 4168 810 4241 Quoties
827 4168 900 4229 enim
918 4169 1010 4230 eadem
1025 4170 1234 4252 chrysostomus
1250 4172 1359 4252 repetit,
1379 4172 1468 4251 idque
1491 4174 1684 4258 &repetitura

147 4266 202 4323 t'ere
214 4277 273 4323 tum
286 4262 313 4322 in
328 4262 459 4343 epistolis,
472 4275 530 4320 tum
544 4261 572 4319 in
583 4260 723 4320 homiliis?
733 4261 801 4333 Quae
812 4261 893 4321 semel
906 4262 978 4323 cuim
989 4263 1134 4323 benedicta
1143 4277 1216 4337 sunt,
1229 4285 1259 4323 aa
1273 4264 1352 4324 aliter
1362 4264 1460 4326 dicere
1468 4267 1549 4343 aelle,
1561 4267 1610 4327 nisi
1620 4284 1683 4325 τιυιι

147 4357 260 4435 aliqua
250 4355 361 4436 Justior
369 4353 517 4436 impulerit
534 4373 587 4413 uon
606 4366 661 4412 tam
673 4352 768 4412 diserti
787 4367 827 4412 est
829 4375 936 4433 ,quarn
951 4355 1051 4415 curiosi
1064 4369 1090 4415 et
1105 4354 1212 4437 copiam
1226 4356 1395 4417 ostentantis.
1412 4358 1478 4418 Non
1496 4357 1684 4441 reprehenditur

147 4448 377 4555 igiturHomerus‚
391 4446 463 4524 quod
473 4467 488 4504 a
497 4445 584 4526 seipso
596 4443 755 4525 saepiuscule
763 4458 915 4524 mutuatur,
927 4461 953 4507 et
960 4446 995 4507 de
1001 4447 1100 4507 rnsdem
1110 4447 1204 4508 eadem
1214 4448 1330 4509 suhiude
1341 4449 1428 4509 dicit.
1443 4450 1510 4510 scd
1502 4465 1573 4511 mter
1582 4450 1683 4528 reliquas

147 4540 205 4622 ejus
219 4541 332 4602 virtutes
342 4540 395 4598 hoc
412 4539 493 4599 etiarn
508 4552 674 4614 numer,atur
690 4536 764 4617 quod
778 4537 922 4599 utilissimo
932 4539 1097 4619 frugalitatis
1106 4540 1231 4621 exemplo
1244 4541 1359 4622 posteris
1372 4542 1482 4619 relicto,
1493 4565 1548 4604 non
1557 4539 1684 4604 necessaria

149 4632 385 4712 ubiquevarietate
399 4631 521 4691 consulto
532 4631 661 4691 abstinet.
675 4629 756 4702 Quod
766 4629 801 4690 nd
813 4632 959 4706 παθητικὸν
931 4631 1039 4693 ὸίΗυὰ
1050 4632 1156 4711 attinet,
1171 4633 1322 4694 ἀπσδύσατέ
1332 4658 1384 4712 μου
1396 4634 1478 4694 τὸ”’
1438 4660 1532 4714 copon,
1547 4650 1598 4695 etc
1608 4632 1684 4694 viden

148 4725 311 4786 dumanuon
319 4745 423 4785 summa
430 4724 488 4804 ejus
495 4723 654 4798 innocentia,
663 4744 725 4782 cnm
736 4722 892 4782 incredibili
902 4724 996 4785 dolore
1006 4727 1157 4806 conjuncta,
1165 4738 1191 4784 et
1202 4725 1371 4807 impudentia
1378 4750 1480 4788 rursus
1485 4727 1682 4792 adversariorum

149 4817 361 4877 homini'misero
369 4837 400 4874 ac
411 4815 516 4896 dejecto
526 4815 583 4874 siue
591 4814 672 4875 modo
684 4815 885 4894 insultantium,
896 4815 978 4875 talem
988 4816 1029 4875 illi
1040 4838 1135 4876 vocem
1143 4816 1294 4898 exprimere
1304 4820 1453 4899 potuerint.
1463 4820 1606 4904 Popularis
1613 4817 1681 4878 acela·

149 4909 275 4970 motionis
291 4908 570 4968 commemorationem
584 4921 690 4988 tempus
700 4907 812 4966 fortasse
826 4906 916 4988 ipsum
925 4909 1060 4971 defendat.
1070 4911 1174 4989 Verba,
1189 4911 1211 4970 si
1227 4932 1274 4992 per
1286 4932 1315 4972 se
1327 4927 1498 4994 spectentur,
1512 4907 1680 4975 rideantural

148 5001 257 5059 homine
272 5000 344 5060 inani
359 5013 384 5059 et
391 4998 558 5080 jactabundo
572 4999 690 5079 prosecta
703 5022 709 5055 ε
723 4998 771 5058 sed
785 4999 807 5057 si
823 5012 997 5082 tempusque
1012 5002 1114 5083 prolata
1129 5003 1228 5063 luerint
1248 5005 1422 5086 respiciatur,
1439 5028 1520 5069 nemo
1531 5021 1578 5081 est,
1593 5004 1675 5085 opinor.

149 5095 229 5177 paulo
244 5094 357 5172 aqtrior,
372 5092 418 5171 qui
434 5092 627 5173 Chrysostomo
645 5092 744 5170 exsuli,
761 5093 854 5173 ejecto,
869 5093 979 5175 injuriis
995 5116 1046 5154 non
1060 5093 1182 5155 dicendis
1196 5095 1319 5176 t‘utigato,
1337 5097 1539 5179 indignissimis
1555 5091 1672 5159 carmin
