3764 5992
87 410 134 499 48
414 428 444 476 s.
472 427 611 476 Joaurus
636 425 818 475 euersosr.
849 399 1004 474 aocruel.
1033 423 1302 475 cousrrurruor.

4 570 12 580 ·
93 556 216 639 pinques,
232 553 279 631 qui
292 556 318 612 et
330 573 378 633 per
390 565 488 611 tectum
500 550 579 610 illum
590 550 764 610 demiserunt.
773 549 811 608 Et
865 573 906 608 σιν
921 549 1041 631 σρίγξας,
1055 550 1114 610 τότε
1128 550 1222 631 φησίν·
1236 550 1290 611 Ἴδε
1307 549 1384 631 ὑγιὴς
1397 546 1523 630 γέγονας,
1540 546 1636 627 μηκέτι

93 646 169 716 illius
183 643 293 724 quidem
309 657 371 704 ante
384 644 503 703 animam
519 663 617 724 corpus
631 641 810 702 correxitzsi-
864 641 1016 724 ἁμάρτανε·
1041 644 1152 702 ἐνταῦθα
1171 643 1199 704 δὲ
1221 645 1272 724 οθχ
1294 641 1392 716 οὕτως,
1420 642 1490 702 ἀλλὰ
1509 640 1635 720 πρύτερον

93 732 811 820 quidemcumpriusparalysimejussanassetdeinde
865 736 945 794 αἰτου
966 733 1013 807 τὴν
1033 733 1121 815 ψυχὴν
1146 733 1311 814 ἰασάμενος(
1319 758 1385 816 φησι
1373 733 1449 815 ιργδι
1463 737 1549 813 αἰετῷ·
1560 731 1635 809 Θάρ

93 828 177 905 dixit,
189 829 478 908 Ecceranussactus
492 847 532 898 es,
543 826 811 930 noliamplr'uspec·
865 851 919 902 σει,
934 827 1034 898 τέκνον,
1050 827 1183 908 ἀρέωνταί
1196 851 1237 888 σοι
1254 826 1434 943 αῖάμαρτίαι
1437 833 1506 899 σου),
1517 823 1576 884 τύτε
1589 823 1635 895 τίν

93 941 182 980 care:
175 918 337 979 ·hicautem
350 939 404 977 non
421 919 472 977 ita·
481 917 528 978 sed
546 918 697 998 cumprius
715 917 810 976 animae
864 918 1010 997 παράλυσιν
1023 917 1180 998 διάνρθωσεν.
1195 917 1261 979 Οτι
1272 909 1371 996 μέν
1341 941 1387 977 ουν
1407 922 1456 978 οὐκ
1479 915 1550 977 έστιν
1563 875 1636 979 ούτύς

1 1018 28 1064 θ
11 1028 66 1077 9·
92 1009 169 1071 sslius
182 1008 331 1070 medicatus
352 1021 419 1068 esset
432 1008 485 1083 (ait
508 1030 579 1069 emm
591 1029 662 1089 rpsr
674 1009 807 1087 Confido,
864 1013 973 1083 ἐκεῖνος,
986 1009 1096 1069 ἀπὸ
1051 1033 1152 1068 τουτων
1165 1015 1230 1089 ἡμῖν
1235 1033 1335 1103 σαρως
1345 1010 1544 1080 ἀποδεδεικται
1558 1005 1636 1066 δεῖδὲ

12 1103 150 1186 fili,
159 1103 415 1161 remittunturtr'bi
428 1105 633 1180 peecatatua),
642 1112 700 1157 tum
713 1098 811 1158 deinde
863 1100 954 1161 λοιπὸν
965 1101 1010 1160 έπ
1022 1100 1155 1180 τλνάρχθ
1131 1101 1228 1182 θντου
1211 1085 1404 1180 “dissipator
1414 1100 1538 1167 ἐλθόντας
1555 1099 1633 1168 ἰδεῖν,

44 1193 240 1276 paralysim
252 1192 367 1253 sanavit.
387 1192 493 1250 Hunc
485 1191 570 1270 igitur
583 1190 663 1249 illum
679 1211 732 1249 non
753 1211 810 1249 esse
863 1196 920 1261 πῶς
954 1191 1001 1266 μὲν
1030 1198 1131 1265 τοῦτον,
1161 1197 1218 1260 πῶς
1242 1192 1270 1252 δέ
1297 1197 1395 1253 ἐκεῖνον
1419 1190 1593 1272 ἐθεράπευσεν
1620 1195 1635 1249 δ

91 1285 249 1346 clarenohrs
260 1305 295 1344 ex
306 1282 351 1343 lus
364 1297 402 1343 est
415 1281 661 1341 demonstratum:
637 1302 707 1362 qam
719 1295 808 1341 autem
862 1285 992 1365 Χριστὸς,
1013 1283 1060 1343 καί
1089 1283 1178 1344 διὰτί
1198 1283 1343 1365 διαρθρως
1366 1282 1499 1343 διὰτί
1472 1306 1519 1342 τον
1537 1280 1634 1361 μὲνέν

89 1376 127 1437 ad
140 1376 232 1458 ipsum
244 1373 406 1434 narrationis
416 1371 525 1433 initium
539 1372 701 1433 veniendum
712 1385 762 1447 est,
777 1394 809 1432 ac
863 1375 1008 1456 σαδδάτῳ,
1027 1377 1126 1435 ἐκεῖνον
1148 1375 1176 1436 δί
1202 1377 1250 1436 οὐκ
1276 1379 1302 1436 έν
1330 1373 1475 1454 redddam,
1498 1373 1545 1432 καί
1570 1370 1635 1452 πρὸς

82 1467 250 1539 uidendum,
263 1488 317 1545 quo
331 1480 411 1548 pacto
424 1464 497 1524 hunc
513 1478 538 1525 et
559 1486 613 1544 quo
634 1479 713 1546 pacto
728 1465 808 1525 illum
863 1472 961 1528 ἐκεῖνον
991 1466 1039 1547 μὲν
1064 1466 1143 1535 αὐτὸς
1165 1459 1246 1540 ἦλθε,
1266 1473 1357 1527 τοῦτον
1380 1466 1408 1527 δὲ
1433 1465 1555 1544 ἀνέμεινα
1571 1464 1635 1544 πρὸς

90 1560 191 1620 sanarit
217 1558 355 1632 Christus,
373 1570 399 1617 et
419 1577 469 1616 cur
493 1554 602 1618 diversa
624 1555 726 1616 ratione
740 1581 747 1613 ε
759 1579 809 1617 cur
825 1588 843 1635 g
862 1560 941 1620 αὐτὸν
960 1564 1134 1638 κομισθῆναι,
1151 1559 1197 1619 καί
1216 1558 1260 1618 διδ
1277 1558 1305 1619 τί
1327 1558 1426 1620 ἐκείνου
1442 1557 1492 1637 μίν
1512 1557 1544 1618 τδ
1556 1558 1634 1634 σῶμα

89 1652 163 1712 hunc
176 1650 204 1710 in
220 1650 345 1727 sabbato,
362 1648 443 1708 illum
456 1669 509 1708 non
520 1648 680 1723 insabbato,
690 1661 716 1708 et
728 1648 763 1708 ad
775 1649 808 1708 il·
861 1652 998 1734 πρότερον,
1019 1651 1113 1712 τούτου
1131 1651 1159 1710 δὲ
1178 1650 1227 1725 τὴν
1243 1648 1332 1732 ψυχὴν
1346 1649 1473 1732 πρότιμον
1494 1652 1577 1708 ἰᾶται.
1593 1648 1633 1707 Οἰ

89 1744 149 1803 lum
162 1744 219 1825 ipse
234 1741 348 1817 venerit,
369 1741 442 1800 hunc
457 1753 546 1800 autem
561 1740 757 1821 exspectaverit
772 1740 809 1800 ad
860 1743 913 1824 γδρ
932 1745 1038 1819 ἁπλῶς,
1061 1743 1118 1805 οὐδὲ
1142 1746 1200 1821 εἰκῇ
1226 1748 1309 1802 ταῦτα
1328 1750 1411 1816 ποιεῖ,
1432 1738 1512 1821 σορδς
1534 1737 1573 1798 ὧν
1590 1737 1634 1797 καί

89 1856 117 1896 se
135 1834 246 1909 deferri,
270 1847 296 1894 et
313 1854 395 1912 quam
417 1833 453 1892 ob
476 1852 585 1892 causam
609 1832 684 1892 illius
702 1834 808 1915 corpori
861 1835 1042 1918 προνοητικός,
1056 1835 1238 1917 Προσέχωμεν
1262 1832 1419 1906 τοίνυν,καί
1439 1832 1541 1910 teuper-
1555 1829 1633 1891 αὐτὸν

89 1928 177 2009 prius,
190 1926 273 2008 hujus
284 1945 347 1986 vero
356 1924 453 1984 animae
467 1923 544 2005 prius
558 1920 705 1984 medeatur.
715 1923 808 2004 Neque
862 1928 1047 2011 θεραπεύοντα.
1062 1930 1096 1987 Εἰ
1107 1927 1159 2010 γάρ
1170 1927 1215 1988 ἐπί
1228 1931 1280 1986 τῶν
1298 1930 1405 2006 ἰατρῶν,
1417 1921 1523 1984 έπειδδν
1534 1921 1635 2001 τέμνω-

89 2018 161 2079 enim
174 2032 274 2078 temere
285 2030 333 2076 aut
346 2016 403 2076 sine
417 2035 497 2075 causa
512 2014 564 2074 ista
586 2014 667 2092 lacit,
677 2035 742 2076 cnm
762 2036 806 2075 sa·
862 2044 913 2094 σιν,
929 2018 947 2091 ἢ
961 2018 1113 2094 natuerat
1133 2019 1178 2078 καί
1189 2018 1262 2099 άλλῳ
1283 2017 1375 2099 τρύπυρ
1385 2013 1581 2098 πεπηρωμένον
1589 2015 1635 2074 καί

87 2111 164 2193 piens
178 2112 214 2171 sit
226 2124 253 2170 et
266 2107 408 2191 providus.
431 2106 608 2167 Attendamus
621 2105 717 2187 igitur,
728 2127 807 2167 atm-
862 2110 1052 2185 ἰξησθενηκύτα
1062 2110 1275 2189 ἀνατέμνωνται,
1285 2109 1331 2168 καί
1339 2107 1528 2184 κατατάμνουσι
1540 2104 1634 2184 μέλος,

88 2225 142 2284 que
164 2203 315 2264 medentem
343 2199 564 2281 contemplemur.
588 2198 617 2259 Si
643 2199 716 2259 enim
745 2221 807 2260 cum
862 2204 956 2264 πολλοὶ
979 2203 1222 2283 περιστοιχίζονται
1241 2200 1285 2262 τάν
1304 2224 1334 2261 τε
1361 2200 1497 2280 ἄρρωστον
1518 2196 1565 2257 καί
1589 2196 1634 2256 τὸν

89 2296 188 2357 medici
201 2295 347 2376 quemdam
360 2305 460 2367 secant,
474 2304 600 2367 usumve,
612 2301 659 2351 aut
670 2291 726 2351 alio
738 2313 807 2371 quo-
861 2303 944 2356 ταῦτα
953 2300 1080 2355 ποιοῦντα
1093 2294 1192 2374 ἰατρὸν,
1213 2296 1305 2374 πολλῷ
1319 2294 1420 2370 μάλλον
1440 2295 1512 2368 ἡμᾶς
1522 2292 1634 2348 ἐνταῦθα

91 2386 154 2447 dam
166 2387 248 2448 modo
256 2386 410 2446 mutilatum
420 2398 446 2443 et
453 2382 626 2451 debilitatum
637 2382 808 2460 inciduntac
861 2394 937 2448 τοῦτο
949 2396 1033 2448 ποιεῖν
1047 2385 1114 2469 χρὴ,
1125 2388 1180 2466 ὅσῳ
1194 2383 1239 2444 καί
1253 2377 1341 2465 ἰατρὸς
1355 2381 1461 2462 μείζων,
1475 2381 1522 2441 χοί
1538 2381 1571 2441 τὸ
1586 2379 1633 2440 τό.

88 2480 241 2540 membrum
265 2489 417 2560 amputaut,
433 2474 512 2535 multi
531 2488 587 2534 tam
606 2495 710 2554 aegrum
725 2496 808 2553 quam
862 2503 937 2559 σημα
949 2478 1145 2560 χαλεπώτερον,
1157 2480 1205 2537 οὐκ
1219 2476 1369 2556 ἀνθρωπίνῃ
1384 2472 1481 2555 τέχνῃ,
1496 2471 1635 2554 ἀλλάθείρ

88 2571 224 2633 medicum
235 2570 409 2631 circumstant
420 2567 472 2626 ista
484 2565 634 2642 facientem,
649 2567 736 2627 multo
749 2589 806 2627 ma·
862 2570 1068 2653 κατορθούμενον
1087 2569 1189 2651 χάριτι.
1209 2570 1294 2629 Κάκεῖ
1318 2566 1366 2646 μίν
1383 2565 1430 2626 καί
1453 2565 1539 2645 δέρμα
1564 2564 1633 2625 ἐστὶν

88 2661 130 2742 gis
145 2684 193 2724 nos
204 2663 256 2722 hoc
267 2663 327 2722 loco
340 2660 371 2720 id
381 2679 460 2739 agere
477 2671 593 2738 oportet,
607 2671 707 2736 quanto
716 2672 742 2719 et
753 2680 807 2718 me·
824 2685 843 2730 t:
861 2667 924 2724 ἰδεῖν
947 2664 1120 2743 τεμνόμενον,
1138 2663 1184 2720 καὶ
1206 2663 1292 2743 ἰχῶρα
1306 2658 1415 2741 ῥέοντα,
1429 2655 1475 2716 καί
1498 2655 1632 2730 σηπεδόνα

31 2751 166 2813 dicus
180 2755 279 2834 major,
290 2767 316 2812 et
331 2750 441 2830 gravior
452 2748 620 2824 morbusest,
629 2749 677 2827 qui
686 2769 740 2810 non
752 2763 809 2809 arte
861 2757 1027 2836 κινουμένην,
1039 2753 1085 2815 καί
1093 2754 1195 2826 πολλὴν
1209 2753 1305 2824 ἀηδίαν
1319 2752 1373 2813 ἀπδ
1383 2755 1431 2823 τῆς
1442 2750 1554 2831 θεωρίας
1565 2753 1635 2831 ἐγγι-

0 2843 216 2978 ἶγ,,,,,,ἰνυιοοοο,
230 2843 278 2904 sed
291 2842 378 2923 gratia
397 2839 493 2900 divina
513 2851 632 2898 curatur.
643 2842 731 2918 Atque
749 2840 809 2901 illic
860 2846 972 2927 νομίνην
985 2852 1142 2927 ὑπομεῖναι,
1151 2841 1405 2918 καίπολλὴνθδύνην
1417 2841 1464 2901 καί
1477 2841 1615 2915 λύπην,’
1588 2864 1635 2902 ουκ

5 2935 199 3041 mquidem
219 2936 319 3018 pellem
340 2932 474 2993 concisam
497 2950 612 2990 cernam
616 2929 690 3007 licet,
705 2931 808 2992 saniem
861 2938 960 2999 ἀπὸ
927 2964 975 3012 της
988 2940 1138 3021 ὅψεωςτων
1153 2937 1314 3021 τραυμάτων
1336 2934 1424 3014 μόνον,
1440 2933 1510 2993 αλλδ
1521 2933 1635 2994 και

5 3012 259 3105 ffimdetluenrem
273 3024 445 3108 putredinem
457 3036 625 3101 evacuatam,
640 3044 673 3084 ac
695 3024 808 3084 multam
860 3057 908 3183 τηρ
921 3031 1112 3113 emnem*
1076 3057 1128 3092 τωο
1145 3029 1293 3152 καιομέγογν
1312 3026 1412 3088 ml
1376 3051 1429 3087 των
1446 3024 1634 3104 τεμνομένων

11 3119 241 3179 meumolestiam
259 3139 294 3177 ex
312 3116 362 3176 illo
379 3115 489 3175 allatam
500 3115 651 3195 spectaculo
664 3115 806 3193 sustinere,
861 3125 945 3192 οὐδεὶς
963 3124 1015 3204 γὰρ
1031 3123 1100 3184 οὕτω
1115 3122 1255 3197 λίθινος,*
1265 3126 1301 3189 ὡς
1320 3117 1458 3200 παρεστὼς
1477 3127 1533 3185 τοῖς
1552 3122 1634 3177 ταῦτα

13 3186 263 3291 ⁰¹⁸¹*doloremque
283 3230 336 3268 non
355 3206 520 3268 mediocrem
533 3220 559 3266 et
573 3227 713 3287 angorem,
728 3229 808 3287 quem
860 3216 1008 3298 πάσχωσι,
1022 3217 1068 3276 καί
1088 3215 1192 3276 ἀκούων
1214 3211 1321 3282 δύλολυζ
1320 3235 1398 3285 ντιυν,
1416 3210 1476 3291 οθχί
1498 3211 1634 3270 κατακλθ·

90 3325 143 3364 ncn
169 3303 250 3363 modo
272 3300 421 3362 vulnerum
444 3311 613 3378 conspectus,
641 3296 689 3358 sed
715 3319 809 3360 eorum
860 3333 922 3383 τοι,
921 3308 980 3369 καῖ
995 3316 1147 3390 augerem,
1161 3307 1207 3366 καὶ
1219 3303 1318 3378 πολλὴ
1305 3328 1361 3384 ντη
1345 3306 1449 3383 ψυχῇ
1463 3302 1573 3382 texerat
1585 3302 1632 3374 εῖν

88 3397 170 3468 etiam
174 3396 242 3477 ,qui
262 3408 379 3455 uruntur
395 3407 582 3473 secanturque,
595 3395 730 3455 cruciatus
744 3396 807 3456 inu·
862 3400 995 3479 ἀθυμίαν
1011 3403 1069 3460 ἀλλ’
1078 3400 1151 3479 ὅμως
1170 3397 1215 3459 διδ
1227 3397 1276 3471 τὴν
1296 3394 1492 3474 ἐπιθυμίαν
1457 3418 1507 3466 της
1522 3394 1633 3477 θεωρίας

25 3560 29 3567 .
89 3490 145 3550 rit:
138 3487 251 3550 nullus
270 3488 343 3549 enim
361 3500 401 3547 est
416 3485 482 3547 adeo
503 3507 610 3562 saxeus,
624 3500 655 3547 ut
667 3509 730 3547 cum
742 3488 809 3563 illis,
861 3501 944 3554 ταῦτα
964 3493 1051 3553 πάντα
1063 3452 1381 3571 θαομίνομεν.Ἐνταῦθά
1392 3487 1419 3548 δὲ
1431 3485 1632 3548 οθδδντοιουτθν

61 3626 66 3636 -
89 3581 137 3662 qui
149 3571 214 3642 talia
224 3581 375 3664 patiuntur,
386 3578 529 3657 adstiterit,
539 3599 572 3638 ac
580 3578 755 3641 lamentantes
763 3602 810 3641 au·
861 3590 932 3647 ἐστιν
947 3587 1021 3660 ἰδεῖν,
1038 3588 1068 3646 οὐ
1086 3590 1139 3666 πῦρ
1150 3581 1359 3666 προσαγόμενον,
1373 3583 1404 3640 οὔ
1413 3577 1520 3660 σίδηρον
1537 3581 1632 3658 βαπτι-

89 3673 201 3752 divcrit,
216 3695 269 3734 non
279 3678 281 3682 '
290 3687 502 3745 eommoveatur,
521 3670 710 3751 confundatur,
724 3687 750 3734 et
763 3673 809 3734 iu·
861 3677 979 3758 ζύμενον,
993 3679 1044 3759 οἰχ
1058 3667 1125 3755 αἷμα
1147 3677 1214 3756 ῥίον,
1228 3677 1259 3737 ού
1280 3674 1326 3734 τὸν
1347 3669 1632 3752 κάμνοντα-ὀδυνώμε-

90 3779 197 3844 gentem
209 3763 442 3847 animoconcipiat
455 3779 810 3827 moerorem2verumtamen
826 3793 846 3842 ῃ
862 3792 914 3845 νον,
928 3771 975 3830 οὐκ
992 3768 1160 3839 ὄλολύζοντα·
1174 3768 1206 3829 τὸ
1225 3767 1253 3828 δέ
1268 3765 1361 3837 αἰτιον,
1382 3767 1400 3835 ἡ
1421 3761 1500 3844 σορία
1519 3767 1566 3822 τοῦ
1589 3767 1632 3824 ἰα-

91 3859 127 3916 ob
134 3856 272 3938 spectandi
282 3853 460 3936 cupiditatem
469 3856 528 3914 haec
538 3856 628 3916 omnia
637 3859 808 3924 sustinemus.
862 3861 1009 3946 τρεύοντος,
1022 3860 1125 3930 οὔδενδς
1145 3859 1255 3939 δεομένη
1269 3857 1369 3920 τούτων
1383 3861 1436 3916 τῶν
1456 3854 1561 3931 ἔξωθεν,
1574 3856 1633 3916 ἀλλ’

92 3949 243 4008 Hicautem
254 3945 325 4007 nihil
336 3946 585 4023 talecernerelicet,
595 3967 648 4007 non
658 3948 748 4027 ignem
759 3951 810 4011 ad·
862 3954 930 4028 αύτλ
945 3958 1025 4034 ἑαυτῇ
1049 3953 1180 4034 αὐτάρκης
1193 3944 1267 4014 odra.
1282 3951 1368 4032 Ἀρκεῖ
1382 3948 1434 4031 γὰρ
1447 3947 1571 4016 ἐπιτάξαι
1585 3948 1633 4026 μύ

91 4040 207 4121 moveri,
229 4060 283 4100 non
305 4040 407 4099 serrum
429 4038 554 4119 immergi
578 4059 631 4098 non
652 4041 809 4121 sanguinem
861 4046 973 4121 νον,καί
986 4045 1074 4106 πάντα
1089 4044 1181 4105 λύεται
1199 4044 1233 4104 τά
1245 4042 1328 4104 δεινά.
1343 4044 1385 4102 Οὐ
1396 4046 1471 4100 τοῦτο
1485 4040 1515 4100 δέ
1527 4044 1585 4101 ἐστι
1603 4041 1634 4100 τδ

91 4132 182 4213 fundi,
197 4153 250 4192 nou
272 4152 375 4212 aegrum
398 4130 527 4207 cruciari,
538 4151 592 4192 non
605 4130 746 4192 lamentari
761 4133 809 4194 :iu
861 4139 1069 4217 θαυμαζόμενον,
1089 4136 1131 4196 ὅτι
1150 4139 1207 4215 μετ’
1234 4133 1354 4202 εὐκολίας
1372 4131 1502 4205 τοσαύτης
1519 4141 1634 4192 ποιεῖται

92 4247 174 4287 causa
186 4247 250 4287 vero
263 4237 302 4284 est
312 4222 409 4283 medici
421 4222 562 4304 sapientia,
574 4244 634 4301 quar
644 4223 727 4283 nullis
738 4224 810 4284 indi·
861 4229 910 4303 τὴν
925 4228 1052 4307 ἰατρείαν,
1069 4227 1129 4288 ἀλλ’
1150 4227 1190 4289 ὅτι
1206 4227 1252 4288 καί
1273 4224 1421 4296 ἀνωδύνως,
1442 4224 1535 4285 οὐδένα
1554 4223 1633 4283 πύνον

93 4331 136 4398 get
148 4318 230 4378 rebus
243 4315 371 4390 externis,
385 4315 431 4375 sed
444 4314 504 4395 ipsa
517 4313 620 4374 sufficit
634 4315 697 4375 sibl.
717 4317 809 4396 Siqui·
861 4321 967 4402 ἐπάγων
982 4329 1036 4388 τοῖς
1056 4318 1281 4402 θεραπευομένοις.
1296 4317 1375 4378 Ἐπεῖ
1389 4309 1434 4378 edu
1447 4314 1493 4376 καί
1506 4320 1595 4395 μεῖζον
1604 4314 1635 4374 τὸ

92 4408 155 4470 dem
167 4408 268 4469 sufficit
281 4420 385 4466 tantum
405 4418 435 4464 ut
448 4405 577 4486 imperet,
598 4420 624 4466 et
637 4407 728 4468 omnia
738 4410 809 4470 mala
862 4418 968 4494 θαῦμα,
986 4413 1032 4472 καί
1045 4411 1145 4474 πλείων
1166 4416 1183 4484 ἡ
1199 4410 1343 4492 θεραπεία,
1356 4409 1402 4471 καί
1421 4406 1526 4489 καθαρά
1548 4408 1636 4480 πάσης

91 4502 240 4583 pelluntur.
253 4501 345 4579 Neque
358 4520 422 4559 vero
440 4497 618 4558 admiratione
629 4498 745 4579 dignum
758 4501 809 4562 hoc
862 4507 974 4586 ἀθυμίας
987 4511 1005 4580 ἡ
1019 4507 1081 4580 ἡδον
1054 4503 1168 4577 ονὴτοῖς
1179 4503 1333 4584 θεωμίνοις,
1345 4502 1408 4584 φίρε
1417 4501 1486 4581 μετὰ
1500 4498 1637 4577 ἀκριύείας

91 4608 131 4653 est
131 4592 225 4673 ,quod
238 4592 338 4651 tantas
324 4589 453 4649 facilitate
472 4588 635 4649 medicinam
656 4592 748 4670 faciat,
762 4593 810 4654 sed
861 4597 1018 4678 θεασώμεθα
1033 4596 1208 4681 θεραπευοντα
1224 4599 1268 4658 τὸν
1282 4593 1406 4676 Χριστόν.
1417 4593 1471 4653 Καί
1494 4590 1581 4668 έμύδις
1601 4596 1638 4659 εἰς

91 4686 163 4791 quod
175 4685 343 4759 sinedolore,
352 4704 401 4741 nec
413 4683 498 4741 ullam
510 4683 660 4743 molestiam
671 4685 794 4745 allarat''
776 4709 810 4748 us
861 4694 951 4752 πλοῖον
964 4692 1118 4775 διεπέρασε,
1129 4689 1175 4750 καί
1185 4681 1264 4762 ἦλθεν
1284 4690 1320 4753 εἰς
1333 4685 1403 4746 ἰδίαν
1416 4684 1504 4759 πόλιν,
1513 4683 1560 4742 καὶ
1580 4682 1635 4743 ἰδοὺ

91 4780 139 4856 qui
151 4789 289 4838 curantur
306 4775 449 4847 Quando
443 4773 527 4856 rgitur
540 4791 566 4835 ct
579 4775 740 4838 miraculum
751 4800 809 4838 ma·
826 4809 845 4856 g
862 4783 1086 4865 προσήνεγκαν
1057 4807 1128 4863 aurp
1108 4782 1323 4865 ’παραλυτικὸν
1334 4780 1378 4838 ἰπὶ
1395 4776 1485 4848 κλίνης
1503 4775 1638 4855 βούλημά-

88 4871 168 4951 Juset
178 4867 464 4950 coprosrormedrcrna,
473 4880 500 4927 et
511 4867 547 4926 ab
556 4869 747 4929 omnrtrrstrtra
757 4891 810 4930 un
862 4901 914 4953 νον,
932 4877 977 4936 καί
998 4875 1091 4937 telove
1113 4875 1214 4946 Ἰησοῦς
1225 4872 1273 4945 τλν
1297 4871 1385 4932 πίστιν
1408 4870 1493 4927 αὐτῶν
1517 4858 1635 4927 εἶπε’·
1598 4891 1637 4946 τῳ

92 4961 182 5021 munis
195 4959 391 5041 spectatoribus
405 4959 529 5041 voluptas
543 4959 668 5037 offertur,
681 4982 731 5041 age
743 4961 809 5022 dili·
861 4972 1050 5052 παραλυτικῷ·
1069 4967 1177 5047 θάρσει,
1190 4965 1292 5036 τέκνον,
1308 4960 1440 5045 ἀφέωνταί
1450 4983 1491 5019 σοι
1506 4962 1562 5020 αἱ
1547 4983 1636 5039 αμαρ-

7 5063 20 5106 λ
32 5075 81 5124 μι.
91 5067 183 5134 genter
194 5064 332 5111 curantem
341 5049 479 5111 Christum
490 5065 647 5133 spectemus.
657 5055 698 5113 Et
710 5074 809 5114 ascen·
861 5061 915 5121 τίαν
924 5064 1044 5123 σομΤοῢ
1053 5059 1101 5139 μίν
1112 5057 1304 5138 ἑκατοντάρχου
1317 5055 1439 5130 ἐλάττους
1447 5052 1499 5113 εἰσί
1508 5050 1636 5124 κατδτὴν

92 5158 163 5216 dens
191 5154 268 5214 lesus
287 5155 319 5208 in
342 5151 512 5210 naviculam
541 5152 755 5233 transfretavit,
780 5168 808 5214 et
862 5153 960 5231 πίστιν,
973 5159 1018 5213 τοῦ
1042 5151 1069 5211 δέ
1095 5154 1120 5211 ἰν
1143 5154 1176 5223 τῆ
1197 5149 1369 5231 κολυμύήθρρ
1384 5147 1496 5226 μείζους,
1516 5145 1635 5212 Ἐκεῖνος

124 5319 149 5382 ί’
163 5310 307 5381 Lugendum
321 5307 418 5367 videtur
429 5309 473 5372 ος]
