3764 5992
204 408 252 459 ΠΒ
277 409 393 459 VERUS
420 409 596 471 arosvott,
625 408 800 456 usnnn'rsss
826 409 968 456 EUthlihl
995 411 1163 459 srtnt'runt.
1192 410 1227 456 tt.
1320 412 1325 427 ¹
1405 387 1476 482 329

140 531 203 597 ’οη
215 538 279 613 γαῦν
289 533 416 606 ίιινίησαν
428 533 472 593 τδν
493 532 609 613 μόσχον,
622 533 668 592 καί
679 534 710 592 τὸ
724 537 742 584 G
759 532 861 610 alisque
870 544 942 592 metu
955 533 1012 594 ullo
1022 547 1070 594 aut
1080 534 1253 616 castigatione
1267 533 1296 593 in
1306 533 1416 593 virtutis
1425 553 1475 592 ea-

140 626 275 702 αιιίσησαν,
283 627 344 688 τότε
356 627 472 698 ἤκουσαν
486 649 493 662 ·
507 625 603 705 Κύριος
613 628 628 683 δ
640 624 710 689 θεός
760 637 815 682 stra
832 645 861 683 se
880 624 1049 684 contulerunt
1062 626 1214 704 :reliquum
1234 644 1300 686 vero
1313 624 1412 704 vulgus
1425 626 1476 686 Ju-

140 711 179 789 ιίς
199 719 349 782 teto-tn
367 720 521 802 ίφύνευσαν,
536 720 582 779 καί
597 719 643 786 τδς
663 743 709 799 γυ-
760 714 890 789 daeorum,
905 716 1033 794 quoniam
1044 716 1077 776 ad
1091 716 1222 776 malitiam
1234 716 1393 790 deiecerant,
1409 713 1476 795 legis

140 811 228 885 λησίον
244 811 408 903 διίφθιιραν,
436 811 495 872 τότε
517 811 647 885 ἤκουσαν,
668 813 709 870 Οὐ
760 806 835 864 freno
843 808 990 866 necessario
999 808 1138 868 ευετοειιιίί
1146 808 1264 866 fuerunt.
1276 806 1394 884 Ideoque
1402 817 1476 886 post·

140 936 142 953 ι
165 905 332 987 μοιχεύσεις,
358 905 404 966 καί
426 903 461 963 τί
482 904 550 964 ἄλλα
571 903 599 964 bl
622 903 710 963 παίντα
761 919 844 978 quam
856 898 976 959 vitulum
989 901 1146 978 linxerunt,
1164 912 1191 960 et
1205 899 1330 980 sculptile
1342 897 1476 958 adorave-

763 1002 837 1065 runt,
855 1002 914 1048 tum
927 990 1038 1051 demum
1050 992 1206 1069 andierunt,
1231 993 1377 1050 Dominus
1395 991 1477 1049 Deus
1487 1009 1556 1055 υιιιι.
1569 1007 1593 1056 6.
1604 1004 1631 1070 4.

763 1093 830 1140 tuus
842 1083 987 1142 Dominus
998 1105 1073 1143 unus
1084 1097 1127 1144 est
1131 1109 1143 1153 ,-
1154 1095 1326 1165 posteaquam
1337 1080 1422 1141 cades
1431 1102 1480 1162 pa·

763 1186 903 1232 traverunt
915 1188 941 1233 et
952 1196 1050 1234 uxores
1063 1175 1182 1255 proximi
1198 1186 1401 1255 stupraverunt,
1413 1186 1479 1233 tune

761 1262 935 1333 audiverunt,
950 1268 1019 1325 Non
1030 1268 1153 1336 occides,
1163 1286 1223 1324 non
1233 1267 1443 1325 mechaberis:
1453 1276 1479 1323 et

760 1353 845 1413 simili
856 1355 938 1414 modo
950 1356 1158 1434 reliquaomnia.

146 1442 271 1524 ίγιιλημα
283 1446 329 1504 τοῦ
343 1442 423 1520 νόριον
439 1441 470 1502 τδ
482 1443 591 1505 κόλασιν
604 1442 712 1521 ίποίγειν
803 1450 832 1506 l.
846 1448 941 1525 Itaque
953 1468 1006 1507 non
1019 1462 1060 1507 est
1072 1448 1238 1530 vituperium
1253 1449 1321 1528 legis
1338 1446 1413 1526 quod
1428 1468 1480 1528 pu-

140 1581 148 1611 ‚
165 1534 212 1596 ιαί
231 1533 353 1615 καθάπερ
364 1538 467 1607 οἰκέτας
480 1535 634 1614 ἀγνώμονας
646 1558 713 1594 παι·
763 1538 821 1597 niat
833 1551 859 1597 et
872 1538 993 1615 mulctet,
1007 1552 1033 1598 et
1044 1561 1135 1600 servos
1147 1540 1223 1599 velut
1240 1539 1376 1620 improbos
1388 1558 1481 1597 emen-

140 1627 283 1711 φραιίζιιν,
297 1626 367 1688 ἀλλὰ
376 1626 423 1686 καί
434 1627 566 1705 ἐγκώμιον
581 1627 714 1707 μέγιστον,
764 1629 851 1689 τίεται
862 1631 982 1710 castiget,
995 1631 1045 1691 sed
1057 1631 1221 1713 preconium
1233 1631 1346 1710 insigne,
1359 1650 1408 1690 nee
1418 1630 1481 1690 vul·

140 1719 199 1802 χὸν
213 1719 333 1790 lustros,
356 1717 397 1778 ὅτι
421 1719 481 1786 τούς
500 1718 565 1798 nobs
584 1718 714 1790 τοσαύτην
766 1721 838 1802 garis
850 1721 920 1798 lans,
936 1722 1008 1801 quod
1023 1744 1067 1783 eos
1080 1724 1127 1802 qui
1138 1724 1175 1785 ad
1188 1738 1336 1784 extremam
1350 1722 1483 1783 malitiam

140 1811 255 1880 ςιααίαν
277 1809 395 1884 ἠδυνήθη
413 1810 458 1871 διδ
475 1815 523 1882 τῆς
537 1809 635 1879 οἰκείας
650 1835 714 1891 σφα·
730 1812 749 1857 ⁰
767 1815 885 1895 prolapsi
899 1816 1014 1890 fuerant,
1026 1816 1144 1896 potuerit
1154 1815 1296 1877 severitate
1306 1835 1355 1874 sua
1366 1814 1483 1875 liberare

140 1904 237 1973 λλιίξαι
255 1908 303 1976 τῆς
323 1903 462 1985 πονηρίας,
487 1902 605 1982 μαλάξαι
617 1929 646 1965 τε
670 1905 716 1965 καί
767 1906 881 1979 avitiis,
894 1906 1053 1984 mollireque
1064 1920 1090 1967 et
1100 1909 1273 1987 obsequentes
1284 1906 1378 1987 gratim
1387 1909 1483 1982 iacere,

140 2001 262 2062 ππιιθιῖς
275 2001 308 2075 τῇ
322 1994 429 2075 χάριτι,
449 1997 494 2054 καί
516 1995 582 2076 πρὸς
600 1996 649 2068 τὴν
668 2000 717 2068 τῆς
767 2012 846 2076 atque
863 1996 900 2056 atl
922 2019 1020 2058 novam
1034 1999 1104 2058 hane
1122 1999 1324 2081 philosophiam
1342 2021 1389 2059 ceu
1410 1998 1485 2060 viam

140 2094 198 2160 ἧσαι
211 2085 378 2166 φιλοσοφίαν.
398 2087 438 2146 Th
459 2085 512 2166 γίιρ
525 2087 590 2146 αὐτὸ
605 2088 716 2165 Πνεῦμα
767 2088 915 2167 quamdam
935 2103 1061 2149 sternere.
1074 2089 1151 2149 ldem
1163 2091 1235 2149 enim
1242 2091 1362 2172 Spiritus
1381 2104 1441 2150 tum
1456 2091 1485 2149 in

140 2185 149 2252 ἱ
165 2179 292 2257 Παλαιᾷ,
313 2176 360 2235 καί
378 2175 412 2236 τί
429 2180 455 2236 hi
471 2181 504 2255 τῇ
520 2180 606 2256 Κοινῇ
628 2178 716 2238 ποίντα
768 2182 862 2242 Veteri
881 2182 1064 2257 Testamento,
1086 2195 1145 2241 tom
1166 2182 1193 2241 in
1214 2184 1293 2242 Novo
1313 2182 1487 2263 dispensabat

153 2270 201 2330 scel
219 2267 361 2349 διαφόρως.
383 2266 436 2327 Διδι
456 2275 531 2328 τοῦτο
548 2269 593 2328 καί
612 2271 717 2338 Παῦλος
767 2272 868 2348 omnia,
880 2273 943 2332 lieet
954 2271 1062 2332 diverso
1074 2273 1164 2335 modo.
1179 2276 1322 2355 Propterea
1334 2275 1436 2334 Paulus
1445 2274 1488 2333 di-

140 2385 195 2430 ιτας
211 2359 240 2421 δί
259 2360 291 2420 τὸ
312 2359 377 2418 αὐτδ
399 2360 510 2435 Πνεῦμα
530 2364 578 2431 τῆς
601 2361 716 2428 πίστεως
766 2364 842 2422 cebat
855 2388 861 2420 :
876 2365 1027 2424 Habentes
1038 2377 1136 2424 autem
1149 2367 1282 2424 eumdem
1295 2365 1432 2445 Spiritum
1443 2368 1487 2446 fi-

140 2453 267 2532 μμίνον·
283 2449 455 2521 Ἐπίστευσα,
469 2450 510 2509 διὸ
529 2451 657 2524 ἐλάλησα.
674 2455 715 2513 Οὐ
766 2457 904 2532 dei,sicut
914 2459 1054 2536 scriptum
1067 2470 1121 2527 est,
1133 2458 1264 2533 Credidi,
1276 2459 1490 2538 propterquod

140 2544 213 2607 ιύναι
233 2542 326 2622 ίλιγε,
351 2543 393 2602 'lb
416 2543 481 2603 οιιίτδ
503 2545 625 2622 Πνεῦμα,
647 2546 715 2605 etit
768 2549 906 2627 loquutus
918 2568 993 2606 snm.
1012 2549 1068 2607 Nec
1088 2548 1175 2607 sohtm
1195 2561 1306 2628 propter
1325 2548 1378 2607 hoc
1392 2547 1487 2623 dixit,

140 2663 143 2687 t
156 2635 244 2697 ,tum
260 2637 310 2694 οὐκ
321 2634 448 2693 nemis
460 2638 508 2706 τῆς
522 2636 670 2716 εἰρημένης,
683 2639 715 2711 ἣν
768 2640 911 2698 Eiundem
918 2638 1066 2718 Spiritum,
1076 2637 1154 2697 sedet
1163 2637 1199 2697 ob
1207 2639 1289 2697 aliam
1297 2660 1350 2698 non
1360 2637 1495 2709 leviorem·

140 2734 212 2789 ννῦν
232 2730 330 2797 εἰπεῖν,
345 2724 468 2793 δεδοικὼς
488 2726 567 2805 δὲμὴ
585 2728 619 2787 τδι
640 2733 716 2811 εἰρη-
768 2729 1229 2808 causanr,quamvolehamqnidem
1240 2730 1431 2808 nuneass‘erre5
1442 2728 1492 2789 sed

140 2844 199 2895 ητα,
222 2820 260 2886 τίς
283 2818 375 2898 ἑτέραν
395 2823 457 2895 ὑμῖν
483 2819 596 2888 διάλεξιν
620 2822 718 2895 ταύτην
769 2822 871 2881 veritus
885 2843 918 2881 ue
937 2821 1061 2903 pluribus
1074 2824 1177 2900 gravati
1192 2824 1248 2903 jam
1267 2821 1402 2881 dictorum
1416 2822 1489 2881 obli·

140 2968 142 2977 ι
160 2913 227 2981 τίσις
238 2911 337 2982 ταύτης
351 2914 502 2988 μεμνῆσθαι
522 2913 608 2984 πάσης
632 2938 718 2995 παρα·
736 2909 754 2955 F·
769 2913 921 2987 rimamini,
942 2913 969 2972 in
987 2913 1069 2972 aliam
1084 2911 1158 2972 diem
1171 2912 1249 2972 vohis
1264 2935 1325 2973 enm
1342 2933 1491 2974 sermonem

140 3032 161 3079 ;,
173 3005 220 3066 καί
233 3003 302 3081 perh
320 3001 456 3084 ἀιιριὸείας
468 3004 607 3082 φυλάττειν
623 3006 720 3081 αὐτὴν,
770 3006 896 3077 servabo,
917 3004 1025 3065 interim
1039 3004 1171 3081 hortatus,
1190 3017 1221 3062 ut
1234 3018 1390 3085 presentem
1404 3019 1492 3065 totum

140 3103 188 3172 τῆς
205 3093 341 3160 πολιτιίας
362 3091 458 3174 siparis
479 3094 659 3175 προστιθέναι,
675 3097 720 3157 καὶ
771 3098 798 3156 in
811 3097 969 3157 memoriam
985 3095 1142 3169 recondatis,
1152 3109 1232 3176 atque
1241 3095 1387 3177 diligenter
1396 3099 1492 3158 retine-

140 3213 193 3251 sus
204 3185 370 3266 συνυφαίνειν
382 3183 463 3255 αὐτὴν
477 3186 720 3264 intepentem-“lm
769 3187 832 3264 atis,
853 3202 934 3266 utque
946 3187 1060 3248 virtutes
1073 3187 1239 3247 Christianas
1253 3208 1315 3247 cum
1332 3188 1492 3269 dogmatum

140 3306 212 3350 υτας
225 3273 300 3362 icoo
314 3280 400 3347 Θεοῦ,
413 3276 479 3355 πρὸς
493 3286 546 3336 πῦν
560 3278 636 3360 ἔργον
649 3284 720 3361 ἀγα·
769 3279 887 3360 puritate
900 3279 1089 3359 conjungatis:
1107 3282 1146 3339 tn
1158 3283 1201 3339 sic
1208 3279 1269 3359 fiat
1281 3283 1394 3362 integer
1404 3284 1490 3343 bento
1500 3314 1523 3345 ν.
1548 3303 1606 3346 Tim.
1619 3301 1644 3345 3.

140 3376 190 3443 ίης
203 3399 211 3411 ·
225 3371 284 3433 ἐπεί
302 3368 394 3452 κέρδος
407 3366 480 3427 οὐδὲν
494 3367 570 3428 ἔσται
588 3377 653 3448 ἡμῖν
668 3376 719 3430 τῶν
771 3373 829 3428 Dei
846 3372 888 3430 nd
897 3391 983 3430 omne
994 3390 1065 3450 opus
1081 3373 1188 3429 bonum
1197 3385 1489 3451 praeparatumquan·
1504 3375 1539 3418 '⁷'

140 3491 202 3538 m,
213 3465 302 3526 ὅτανδ
314 3463 370 3540 βίος
379 3461 567 3539 διεφθαρμένος
578 3452 613 3541 ᾖ·
630 3461 719 3540 ὥσπερ
771 3461 918 3540 doqnidem
938 3461 1008 3521 nihil
1025 3461 1102 3520 nobis
1116 3461 1246 3541 profuerit
1258 3476 1328 3520 reete
1340 3464 1449 3537 sentire,
1465 3465 1490 3525 si

140 3558 218 3625 mia<
230 3555 339 3631 ἀρίστης
348 3553 450 3632 ὄφελος,
461 3551 574 3618 πίστεως
585 3556 631 3612 οὐκ
642 3554 720 3626 οὔσης
770 3553 828 3613 vita
838 3555 945 3613 interim
959 3553 1037 3612 scierit
1047 3552 1127 3612 malis
1138 3552 1260 3611 moribus
1270 3553 1364 3613 vitiata
1377 3577 1490 3634 :qnem·
1553 3563 1641 3608 tiorum

140 3643 177 3713 ἦν
188 3644 388 3727 ἀπηρτισμένην
399 3642 503 3722 ἔχωμεν
517 3643 565 3715 τήν
579 3643 718 3724 ὠφελειαν,
771 3644 918 3704 admodum
929 3656 1021 3703 eontra
1034 3642 1104 3702 nihil
1122 3640 1230 3723 prodest
1241 3643 1298 3705 vita
1313 3645 1466 3727 incorrupta
1477 3692 1487 3725 ,
1499 3627 1644 3732 wmlmlffi

140 3739 234 3807 ἰαυοαδς
250 3735 472 3817 ἀαφαλιζώμεθα,
485 3735 513 3792 ἔν
526 3757 556 3793 τε
566 3743 620 3802 τοῖς
631 3737 720 3804 ἄλλοις
771 3736 822 3794 nisi
834 3734 943 3793 accedat
952 3733 1015 3792 [idei
1027 3753 1134 3811 quoque
1145 3732 1291 3793 sinceritas.
1304 3737 1341 3795 Ut
1351 3735 1437 3815 igitur
1447 3737 1488 3798 in·
1501 3807 1506 3818 γ
1517 3751 1596 3792 nuent
1608 3761 1644 3794 ιιε

140 3834 169 3904 hg
187 3827 395 3905 ίπιδιικνύμενοι
414 3825 504 3904 γενναί
535 3851 562 3899 ς,
581 3826 627 3886 καί
651 3829 873 3908 μετδ,;,ια<,;ιειιι
887 3824 1030 3883 utilitatem
1043 3844 1254 3902 consequamur,
1272 3826 1398 3906 utrinque
1413 3815 1620 3890 nobis³”’¹⁸⁰¹¹‘¹²·

148 3924 196 3998 ,ἦν
214 3916 406 3999 ιλςγμοσιίνην,
427 3915 489 3999 περί
508 3941 540 3990 ης
562 3918 608 3977 καί
625 3919 718 3999 πρῴην
735 3918 755 3963 Α
770 3917 983 3999 provideamus,
1005 3917 1110 3975 fructus
1125 3915 1206 3977 etiam
1220 3937 1361 3996 generosos
1376 3919 1404 3979 in
1428 3921 1490 3983 aliis

140 4038 187 4093 ην,
204 4012 268 4096 perh
289 4013 391 4080 πολλῆς
415 4008 463 4087 μίν
485 4013 532 4081 τῆς
555 4012 718 4089 προθυμίας,
770 4009 982 4089 proterentes50t
992 4028 1055 4066 cnm
1068 4006 1164 4087 primis
1173 4008 1380 4090 eleemosynam,
1390 4011 1489 4093 deqna

140 4136 150 4181 ς
167 4110 196 4171 &l
211 4104 291 4177 αὒτλν
313 4103 491 4166 ίπιτελοῦντες
507 4105 555 4172 τῆς
572 4103 717 4183 δαψιλείας.
770 4101 848 4159 ctiam
862 4121 948 4180 nuper
960 4098 998 4159 ad
1007 4120 1054 4159 ros
1069 4099 1149 4159 verba
1162 4099 1224 4173 ieci,
1244 4121 1416 4181 magnacum
1429 4104 1486 4163 lar-

140 4200 185 4279 ’μς
205 4192 376 4279 φειδομένως,
398 4188 479 4270 φησί,
494 4191 653 4271 φειδομένως
673 4195 718 4254 καί
769 4193 940 4271 gitateatqne
948 4192 1085 4251 alacritate
1093 4193 1336 4255 illamexereentes.
1346 4197 1403 4273 Qui
1413 4196 1485 4256 enim
1496 4205 1598 4265 s.cor.9
1610 4206 1635 4253 ῦ.

140 4291 262 4370 λωίρων
272 4288 314 4347 ἐπ’
326 4281 463 4360 εὐλογίαις,
474 4283 517 4341 ἐπ’
528 4283 657 4361 εὐλογίαις
671 4288 716 4346 καὶ
766 4288 1002 4362 parceseminat,
1017 4284 1056 4342 ait
1068 4283 1219 4363 Scriptura,
1232 4304 1321 4364 parce
1334 4298 1363 4344 et
1377 4299 1483 4352 metere

140 4388 202 4455 Ιοτιν,
212 4381 275 4441 Ἐπ’
289 4374 393 4453 εὐλογία
400 4398 434 4445 ις;
457 4373 534 4432 Μετδ
548 4379 648 4449 πολλῆς
668 4384 716 4451 τῆς
768 4389 796 4434 et
809 4380 860 4456 qni
872 4380 997 4435 seminat
1012 4380 1043 4434 in
1061 4378 1322 4448 benedictionibus,
1343 4378 1381 4435 de
1395 4381 1483 4438 bene-

140 4478 225 4537 ἰιιῦθα
239 4470 287 4550 μίν
301 4459 345 4529 οὐν
365 4465 410 4526 ἐπί
431 4470 484 4524 τῶν
503 4469 633 4543 βιωτικῶν
647 4495 716 4551 πρα-
767 4469 944 4528 dictionibus
956 4482 985 4527 et
995 4480 1092 4526 metet.
1108 4467 1183 4538 Quid
1196 4481 1244 4543 est,
1259 4473 1297 4526 In
1308 4471 1482 4530 benedictio-

142 4565 258 4646 ιᾰμηςὸς
270 4561 318 4624 καί
334 4564 349 4619 ὁ
366 4557 462 4636 σπόρος
474 4562 527 4616 τῶν
549 4560 636 4618 αὐτῶν
659 4565 714 4621 ἐστι
768 4563 874 4620 nibus?
891 4561 962 4619 Cum
981 4578 1078 4637 magna
1094 4558 1229 4638 largitate.
1257 4560 1307 4620 llic
1326 4559 1436 4636 quidem
1452 4561 1481 4621 in

141 4661 200 4722 Ὶςὶ
217 4656 270 4739 γὰρ
291 4658 306 4713 ὁ
326 4650 458 4730 σπείρων,
481 4651 563 4728 πυρὸν
583 4651 600 4721 ἢ
623 4653 714 4732 κριθὰς
765 4654 847 4713 rebus
857 4651 1030 4712 secularibus
1040 4664 1095 4709 tarn
1108 4651 1199 4710 messis
1208 4674 1288 4731 quam
1299 4653 1422 4712 sementis
1433 4674 1482 4713 eo-

140 4750 215 4825 ‚lsri
227 4751 294 4810 ἄλλο
304 4769 331 4804 τι
341 4748 394 4802 τῶν
408 4743 542 4814 τοιούτων,
556 4741 601 4800 καί
615 4745 711 4825 ὁθερί-
765 4744 891 4804 rumdem
911 4757 950 4803 est
965 4743 1099 4802 seminum
1114 4766 1120 4799 :
1135 4744 1256 4823 namqui
1271 4745 1343 4819 serit,
1358 4745 1480 4805 triticum

146 4846 227 4929 θερίζει
244 4841 345 4902 πάλιν·
361 4835 406 4893 tet
419 4834 446 4893 δί
460 4838 507 4906 τῆς
531 4836 711 4913 ἐλεημοσύνης
765 4850 812 4896 aut
826 4836 957 4896 hordeum
968 4835 1091 4911 seminat,
1105 4848 1152 4893 ant
1163 4834 1267 4914 aliquid
1277 4836 1375 4913 simile,
1393 4838 1479 4916 etqui

141 4939 198 5000 tm
212 4936 319 5019 ιςίρως.
336 4928 376 4989 Σίν
395 4927 442 5007 μὲν
462 4930 514 5009 γδρ
534 4929 710 4996 καταῦοίλλεις
729 4929 747 4976 Β
764 4928 850 5006 metit,
862 4928 982 5009 idipsum
991 4932 1118 5001 metit;at
1129 4925 1155 4984 in
1167 4927 1333 5009 eleemosyna
1341 4950 1393 4989 non
1403 4928 1477 4989 idem

140 5031 256 5113 ῦίριςςδί
267 5023 418 5108 παρρησίαν
432 5022 481 5096 τλν
494 5023 557 5102 πρὸς
570 5021 709 5082 τὸνθεόν·
764 5041 815 5078 usu
830 5018 921 5082 venit:
937 5017 985 5077 sed
1002 5017 1106 5101 spargis
1117 5031 1270 5097 argentum,
1288 5034 1313 5080 et
1326 5020 1430 5101 colligis
1443 5021 1477 5081 fi·

141 5199 286 5249 assandus
294 5191 504 5261 προκατασκευάσαι
519 5193 549 5248 τῇ
559 5189 613 5249 χαῖρ.
628 5180 694 5231 Alius
707 5180 777 5246 [illl]
789 5185 930 5238 καταπειθεῖς
941 5186 1105 5233 κατασκευάσαι
1115 5188 1145 5247 τῇ
1154 5186 1211 5248 χείρ.
1285 5248 1325 5305 2²

141 5278 200 5317 ται.
221 5278 265 5317 ιιι.
989 5317 993 5327 ,
