3810 6000
251 377 322 447 829.
585 391 614 438 S.
642 388 784 438 JOhNNlS
811 384 993 434 CHRYSOST.
1023 386 1179 434 AuculEt‘.
1208 385 1484 434 consuturtuov.

303 599 472 660 CXXXIX.
489 595 640 656 Theodoro
650 592 746 668 Syrioe
755 558 915 650 consulari.
1145 588 1210 668 ρλθ’.
1223 589 1358 672 Θεοδώρῳ
1365 590 1564 671 Κονσουλαρίιρ
1578 592 1681 670 Συρίας.

132 793 166 837 Ab
185 806 242 839 turo
291 788 335 848 Tu
343 784 453 864 quidem
467 779 541 841 istud
550 778 670 838 maximo
679 789 838 857 argumento
847 775 897 853 tihi
912 775 972 834 fore
1065 771 1149 838 Αὐτὸς
1164 769 1213 849 μίν
1227 771 1291 852 ἔρης
1314 779 1427 849 σημεῖον
1446 777 1587 832 ποιεῖσθαι
1601 773 1777 853 μέγιστον“τυῖ

99 856 156 974 334
214 854 430 955 'laisrestuas
442 872 521 932 nohis
534 892 606 930 curn
616 890 682 942 esse,
694 868 718 928 si
733 867 971 948 postsuperiorem
1027 864 1190 944 μέλεινὴμῖν
1201 867 1254 923 τῶν
1267 867 1331 938 σῶν,
1343 867 1367 923 εἰ
1381 863 1495 946 δευτέρα
1521 864 1593 943 μετὰ
1613 865 1778 947 τὴνπρπίριι

132 927 156 973 7·
249 969 393 1050 epistolam
408 965 521 1025 alteram
535 961 746 1022 rursusanobis
759 959 901 1041 acceperis.
914 960 971 1019 Nos
1024 955 1150 1026 ἐπιστολὴ
1168 955 1238 1015 ἔλθοι
1248 956 1370 1037 πρδςτλν
1382 955 1434 1029 σὴν
1443 956 1630 1038 λαμπρότητα
1639 961 1699 1037 παρ’
1711 963 1778 1035 ipis.

251 1075 342 1120 autem
360 1059 384 1118 si
406 1056 537 1133 homines,
560 1055 608 1134 qui
625 1055 661 1114 ad
681 1051 803 1113 eamdem
817 1074 875 1112 rem
893 1051 972 1111 nobis
1023 1045 1118 1127 Ἡμεῖς
1133 1045 1161 1106 δέ
1175 1050 1198 1105 εἰ
1220 1051 1272 1107 τῶν
1286 1051 1323 1116 εἰς
1341 1055 1419 1108 τοῦτο
1433 1047 1670 1126 διακονησομένων
1681 1053 1738 1126 ἡμῖν
1750 1054 1780 1109 ελ

251 1172 362 1233 operam
374 1161 513 1222 navarent,
523 1160 620 1228 praesto
635 1145 807 1222 haberemus,
823 1143 859 1203 ad
870 1157 906 1220 te,
921 1142 972 1202 hoc
988 1155 1006 1203 n
1023 1145 1165 1221 ποροῦμεν,
1183 1141 1295 1220 νιρόδας
1317 1141 1349 1200 ἂν
1365 1139 1531 1222 ἐπέμψαμεν
1551 1139 1715 1222 γραμμάτων
1732 1143 1780 1221 τρῖς

251 1255 291 1302 est
300 1240 336 1301 ad
346 1241 484 1300 hominem
494 1252 568 1298 tanta
578 1237 713 1319 probitate
722 1256 753 1295 ac
765 1255 872 1294 morum
881 1233 972 1293 facili·
1024 1231 1106 1315 ἄνδρα
1119 1231 1186 1292 οὕτω
1198 1233 1325 1313 χρηστόν,
1339 1233 1386 1293 καί
1402 1236 1532 1308 ἐπιεικῆ,
1545 1232 1595 1293 καλ
1608 1232 1715 1314 σφοδρὸν
1723 1238 1781 1310 ἡμῖν

251 1347 306 1393 tate
330 1331 488 1413 preditum,
517 1330 656 1408 nostrique
684 1349 775 1387 amore
799 1327 969 1408 flagrantem,
1024 1323 1148 1406 ἐραστὴν,
1176 1325 1222 1384 καὶ
1247 1323 1315 1400 μετὰ
1334 1324 1466 1398 τοσαύτης
1495 1323 1644 1400 ἐπιθυμίας
1667 1325 1781 1406 διγόγαιη

254 1438 382 1503 tantaque
400 1445 461 1483 cnm
483 1422 631 1504 cupiditate
649 1421 775 1502 epistolas
797 1433 902 1479 nostras
921 1440 971 1478 ae·
1024 1420 1102 1495 ἡμῶν
1115 1416 1163 1485 τὰς
1177 1417 1325 1485 ἐπιστολάς.
1336 1417 1409 1478 Ἀλλ’
1422 1417 1520 1490 ἐπειδὴ
1534 1418 1781 1492 τῶτοοίικίνι,τι-
1824 1420 1826 1429 ’

242 1502 406 1596 cipientem,
424 1514 582 1582 sexcenties
602 1512 810 1593 scripsissemus.
836 1512 973 1585 Quoniam
1027 1509 1190 1589 ραοιαλοῦμέν
1204 1531 1250 1568 σου
1264 1508 1312 1582 τὴν
1324 1509 1530 1590 λαμπρότητα,
1544 1509 1585 1586 μὴ
1598 1513 1653 1569 τῶν
1664 1513 1781 1571 ἐπιστολέα

204 1621 208 1625 ’
252 1620 343 1667 autem
364 1607 393 1668 id
412 1607 524 1667 minime
542 1606 615 1683 licet,
628 1606 678 1665 ahs
697 1618 725 1664 te
744 1603 921 1685 postulamus,
941 1623 975 1661 ne
1027 1601 1131 1681 ἀριθμῷ
1151 1609 1254 1682 μετρεῖν
1267 1605 1345 1678 ἡμῶν
1358 1601 1407 1674 τὴν
1421 1600 1547 1679 ιἰγόπην,
1561 1601 1633 1662 ἀλλὰ
1652 1602 1781 1681 καὶσιγιίι·

252 1699 392 1758 caritatem
401 1712 521 1758 nostram
532 1696 708 1779 epistolarum
716 1716 828 1755 numero
842 1694 974 1754 metiaris:
1027 1713 1079 1749 των
1100 1691 1417 1774 καλγραρόντων,ἥνπερ
1431 1693 1479 1752 καὶ
1496 1692 1653 1785 ἔμπροσθεν
1666 1685 1781 1775 είχεςτιρί
1817 1740 1826 1787 ,

252 1809 349 1850 verum
364 1790 422 1850 sive
435 1804 582 1868 taceamus,
597 1788 656 1848 sive
676 1789 837 1865 scribamus,
853 1786 928 1866 quod
942 1785 977 1846 de
1028 1785 1109 1855 αὐτῆς
1121 1785 1218 1864 ψῆρον,
1238 1783 1337 1857 ταύτην
1353 1785 1480 1858 ἀκίνητον
1499 1787 1652 1867 διατηρεῖν,
1671 1786 1781 1864 λογιέόγα
1824 1792 1826 1819 ¹

252 1902 283 1941 ea
295 1881 587 1963 priushahehas,idem
599 1894 752 1940 constanter
762 1879 900 1961 judicium
907 1879 976 1939 reti·
1027 1897 1072 1934 νον
1092 1878 1128 1943 ὡς
1140 1874 1189 1948 τὴν
1209 1875 1287 1956 σιγλν
1299 1881 1364 1955 ἡμῖν
1388 1877 1573 1960 μακροτέραν,
1587 1881 1670 1960 ὠχὴ
1685 1882 1726 1937 τῶ
1737 1879 1780 1959 rpi-

254 1994 333 2034 neas:
359 1972 430 2034 illud
455 1987 545 2034 tecum
572 1987 709 2056 reputans,
734 1971 865 2052 longioris
891 1971 977 2030 nostri
1028 1988 1078 2028 τον
1095 1966 1325 2049 ῥρθομία,όλλ’ἡ
1341 1968 1780 2049 τοῦτόπουκατασκευόζειέρημίτ.
1822 2006 1826 2031 ι

253 2064 356 2125 silentii
371 2086 488 2142 causam,
502 2086 556 2125 non
571 2064 722 2148 pigritiam,
740 2063 788 2125 sod
804 2063 857 2124 loci
876 2062 975 2123 solitu·

254 2154 425 2218 dinemesoe.

401 2358 405 2364 “
418 2351 506 2410 CXL.
521 2349 669 2409 Theodoto
679 2349 813 2408 diacono.
991 2344 1010 2392 C
1252 2335 1305 2413 ρμ’.
1318 2335 1443 2416 Θεοδότῳ
1456 2337 1587 2417 διακόνῳ.

124 2540 165 2570 neu
206 2541 246 2571 ιιι-
296 2513 356 2573 Non
366 2535 483 2594 parvum
491 2512 519 2572 in
531 2525 603 2572 tanta
612 2511 974 2572 solitudinesolatiumnobis
1039 2519 1109 2595 ,Oh
1123 2512 1340 2595 μικρένείχομεν
1348 2513 1527 2596 παραμυθίαν
1540 2517 1568 2574 ἐν
1584 2515 1684 2597 ἐρημίρ
1692 2516 1784 2592 τοσαύτη
1824 2571 1826 2601 Ι

103 2602 134 2632 ¹¹⁰
193 2617 198 2633 '
255 2605 381 2685 hocerat,
392 2605 597 2686 quodadtnam
607 2605 975 2686 suavitatemsaepescrihere
1027 2608 1058 2668 τὸ
1071 2611 1188 2688 συνεχῶς
1204 2604 1329 2665 δύνασθαι
1343 2604 1512 2665 ἐπιστέλλειν
1528 2628 1577 2665 σου
1596 2611 1632 2685 τῇ
1652 2606 1784 2687 γλυπίτηα·
1823 2604 1826 2629 ²

255 2711 409 2778 poteramus
425 2720 432 2755 τ
448 2718 543 2757 ταυτα
564 2697 682 2756 lsaurica
702 2696 774 2756 mala
792 2697 845 2756 hoc
866 2718 974 2776 quoque
1028 2699 1097 2760 ἀλλὰ
1110 2697 1156 2758 καί
1168 2701 1246 2758 τοῦτο
1269 2701 1341 2774 ἡμᾶς
1354 2694 1500 2776 παρείλετο
1512 2698 1569 2754 τῶν
1585 2695 1736 2777 ’Ionopolis
1745 2721 1784 2757 ετ·
1824 2754 1826 2759 .

255 2788 334 2848 nobis
351 2787 529 2849 abstulerunt.
549 2787 653 2847 Exorto
675 2787 748 2847 enim
769 2808 841 2865 vere,
862 2788 974 2849 illorum
1026 2786 1472 2872 κῶνὴπερίατασις.Ἐπιστόντος
1487 2785 1544 2868 γὰρ
1560 2793 1611 2848 τοῦ
1626 2788 1784 2869 &pocione
1823 2820 1826 2835 =

253 2901 359 2959 quoque
370 2880 487 2960 impetus
498 2880 593 2939 llorere
603 2880 693 2961 coepit,
703 2900 735 2939 ae
748 2901 798 2961 per
812 2901 904 2940 omnes
915 2880 974 2941 vias
1025 2884 1072 2943 καί
1092 2882 1127 2943 τό
1146 2885 1193 2954 τῆς
1209 2881 1314 2941 ἐκείνων
1329 2879 1438 2960 ἐρόδου,
1454 2879 1506 2939 καί
1519 2886 1666 2960 πανταχῶ
1677 2885 1724 2942 riis
1734 2881 1784 2940 tta·

253 2972 334 3032 effusi
345 2963 418 3046 sunt,
431 2993 475 3030 eas
485 2971 612 3031 omnibus
628 2993 740 3053 prorsus
751 2972 838 3032 invias
852 2972 971 3033 redden·
1025 2976 1091 3035 εἰσιν
1102 2971 1288 3053 ἐκκεχυμένοι,
1302 2981 1383 3031 πᾶσιν
1396 2971 1516 3039 ἐόιίτους
1530 2971 1784 3039 mammertus
1819 2978 1826 3023 -'

253 3074 302 3121 tos.
316 3063 388 3120 Sane
397 3062 455 3141 jam
471 3074 497 3120 et
518 3061 641 3140 ingenuae
656 3076 784 3123 matrone
798 3077 882 3143 captae
897 3078 971 3143 sunt,
1024 3065 1128 3147 φόρους.
1137 3063 1208 3137 Ἤδη
1218 3068 1278 3143 γοῦν
1287 3062 1333 3122 καί
1341 3071 1463 3142 γυναῖκες
1474 3061 1784 3144 ἐλεύθεραιέιίλωσαι,ττ“ι
1824 3138 1826 3145 Ι

253 3164 282 3210 et
296 3151 350 3211 viri
367 3151 527 3211 obtruncati.
542 3151 634 3223 Quare
649 3153 732 3213 velim
749 3153 819 3212 mihi
841 3155 972 3233 ignoscas,
1025 3158 1116 3239 ἄνδρες
1130 3155 1291 3236 ἐσφάγησαν.
1305 3154 1354 3213 Διδ
1366 3156 1523 3233 παρακαλῶ
1537 3156 1784 3236 συγγινένσκεινῂῖτ
1824 3166 1826 3233 ζ

254 3241 328 3321 quod
339 3263 392 3302 non
406 3243 559 3320 frequenter
569 3241 605 3302 ad
617 3257 644 3303 te
658 3245 820 3325 scripserim.
836 3246 972 3321 Quoniam
1025 3248 1063 3327 μὴ
1080 3253 1196 3330 συνεχῶς
1210 3246 1414 3328 γεγραρηκόσιν.
1430 3245 1549 3321 Ἐπειδὴ
1576 3248 1606 3310 δὲ
1627 3240 1658 3308 εὖ
1681 3240 1783 3318 δίδωθι
1824 3276 1826 3283 ·

254 3333 510 3394 autemnondubito
521 3334 632 3413 quintio
645 3336 800 3397 valetudine
811 3351 901 3397 nostra
915 3359 972 3398 cer·
1023 3338 1249 3419 περισπούδαστόν
1270 3362 1312 3398 σοι
1327 3336 1470 3416 μανθάνειν
1493 3338 1531 3398 τὰ
1556 3341 1623 3419 περὶ
1643 3346 1690 3412 τῆς
1707 3339 1784 3419 ῖγαίιτ

254 3424 309 3484 tior
327 3425 388 3485 lieri
401 3424 504 3506 cupias,
519 3426 585 3485 seito
602 3447 651 3485 nos
664 3428 796 3508 superiori
809 3429 899 3488 hiemo
912 3441 1007 3511 gran
1024 3435 1111 3509 ἡμῶν,
1135 3429 1372 3502 δεινοπαθήσανττς
1396 3431 1529 3509 χαλεπῶς
1556 3432 1632 3491 κατὰ
1652 3433 1695 3492 τὸν
1707 3432 1783 3510 mpla

254 3516 357 3576 viororn
366 3516 394 3576 in
402 3516 513 3577 modum
522 3531 672 3597 aegrotasse,
683 3539 754 3578 nunc
762 3522 972 3602 autempaulum
1025 3523 1103 3583 θόντα
1114 3526 1250 3602 χειμῶνα,
1274 3521 1361 3599 ὀλίγον
1382 3521 1574 3602 ἀνηνέγκαμεν
1592 3525 1781 3598 νῦν,κα“ιδισττ·
1823 3562 1826 3615 γ

253 3609 871 3682 recreatosesse.Quinetiamaerisinconstantia
880 3635 974 3673 rursus
1027 3614 1454 3696 ραχθέντεςποθιντῇοίνωμαλίρ
1467 3623 1518 3677 τοῦ
1531 3613 1780 3699 ἀέρος(κα“ιγίριιὶ
1822 3620 1826 3659 ¹

254 3701 496 3782 perturbati(uam
509 3723 582 3761 nune
595 3723 703 3780 quoque
716 3702 803 3761 hiems
819 3703 973 3784 hicviget),
1024 3714 1069 3767 νῦν
1083 3707 1185 3787 χειμὼν
1203 3711 1315 3768 ἐνταῦθα
1342 3707 1505 3786 ἀκμάζων),
1520 3709 1602 3786 όμως
1620 3711 1777 3792 προσδοιῦμα

254 3807 343 3852 tamen
358 3815 496 3874 speramus
510 3795 577 3871 sore,
592 3808 622 3853 ut
632 3816 694 3853 cum
708 3809 787 3854 estas
799 3795 878 3876 plane
889 3799 973 3857 effnl-
1024 3798 1060 3859 rh
1081 3798 1195 3879 helpone
1216 3804 1264 3872 τῆς
1284 3798 1433 3882 ἀρρωστίας
1447 3801 1617 3875 ἀποθέσθαι,
1632 3805 1775 3881 :supter

254 3885 328 3960 serit,
348 3884 438 3943 morbi
456 3885 583 3962 reliquias
601 3884 776 3965 deponamus.
793 3889 887 3966 Neque
902 3893 973 3948 enim
996 3885 1112 3959 ’·νε’ντος
1125 3896 1171 3949 τοῦ
1192 3889 1288 3973 θέρους.
1302 3890 1387 3950 Οὐδὲν
1402 3889 1455 3970 γδιρ
1479 3895 1562 3970 ἡμῶν
1579 3894 1613 3953 τδ
1633 3896 1705 3971 σῶμα
1717 3890 1773 3950 uir-t

253 3995 353 4054 corpus
377 3988 499 4034 nostrum
511 3976 567 4035 ulla
589 3998 618 4036 re
643 3998 719 4055 aeque
734 3978 920 4058 labefactatur,
944 3996 975 4042 nt
1025 3981 1198 4061 λυμαίνεται,
1209 3987 1245 4050 ὡς
1256 3983 1368 4064 κρυμὸς,
1380 3982 1442 4042 οὔτε
1454 3983 1589 4057 ὀνίνησιν,
1604 3989 1642 4053 ὡς
1660 3977 1770 4064 θέροιμῑτἔ

254 4064 374 4146 frigore3
395 4087 444 4125 noc
467 4088 562 4127 rursus
581 4068 637 4127 ulla
656 4089 685 4127 re
708 4089 784 4148 aeque
799 4072 922 4151 juvatur,
945 4088 975 4133 ut
1026 4078 1104 4146 ἢτοῦ
1118 4075 1263 4134 θάλπεσθαι
1273 4073 1443 4155 παραμυθία.

255 4170 354 4253 aestate,
363 4171 391 4218 et
401 4158 498 4219 caloris
505 4159 610 4218 solatio.

270 4334 272 4337 ι
336 4355 441 4413 CXLI.
457 4355 605 4414 Theodoto
622 4374 659 4412 ex
676 4355 893 4418 consularibus.
1161 4358 1233 4440 ppa'.
1244 4358 1368 4439 Θεοδότῳ
1381 4360 1436 4421 cirri
1450 4362 1665 4444 Κονσουλαρέων.

103 4546 168 4590 Anno
191 4547 247 4593 torre
295 4537 384 4595 Multa
397 4536 530 4596 tibiboua
545 4537 678 4613 eveniant,
694 4538 741 4616 qui
758 4552 813 4597 tam
827 4539 975 4600 honorifice
1067 4540 1161 4601 Πολλοί
1173 4563 1214 4599 σοι
1227 4540 1261 4599 τὰ
1272 4538 1358 4618 ἀγαθὰ
1375 4539 1492 4618 γένοιτο,
1503 4539 1546 4601 ότι
1556 4541 1603 4600 τὸν
1616 4533 1764 4615 utuntur
1823 4571 1826 4601 ι

105 4605 162 4667 404·
255 4628 346 4688 filium
366 4628 513 4709 exceperis.
535 4629 569 4688 ld
581 4629 655 4688 enirn
669 4630 727 4711 ipse
737 4631 817 4690 nohis
834 4633 972 4711 exposuit,
990 4643 1009 4690 ῖῖ
1027 4632 1127 4706 σαότης
1139 4631 1256 4700 θπεδέξω
1277 4634 1366 4710 τιμῆς.
1378 4634 1469 4691 Τοῦτο
1489 4632 1541 4714 γλρ
1567 4633 1644 4698 αὐτὸς
1657 4637 1711 4709 ἡμῖν
1727 4622 1764 4689 lii
1823 4662 1826 4692 ι

255 4741 305 4779 nec
314 4720 471 4796 occultavit,
484 4732 544 4777 turn
559 4742 638 4779 suum
653 4741 716 4801 erga
728 4736 833 4802 patrem
848 4724 975 4783 affectum
1027 4728 1111 4801 λωσε,
1126 4724 1170 4785 καλ
1184 4727 1231 4784 οὐκ
1251 4723 1372 4803 ἔκρυψεν,
1385 4726 1454 4802 όμοῦ
1480 4747 1509 4783 τε
1529 4723 1579 4796 τὴν
1604 4719 1717 4804 repitit
1731 4735 1764 4772 π
1823 4751 1826 4781 :

254 4811 406 4888 ostendens,
432 4823 490 4869 tum
510 4832 558 4870 nos
580 4801 682 4891 ingenti
706 4812 799 4872 letitia
823 4814 973 4874 cumulans.
1027 4817 1091 4900 τέρα
1103 4814 1304 4896 εὐγνωμοσύνην
1316 4815 1606 4893 ἐπιδεικνύμενος,καλ
1619 4820 1684 4892 ἡμᾶς
1694 4808 1763 4872 milit
1823 4846 1826 4872 ;

254 4903 398 4982 Siquidem
416 4903 467 4962 hac
490 4903 518 4962 in
532 4924 561 4962 re
580 4903 684 4984 duplici
706 4925 753 4964 nos
776 4905 878 4965 honore
901 4907 974 4966 affici
1027 4912 1162 4987 ἐμπλῆσαι
1175 4906 1331 4985 βουλόμενος
1350 4905 1545 4979 ἡδονῆςἘπεί
1559 4897 1764 4985 saltereiensi-

254 5016 402 5073 censemus,
415 5009 474 5056 tum
483 4996 559 5075 quia,
579 4995 715 5075 quidquid
729 4996 775 5055 ille
789 4997 913 5058 beneficii
926 5020 972 5058 nc·
1027 5002 1099 5070 πλῆν
1112 4996 1246 5077 ἡγοίμεθα
1270 4988 1398 5068 εἶναιτὴν
1416 4997 1510 5074 τιμὴν,
1531 5002 1570 5078 τῷ
1583 5021 1611 5057 τε
1624 5001 1687 5074 ἡμᾶς
1700 4984 1762 5048 &wli

288 5167 299 5191 ¹
315 5152 409 5217 [Savil.
418 5153 443 5204 in
455 5165 525 5205 textu
538 5163 577 5208 τοῦ
589 5161 681 5221 ἀμελεῖν
693 5163 753 5223 ἡμᾶς
765 5169 808 5210 τῶν
820 5171 872 5219 σῶν,
882 5165 901 5212 εί
912 5163 1015 5232 δευτέρα.
1030 5159 1061 5212 ln
1074 5174 1153 5226 marg.
1165 5158 1232 5224 conj.
1244 5166 1262 5210 ιί
1273 5166 1307 5223 μδ
1320 5159 1394 5220 hrot-l
