3764 5992
127 391 196 465 252
437 414 469 460 S.
497 414 636 462 JO.·lllll'lS
661 414 843 461 crtutsosr.
872 414 1028 460 Aucrtffit‘.
1056 412 1325 462 consummor.

106 542 216 617 initas,
238 537 482 619 continentiamque
499 539 605 619 eligere,
614 553 640 598 et
651 558 757 598 manere
778 559 840 597 curn
893 548 993 618 τηρεῖν,
1023 538 1068 597 καὶ
1088 536 1243 616 ἐγκράτειαν
1270 541 1415 617 αἱρεῖσθαι,
1437 538 1483 597 καὶ
1505 548 1553 608 τοῖς

123 630 225 690 relictis
244 630 345 712 pueris,
364 632 493 711 majorem
508 631 558 690 Dei
581 629 795 691 benevolentiam
804 628 841 689 sic
893 626 1035 710 λειφθεῖσιν
1051 629 1184 708 ἐπιμένειν
1209 628 1343 700 παιδίοις,
1365 632 1412 692 καλ
1433 630 1507 709 παρά
1529 656 1552 691 τι

125 726 301 789 conciliando.
319 727 354 786 Et
371 727 395 788 si
416 750 470 807 qua
488 728 604 787 secundo
623 728 724 788 nubere
744 727 841 786 marito
860 721 877 766 Β
893 721 1002 781 πλείονα
1016 719 1064 793 τὴν
1083 720 1184 780 εὔνοιαν
1200 719 1410 781 ἐπισπάσασθαι.
1436 718 1483 782 Ἂν
1506 724 1529 781 δ’
1550 757 1552 773 ι

124 818 205 895 volet,
220 839 281 879 cum
296 817 426 877 modestia
450 818 635 894 achonestete,
650 818 839 878 etdecentissi-
890 815 1011 893 βουληθῇ
1031 812 1150 893 δεύτερον
1162 814 1347 892 ἐπεισαγαγεῖν
1360 813 1492 894 νυμφίον,
1520 838 1552 890 με

124 910 177 970 mis
190 910 296 991 legibus
311 909 477 987 boclaeia15
494 932 556 970 narn
570 924 596 970 et
604 910 656 969 boo
664 908 838 991 permittitur:
893 905 1036 986 φροσύνης,
1057 903 1126 984 μετά
1146 903 1321 983 σεμνότητος,
1335 905 1467 983 μετὰτῶν
1481 930 1552 987 προσ.

122 1001 263 1062 fornicatio
275 1015 366 1061 autem
382 1001 438 1060 sola
450 1000 643 1061 etadulterium
653 1001 840 1082 probibentur.
893 997 993 1074 νόμων·
1007 999 1054 1057 καὶ
1072 997 1125 1078 γδρ
1147 996 1193 1056 καὶ
1214 1003 1292 1058 τοῦτο
1313 1001 1431 1078 ἐφεῖται,
1455 997 1552 1078 πορνιίε

124 1091 198 1151 lianc
211 1092 295 1172 igitur
311 1092 448 1173 fugiamus
460 1105 486 1151 et
503 1093 630 1173 conjuges
638 1108 665 1153 et
681 1093 796 1169 caelibes,
810 1113 842 1152 ne
893 1087 1011 1148 κόελυται
1034 1089 1111 1167 μόνον
1125 1089 1171 1148 καλ
1195 1088 1313 1169 μοιχεία.
1326 1089 1437 1161 Ταύτην
1459 1090 1543 1149 τοίνυν

122 1182 409 1244 dedecoremusvitam
432 1197 561 1261 nostram,
579 1185 707 1245 nevitam
730 1207 841 1266 agamus
894 1202 953 1257 rm,
974 1179 1020 1239 ml
1039 1184 1064 1240 οἱ
1088 1189 1217 1260 γυναῖκα
1238 1180 1361 1260 ἔχοντες,
1385 1180 1433 1239 ml
1446 1185 1471 1240 el
1484 1181 1521 1260 tul
1543 1185 1551 1240 l

123 1273 277 1353 ridiculam,
296 1295 382 1353 neque
394 1274 546 1356 polluamus
565 1297 673 1357 corpus,
687 1298 773 1356 neque
784 1298 841 1336 ma·
893 1271 939 1330 καὶ
962 1271 1001 1350 μὴ
1022 1271 1242 1353 καταισχύνωμεν
1265 1276 1343 1348 ἡμῶν
1357 1272 1402 1332 τὸν
1418 1271 1486 1350 βίον,
1502 1274 1551 1349 μηδ

123 1363 177 1423 lam
197 1364 386 1424 conscientiam
405 1366 434 1425 in
448 1379 565 1426 mentem
580 1365 748 1428 inducamus.
763 1372 841 1444 Quo·
892 1364 1019 1444 γίλαστον
1042 1368 1127 1444 ζῶμεν
1147 1363 1227 1438 ζωὴν,
1251 1361 1318 1441 μηδὲ
1342 1362 1498 1441 μολύνωμεν
1516 1363 1547 1422 τὸ

123 1454 203 1515 modo
219 1455 291 1515 enim
311 1469 373 1536 post
392 1456 613 1517 consuetudinem
626 1479 689 1517 eum
706 1458 801 1518 scortis
813 1458 840 1518 in
893 1455 961 1534 μηδὲ
973 1457 1087 1535 πονηρὸν
1104 1456 1218 1523 συνειδὸς
1228 1458 1265 1522 εἰς
1277 1453 1327 1526 τὴν
1341 1454 1459 1514 διάνοιαν
1469 1457 1551 1533 εἴσαγε

121 1546 261 1606 ecelesiam
271 1545 363 1606 venire
379 1547 479 1627 poteris
490 1547 504 1606 ἐ
515 1547 650 1628 quomodo
663 1570 769 1623 manus,
781 1550 840 1629 qui·
849 1594 887 1634 Ἀ,
893 1550 957 1617 Πῶς
969 1548 1020 1631 γδιρ
1040 1551 1077 1616 εἰς
1091 1547 1233 1621 ἐκκλησίαν
1248 1548 1332 1606 ἐλθεῖν
1345 1546 1446 1626 δυνήσῃ
1462 1545 1551 1624 μετδτ

121 1639 173 1697 bus
191 1652 308 1698 scortum
328 1640 506 1714 contrectasti,
533 1640 562 1699 in
575 1641 672 1700 celum
699 1640 841 1701 extendere
858 1640 940 1709 Λτδς
950 1641 1048 1721 πόρνας
1062 1640 1181 1719 ὁμιλίαν,
1201 1643 1259 1707 πῶς
1279 1636 1327 1706 τάς
1346 1645 1439 1720 χεῖρας
1453 1641 1490 1707 εἰς
1500 1639 1544 1698 τὸν

121 1729 259 1790 arrdebis?
272 1729 407 1809 quomodo
418 1729 539 1809 linguam
556 1753 672 1807 movere,
684 1747 711 1793 et
723 1754 770 1793 ore
792 1734 839 1793 illo
893 1737 1041 1805 ἀνατεῖναι,
1067 1723 1109 1800 αἷς
1125 1731 1174 1804 vlu
1196 1730 1297 1813 πόρνην
1310 1729 1550 1810 περιελάμόανεςςΙ

123 1820 266 1897 invocare,
292 1842 345 1900 quo
364 1835 482 1881 scortum
505 1823 640 1883 osculatus
664 1824 720 1884 es?
741 1825 840 1904 quibus
891 1829 970 1898 νῆσαι
996 1827 1127 1903 γλῶτταν,
1153 1822 1199 1883 καλ
1224 1825 1262 1902 τῷ
1292 1821 1407 1901 στόματι
1430 1821 1540 1881 καλέσαι

121 1913 208 1973 oculis
226 1912 370 1973 intueberis
389 1913 490 1973 amicos
515 1914 700 1976 honestiores?
723 1916 760 1977 Et
773 1917 840 1996 quid
890 1908 913 1998 ᾧ
936 1917 984 1991 ele
1000 1916 1100 1996 πόρνην
1125 1914 1268 1997 ἐφίλησαςς
1281 1914 1366 1982 ποίοις
1382 1914 1550 1994 όφθαλμοῖςθ

120 2003 183 2064 dico
196 2004 320 2065 amicost
336 2005 450 2066 Etiamsi
464 2007 556 2067 nullus
567 2009 689 2070 conscius
703 2009 748 2086 sit,
762 2023 791 2069 tu
805 2025 840 2070 te·
891 2011 973 2091 φίλων
995 2008 1056 2077 τούς
1079 2006 1264 2088 σεμνοτίρουςς
1280 2006 1333 2066 Καὶ
1355 2005 1381 2065 τί
1398 2005 1469 2085 λέγω
1486 2004 1543 2073 τὼς

121 2096 210 2177 ipsum
225 2096 327 2177 cogeris
345 2096 465 2157 maxime
477 2099 599 2160 omnium
616 2102 755 2163 ruboreac
771 2123 838 2162 con·
892 2098 948 2160 Κᾶν
969 2101 1022 2180 γὰρ
1041 2100 1133 2178 μηδεὶς
1146 2104 1161 2159 δ
1173 2098 1296 2165 συνειδὼς
1317 2089 1352 2177 ᾖ,
1370 2097 1403 2157 σύ
1429 2098 1525 2157 σαυτδν
1546 2125 1550 2151 ν

120 2188 224 2248 lusione
239 2187 446 2270 perfunderem
461 2190 580 2251 maxime
599 2193 720 2252 omnium
742 2214 839 2274 eorpus
891 2192 976 2272 σθήσῃ
1001 2192 1055 2275 πρὸ
1076 2191 1182 2252 πάντων
1201 2193 1322 2272 ἐρυθριᾷν
1346 2189 1392 2249 καὶ
1413 2189 1550 2270 αἰσχύνεσθ

120 2279 262 2360 proprium
283 2280 442 2339 abominari.
468 2283 539 2340 Nam
562 2283 584 2343 si
606 2284 658 2344 boc
681 2306 734 2344 non
760 2300 838 2357 esset,
889 2287 996 2346 πάντων
1020 2287 1120 2363 μᾶλλον
1142 2283 1172 2343 εδ
1196 2287 1289 2343 ἑαυτοῦ
1309 2283 1496 2362 βδελύττεσθαι
1517 2283 1549 2342 eil

120 2391 203 2449 quare
223 2371 259 2431 ad
280 2371 407 2431 balneum
427 2386 486 2454 post
502 2388 639 2454 peceatum
654 2376 725 2437 illud
737 2378 838 2438 curris?
889 2381 941 2459 γδρ
964 2378 1002 2458 μὴ
1025 2384 1103 2439 τοῦτο
1123 2369 1168 2451 ἦν,
1183 2376 1252 2444 τίνος
1274 2376 1361 2435 ἕνεκεν
1382 2376 1427 2435 ἰπὶ
1443 2378 1549 2455 βαλανεῖ

119 2481 207 2521 nonne
234 2462 297 2542 quia
325 2462 398 2522 ornni
420 2464 479 2522 luto
500 2464 706 2527 immundiorem
723 2468 838 2551 teipsum
891 2471 939 2546 τὴν
953 2471 1085 2554 ἁμαρτίαν
1098 2472 1202 2553 τρέχεις
1219 2470 1340 2542 ἐκείνην,
1364 2472 1412 2529 οὐκ
1423 2469 1515 2541 ἐπειδὴ
1536 2471 1549 2548 β

119 2576 175 2613 csse
188 2556 302 2615 censes?
316 2555 406 2628 Quam
419 2556 503 2636 igitur
514 2559 643 2639 majorem
658 2560 838 2621 immunditiae
890 2564 988 2631 παντὸς
1008 2563 1216 2645 ἀκαθαρτότερον
1230 2561 1322 2621 ἐαυτὸν
1342 2551 1410 2620 εἶναι
1431 2560 1545 2638 νομίζεις

120 2661 172 2705 tuae
184 2647 371 2728 probationem
379 2649 535 2726 quaerisvel
549 2673 630 2730 qnam
640 2654 728 2712 Deum
741 2674 838 2734 exspe·
890 2658 981 2738 ἑτέραν
994 2659 1082 2727 ζητεῖς
1091 2656 1200 2735 μείζονα
1213 2653 1344 2722 ἀπόδειξιν
1353 2657 1402 2725 τῆς
1417 2659 1470 2713 τῶν
1481 2678 1549 2734 γετί*

119 2753 175 2797 ctas
192 2739 348 2798 sententiam
361 2739 499 2815 daturum,
513 2741 622 2820 quando
639 2756 668 2802 tu
690 2743 758 2825 ipse,
791 2747 839 2825 qui
856 2762 874 2808 Β
890 2749 1100 2831 ἀκαθαρσίας,ἥ
1118 2749 1178 2808 τίνα
1198 2748 1242 2807 τδν
1264 2748 1333 2808 Θεὸν
1354 2748 1548 2829 προσδοκᾳςψ·

120 2828 271 2907 deliquisti,
286 2830 364 2890 talem
378 2829 413 2889 de
424 2831 500 2890 lactis
520 2833 575 2891 tuis
585 2835 743 2896 senteutiam
754 2840 839 2898 tenes?
891 2867 956 2916 σειν,
969 2843 1032 2902 ὅταν
1052 2845 1066 2900 ό
1085 2837 1322 2918 πεπλημμεληκὼς
1346 2836 1378 2898 eb
1391 2837 1516 2911 τοιαύτην
1536 2860 1548 2896 ε

120 2919 207 3000 lgitur
215 2921 287 2999 quod
299 2921 420 3003 impuros
432 2944 461 2982 se
470 2944 526 2983 esse
539 2940 656 3000 censent,
668 2928 750 2989 valde
759 2930 840 2990 laudo
890 2935 1072 3015 γεγενημένων
1087 2932 1197 3012 γνώμην
1210 2932 1291 3012 ἔχῃς,
1303 2929 1368 2990 Ὀτι
1381 2930 1430 3009 μὲν
1443 2920 1490 2989 οὖν
1502 2934 1548 2991 α’κο

120 3025 146 3070 et
163 3012 313 3091 approbo:
332 3013 405 3091 quod
426 3029 513 3074 autern
541 3036 593 3076 non
617 3032 720 3079 rectum
743 3021 840 3102 purili-
891 3027 997 3095 ἑαυτοὺς
1016 3018 1082 3086 εἶναι
1099 3022 1364 3104 νομίζουσι,σφόδρα
1386 3025 1489 3083 ἐπαινῶ
1502 3021 1547 3082 καὶ

121 3102 200 3161 candi
211 3102 322 3164 modum
347 3104 474 3181 habeant,
503 3106 637 3188 improbo,
665 3125 840 3195 etpropterce
892 3143 992 3200 χομαι·
1017 3119 1057 3178 ότι
1082 3116 1109 3178 δὲ
1124 3120 1171 3177 οὐκ
1194 3116 1238 3176 ἐπὶ
1252 3116 1297 3175 τὸν
1310 3115 1545 3194 προσήκοντατῶν

122 3194 295 3276 reprebendo.
305 3198 374 3256 Nam
393 3197 415 3256 si
426 3200 573 3279 corporalis
582 3203 769 3280 maculaesset‚
778 3207 842 3287 jure
893 3213 956 3273 σίων
979 3213 1102 3295 ἔρχονται
1114 3210 1220 3292 τρόπον,
1239 3211 1344 3288 ἐγκαλῶ
1366 3207 1410 3267 διδ
1430 3215 1510 3268 τοῦτο
1530 3231 1547 3267 κ

121 3286 280 3347 balneorum
294 3289 528 3370 purificationibus
551 3314 649 3375 cerpus
675 3296 776 3380 ipsum,
793 3299 841 3359 ab·
893 3330 985 3386 φομαι.
1008 3307 1042 3365 El
1065 3303 1114 3382 μέν
1135 3302 1186 3383 γδιρ
1209 3299 1385 3378 σωματικδςδ
1400 3299 1481 3380 ῥύπος
1503 3291 1545 3373 ἥν,

122 3378 209 3438 lueres
216 3402 226 3457 γ
238 3381 356 3440 animam
372 3394 461 3440 autem
473 3403 535 3441 cum
546 3384 727 3463 coinquinaris
735 3403 761 3450 et
785 3391 841 3450 im·
892 3407 947 3467 τοῖς
969 3401 1021 3457 τῶν
1043 3394 1190 3476 βαλανείων
1205 3399 1350 3473 καθαρμοῖς
1371 3392 1466 3451 ἐαυτὸν
1488 3391 1547 3452 eet:

122 3492 218 3550 puram
232 3472 337 3545 leceris,
354 3472 434 3532 tnlem
444 3494 535 3553 quaere
547 3476 772 3557 purificationem,
783 3505 842 3562 qum
893 3489 942 3562 τλν
964 3487 992 3549 δὲ
1005 3487 1092 3570 ψυχὴν
1114 3483 1319 3566 καταρρυπάνας
1344 3481 1391 3541 καλ
1411 3482 1529 3554 ποιήσας

123 3562 198 3622 lllllss
211 3563 345 3623 maculam
359 3565 469 3625 illlum
482 3567 590 3648 Ρθῖθῐίῐ·
606 3568 687 3642 Quod
698 3587 788 3633 autem
804 3591 843 3636 est
892 3605 947 3655 τον,
966 3588 1081 3641 τοιοῦτον
1100 3579 1173 3651 ζήτει
1191 3576 1343 3655 καθάρσιον,
1358 3573 1432 3646 dele
1456 3573 1547 3648 ἐκείνη

27 3698 114 3726 anunm
124 3654 199 3715 illius
227 3656 339 3715 maculat!
370 3656 523 3718 balneum?
549 3660 640 3720 Calidi
660 3663 843 3746 lacrymarum
893 3671 1048 3752 ἀποσμῆξαι
1069 3672 1220 3745 δυνήσεται.
1246 3670 1328 3729 Ποῖον
1352 3668 1381 3726 δί
1402 3670 1461 3727 ἐστι
1483 3672 1547 3740 τῆς·

2 3749 50 3787 ime
76 3745 220 3818 veronus,
235 3747 523 3828 gemituseprolrmdo
540 3752 629 3814 cordis
650 3757 818 3821 ascendentes
830 3807 840 3840 ,
894 3763 1025 3847 ἁμαρτίας
1044 3764 1076 3824 τό
1105 3763 1257 3842 βαλανεῖννς
1285 3760 1394 3838 θῑρμαὶ
1417 3759 1546 3839 δακών

125 3838 296 3918 compunctio
310 3851 449 3918 perpetua,
465 3861 556 3921 preces
570 3845 715 3925 continue,
732 3848 844 3912 elcemo·
859 3865 879 3913 c
895 3855 1037 3937 στεναγμοὶ
1050 3854 1169 3914 κάτωθεν
1181 3854 1235 3913 ἀπὸ
1248 3853 1360 3931 καρδίας
1380 3851 1516 3925 ἀνιόντες,
1528 3874 1546 3910 κ

124 3948 209 4008 synae,
220 3941 246 3986 et
259 3927 435 4009 eleemosynae
449 3930 540 4011 large,
555 3953 607 3993 non
621 3935 692 3997 ultra
698 3939 757 3999 bare
763 3962 842 4022 opere
894 3948 1032 4021 διηνεκὴς,
1048 3947 1126 4027 εὐχαὶ
1145 3950 1271 4020 ἐκτενεῖς,
1289 3943 1483 4023 ἐλεημοσύναι,
1498 3943 1545 4003 καί

123 4033 262 4096 attentare,
272 4018 527 4122 condemnarequod
535 4024 689 4088 factumest.
696 4030 843 4113 ltapeccati
894 4041 971 4103 σθναι
985 4042 1119 4120 δαψιλεῖς,
1135 4039 1165 4098 τδ
1178 4041 1346 4114 καταγνῶναι
1360 4038 1414 4094 τῶν
1432 4058 1546 4115 γεγενημ

122 4126 219 4172 natura
231 4110 362 4190 abluitur,
378 4111 416 4170 ita
430 4129 598 4195 expurgatur
610 4119 705 4181 animae
723 4127 842 4203 martula,
896 4131 993 4213 μηκέτι
1005 4141 1060 4199 τοῖς
1083 4134 1169 4196 αὐτοῖς
1188 4131 1358 4210 ἐπιχειρῆσαι
1381 4130 1539 4207 πράγμασιν

123 4201 304 4283 atqueadeosi
313 4202 372 4262 baec
380 4225 432 4262 non
440 4204 594 4286 fecerimus,
603 4210 709 4273 etiarnsi
718 4214 843 4278 inomnes
894 4224 1026 4304 ἁμαρτίας
1049 4222 1237 4302 δτιοσμήχεται
1258 4219 1349 4300 φύσις,
1372 4218 1456 4286 eirene
1482 4223 1546 4280 ἕνεκα

123 4296 266 4356 lluminum
281 4295 366 4355 fontes
375 4294 603 4378 descenderimus,
618 4321 705 4382 neque
727 4329 843 4389 parvam
894 4322 941 4389 ,ἧς
952 4321 1039 4398 ,γη-,ἧς
1060 4320 1075 4374 ὁ
1093 4315 1189 4395 ῥύπος·
1203 4311 1272 4372 ὥστε
1293 4310 1339 4371 ἐὰν
1360 4311 1398 4390 μὴ
1413 4317 1546 4370 τοιαῦται

123 4387 197 4447 illius
210 4386 311 4469 peceati
330 4401 436 4470 partem
459 4387 593 4470 depellere
604 4397 761 4475 poterimus.
784 4404 843 4465 lmo
893 4409 943 4469 κᾶν
968 4407 1074 4474 ἁπάσας
1093 4409 1146 4464 τῶν
1168 4407 1296 4482 ποταμῶν
1323 4403 1467 4480 διέλθοιμεν
1494 4402 1544 4469 τδς

122 4479 195 4559 quod
205 4478 309 4555 melius,
318 4499 351 4539 ne
359 4492 520 4540 attentemus
534 4481 586 4543 boe
595 4486 843 4576 abominabilepee-
893 4499 951 4562 οὐδὲ
966 4499 1060 4578 μικρὸν
1073 4502 1121 4570 τῆς
1142 4496 1274 4576 ἁμαρτίας
1290 4494 1389 4568 ταύτης
1402 4493 1545 4575 θφελέσθαι

122 4587 222 4632 catum.
240 4570 270 4632 Si
295 4570 356 4650 quis
375 4584 466 4631 autem
486 4573 631 4653 aliquando
655 4583 844 4664 supplantatus
894 4600 962 4673 μκθα
984 4591 1071 4671 μίρος.
1084 4589 1125 4650 Tb
1147 4589 1194 4668 μίν
1212 4578 1255 4648 oin
1271 4587 1387 4666 όμεινον,
1402 4585 1501 4664 μηκέτι
1514 4608 1545 4646 πε

123 4662 418 4744 luericbaeesubjiciat
436 4665 562 4743 remedia,
583 4669 660 4749 prius
686 4675 844 4754 promittens
893 4684 948 4744 ὅιῑν
963 4687 1010 4755 τῆς
1033 4689 1154 4762 μυσαρδς
1175 4679 1273 4749 ταύτης
1292 4677 1434 4758 ἁμαρτίας.
1449 4679 1485 4738 Et
1513 4679 1537 4737 δ’

122 4781 175 4820 non
192 4761 262 4819 ultra
276 4781 304 4819 se
319 4760 346 4819 in
359 4759 417 4819 baec
425 4761 625 4842 prolapsurum.
646 4768 725 4828 Certe
741 4771 765 4830 si
774 4793 842 4853 pec-
893 4774 1069 4846 θπεσκελίσθη
1092 4772 1170 4847 ποτὲ,
1192 4780 1278 4834 ταῦτα
1299 4768 1439 4831 ἐπιτιθέτυν
1462 4770 1545 4851 ripe

121 4866 209 4911 cantes
223 4850 490 4911 condemnaverimus
497 4852 608 4932 quidem
621 4877 728 4937 ea,quae
734 4862 792 4942 jam
803 4864 842 4923 l'e·
857 4875 877 4922 n
893 4868 1019 4948 πρότερον
1033 4864 1212 4947 ὑποσχόμενος
1225 4864 1322 4943 μηκέτι
1335 4872 1390 4929 τοῖς
1401 4865 1489 4929 αὐτοῖς
1502 4886 1544 4944 περ

120 4942 218 5019 cimus,
234 4943 332 5002 iterum
352 4956 440 5002 autern
459 4944 553 5004 eadem
568 4960 739 5026 attentemus,
765 4955 841 5014 nulla
893 4957 941 5027 Ὡς
955 4959 1001 5018 etv
1015 4957 1210 5040 ἁμαρτάνοντες
1231 4952 1476 5033 καταγινώσκωμεν
1492 4959 1544 5014 τῶν

120 5032 172 5091 erit
181 5033 377 5112 purificationis
389 5035 504 5096 utilitas.
521 5037 575 5109 Qui
585 5040 657 5100 enim
670 5041 802 5125 abluitur,
813 5061 839 5108 et
892 5050 1054 5133 γινημένων,
1078 5049 1159 5109 παλιν
1173 5047 1200 5108 δὲ
1213 5057 1268 5115 τοῖς
1290 5049 1378 5114 αὐτοῖς
1391 5051 1544 5128 ἐπιχειρῶμ

120 5123 214 5183 eodem
239 5123 296 5182 luto
320 5123 417 5184 iterum
437 5125 603 5208 inquinatur,
628 5134 717 5212 etqui
740 5135 835 5200 demo-
890 5148 956 5221 ἡμῖν
971 5142 1062 5223 ὄφελος
1082 5140 1157 5201 ἐσται
1169 5143 1222 5200 τῶν
1233 5137 1395 5218 καθαρσίων.
1407 5137 1443 5198 ‘0
1460 5137 1515 5218 γδρ
1536 5164 1544 5198 ι

119 5215 185 5276 litur
197 5215 295 5276 iterum
305 5215 380 5293 qnod
391 5217 548 5294 edificavit,
560 5237 587 5283 et
600 5225 647 5303 qui
655 5227 773 5292 edificet
789 5231 835 5293 ite-
892 5252 982 5314 μενος,
997 5234 1092 5315 καὶτῷ
1109 5236 1182 5314 αύτῷ
1193 5231 1273 5293 πάλιν
1283 5229 1517 5312 ἐγκυλινδούμενος
1531 5236 1544 5313 p
