3764 5992
114 449 180 498 122
436 441 463 490 S·
484 439 625 491 torturus
650 437 828 488 cantsosr.
853 436 1009 486 tucatur.
1036 432 1307 486 constituerunt.

113 572 186 656 quid
206 589 253 630 mo
266 570 466 651 persequeris?
479 565 581 647 piscem
601 566 675 626 hune
696 563 831 645 ingentem
885 561 912 621 τί
928 585 962 641 με
986 560 1105 635 διώκεις;
1125 559 1207 628 οὕτως
1227 558 1333 634 ἡλίωσε
1347 559 1392 620 τθν
1407 557 1483 641 ίχθθν
1498 562 1594 620 τοῦτον
1616 560 1663 620 τὸν

113 666 233 749 piscatus
251 675 299 723 est.
314 661 351 722 Et
371 659 446 740 quod
466 660 495 720 in
515 659 589 741 pisce
613 657 739 737 contigit,
752 675 834 736 qrrem
888 654 983 733 μέγαν.
1008 645 1127 714 Καθαῖοι
1149 653 1194 714 ἐπὶ
1213 659 1260 712 τοῦ
1275 650 1363 732 ἰχθύος
1381 651 1496 731 γέγονεν,
1511 651 1541 711 όν
1554 651 1662 723 ῆλίοισε

112 757 193 838 jussu
205 753 316 815 Domini
327 752 445 834 piscatus
458 765 497 811 est
506 752 614 827 Petrus,
628 749 681 808 hoc
694 761 720 808 et
735 748 763 807 in
783 747 835 807 isto
888 745 989 826 Πέτρος
1008 746 1077 806 κατὰ
1090 746 1122 807 τδ
1139 745 1300 826 πρόσταγμα
1314 743 1345 804 τὸ
1357 744 1524 818 δεσποτικὸν,
1542 742 1661 803 τοιοῦτόν

43 845 47 852 ’
115 845 217 909 evenit.
239 843 380 923 Siquidem
394 843 440 903 hie
458 840 660 922 quoquepiscis
677 841 706 900 in
719 860 765 899 ore
781 852 834 898 sta·
887 864 914 899 τι
924 839 971 899 καί
990 838 1034 899 ἐπὶ
1050 837 1143 899 τούτου
1154 837 1261 912 συνίόη.
1274 836 1328 901 Καὶ
1346 837 1399 917 γὰρ
1412 836 1459 896 καὶ
1470 826 1574 905 ούτοςθ
1589 833 1663 916 ίχθθς

115 953 199 999 terem
219 937 321 997 habens
343 940 470 997 inventus
489 948 547 1011 est,
565 946 690 993 staterem
713 929 833 1011 quidem,
888 930 979 1011 εθρόθη
998 933 1119 1010 στατῆρα
1140 930 1210 1010 ἔχων
1223 933 1250 990 ἐν
1264 932 1302 1008 τῷ
1317 928 1444 1007 στόματι,
1464 933 1589 1010 στατῆρα
1604 925 1662 1005 μίν,

115 1030 374 1091 sedadnlterinom:
385 1029 487 1110 qnippe
498 1025 643 1107 quinelum
657 1024 836 1102 haberet,sed
888 1023 1013 1095 κίύδηλον
1026 1022 1069 1082 δέ·
1090 1013 1146 1103 εἶχε
1167 1021 1215 1100 μὲν
1236 1022 1289 1101 γὰρ
1310 1023 1398 1096 ζῆλον,
1421 1022 1451 1081 οὗ
1466 1023 1527 1081 κατ’
1543 1019 1662 1099 ἐπίγνω-

115 1143 170 1184 υου
185 1121 334 1182 secundum
349 1120 499 1181 scientiam.
514 1122 657 1200 Propterea
674 1139 737 1178 cum
750 1118 835 1178 scien·
888 1139 931 1175 σιν
955 1114 992 1176 δά.
1013 1115 1065 1175 ott
1078 1121 1156 1176 τοῦτο
1170 1114 1219 1187 τὴν
1234 1113 1376 1194 ἐπίγνωσιν
1389 1115 1462 1195 αὐτῷ
1479 1111 1662 1193 χαρισάμενος

115 1214 182 1275 tiam
190 1214 232 1275 illi
246 1214 361 1294 largitus
371 1227 438 1273 esset
448 1215 530 1288 Deus,
538 1211 655 1292 probum
667 1209 835 1270 illumnum·
887 1212 902 1267 ὁ
918 1208 1002 1282 Θεδς,
1016 1208 1123 1287 δόκιμον
1137 1209 1245 1280 ἐποίησε
1259 1207 1291 1266 τδ
1313 1206 1447 1286 νόμισμα·
1469 1204 1517 1264 καί
1532 1204 1602 1285 ὅπερ
1617 1202 1662 1262 ἐπὶ

115 1328 192 1366 mum
209 1305 348 1366 reddidit:
362 1316 388 1363 et
409 1302 484 1382 qnod
506 1302 610 1383 piscatu
630 1301 718 1382 captis
735 1299 835 1360 accidit
889 1303 941 1360 τῶν
952 1299 1128 1379 ἁλιευομένων
1143 1299 1241 1379 ἰχθύων
1251 1299 1366 1379 γίνεται,
1382 1304 1460 1358 τοῦτο
1472 1297 1519 1356 καί
1534 1296 1582 1357 ἰπὶ
1599 1294 1661 1356 τού-

114 1397 246 1480 piscibus,
260 1397 312 1456 hoc
322 1409 348 1456 et
363 1394 392 1454 in
406 1394 458 1463 isto
468 1392 576 1454 accidit.
590 1395 662 1453 Nam
675 1405 705 1452 ut
719 1391 760 1451 illi
771 1412 833 1451 cum
888 1415 934 1452 του
947 1391 1047 1472 γίγονι.
1059 1390 1187 1470 Καθάπερ
1199 1390 1250 1472 γθρ
1263 1395 1357 1453 διεῖναι
1367 1395 1413 1450 τοῦ
1424 1389 1558 1468 πελάγους
1568 1387 1662 1456 sitdiu<

115 1490 238 1572 primum
250 1486 366 1549 extracti
381 1507 396 1546 e
411 1485 479 1545 mari
492 1485 603 1558 fuerint,
617 1483 757 1545 confestim
771 1484 835 1544 ceci
851 1497 871 1546 c
889 1482 1090 1551 άνελκνσθίντες
1104 1484 1329 1564 ἀποτυφλοῦνται,
1342 1481 1412 1542 οὕτω
1429 1481 1476 1541 καὶ
1496 1473 1574 1548 οὗτος
1587 1478 1662 1549 δεξά-

115 1581 186 1642 liunt
201 1604 208 1639 ε
222 1579 262 1640 sic
283 1593 309 1640 et
323 1579 373 1639 iste
388 1577 529 1638 confestim
549 1578 662 1638 hamum
674 1575 791 1658 excepit,
809 1590 834 1636 et
890 1598 965 1653 μενος
977 1576 1071 1644 εὐθέως
1092 1576 1123 1636 τδ
1145 1575 1297 1656 ἄγκιστρον,
1310 1575 1357 1635 καί
1376 1573 1558 1645 ἀνασπασθεὶς
1568 1571 1663 1638 ettae

115 1686 253 1733 extractus
274 1670 414 1731 confestim
428 1683 467 1729 est
485 1683 765 1730 excecatuszverum
787 1688 835 1727 ex·
889 1667 1075 1747 ἐπετυρλώθη·
1096 1669 1154 1727 ἀλλ’
1175 1667 1263 1739 ἐκείνη
1282 1670 1300 1739 ἡ
1318 1665 1448 1746 τύρλωσις
1470 1672 1563 1724 πᾶσαν
1576 1664 1661 1725 οἰκου-

115 1762 226 1824 caecatio
236 1761 436 1836 haecellecit‚ut
443 1774 514 1822 totus
524 1760 736 1840 orbisssterrarum
745 1759 835 1820 visum
890 1757 972 1838 μάνην
991 1759 1138 1840 ιἰναόλέψαι
1158 1759 1275 1830 ἐποίησε.
1295 1760 1381 1820 Ταῦτ’
1399 1749 1443 1817 οἷν
1469 1757 1578 1817 ἅπαντα
1597 1757 1662 1816 ἰδεῖν

114 1855 257 1936 reciperet.
267 1854 337 1913 flaec
346 1853 432 1933 igitur
442 1851 534 1913 omnia
547 1852 627 1934 cupio
640 1873 755 1913 cernere.
766 1853 837 1910 Nam
890 1854 1020 1931 ἐπιθυμῶ.
1035 1852 1089 1912 Καὶ
1097 1850 1149 1934 γὰρ
1161 1855 1185 1911 al
1196 1853 1311 1928 πόλεμος
1324 1857 1390 1928 ἡμῖν
1402 1848 1584 1930 περιειστήκει
1596 1853 1662 1928 βερ-

115 1945 139 2007 si
146 1947 226 2006 forte
235 1945 339 2007 bellum
348 1965 397 2004 nos
406 1944 579 2004 barbaricum
590 1942 803 2017 circumsideret,
811 1956 838 2003 et
892 1942 1015 2025 όαρικδς,
1025 1944 1073 2004 καί
1092 1944 1137 2003 ἐπὶ
1151 1947 1200 2015 τῆς
1211 1943 1383 2024 παρατάξεως
1396 1945 1422 2002 ol
1439 1941 1566 2021 πολέμιοι
1580 1939 1662 2021 μυρία

114 2038 144 2099 in
157 2039 246 2099 aciem
258 2036 384 2118 dispositi
402 2035 493 2096 hostes
507 2037 645 2095 innumera
659 2035 737 2095 nobis
751 2056 837 2115 nego-
891 2047 1018 2118 παρεῖχον
1040 2042 1104 2117 ἡμῖν
1128 2035 1289 2119 πράγματα,
1316 2025 1375 2094 εἶτα
1399 2039 1414 2094 θ
1435 2033 1584 2114 στρατηγὸς
1608 2036 1661 2092 τῶν

114 2130 154 2190 tia
176 2130 344 2206 facesserent,
371 2128 469 2190 deinde
490 2128 670 2188 barbarorum
702 2129 841 2188 exercitus
892 2128 1044 2212 βαρόάρων,
1070 2135 1085 2190 ὁ
1110 2126 1192 2209 μυρία
1216 2127 1359 2208 προσάγων
1383 2125 1588 2206 μηχανήματα,
1617 2122 1662 2184 καὶ

114 2222 226 2300 ductor,
235 2223 282 2302 qui
296 2221 428 2281 machinis
439 2241 487 2280 nos
498 2233 665 2302 oppugnaret
677 2219 836 2293 innumeris,
891 2216 979 2281 πάντα
997 2220 1116 2302 συγχέων
1131 2221 1165 2281 ed
1178 2221 1312 2301 ἡμέτερα,
1323 2219 1370 2281 καὶ
1380 2221 1479 2279 πολλοῦ
1493 2216 1607 2300 θορύόου
1616 2215 1662 2276 καὶ

114 2336 211 2394 resque
221 2329 326 2375 nostras
336 2334 429 2373 omnes
439 2313 621 2388 conturbaret,
633 2325 660 2371 et
671 2313 793 2373 tumultu
805 2334 838 2372 ac
891 2318 1012 2395 ταραχῆς
1024 2317 1143 2395 πληρῶν,
1156 2313 1202 2373 καί
1216 2314 1266 2388 τῆν
1285 2313 1362 2373 πόλιν
1382 2310 1464 2383 αὐτὴν
1483 2313 1602 2371 ἀπειλῶν
1614 2333 1663 2370 κα-

113 2405 318 2485 perturbatione
333 2405 488 2487 compleret,
502 2403 599 2463 urbem
616 2403 703 2484 ipsam
715 2403 838 2465 funditus
890 2405 1046 2487 τασκάψειν,
1056 2405 1103 2466 καὶ
1117 2405 1286 2486 παραδώσειν
1301 2404 1378 2487 πυρὶ,
1398 2405 1444 2464 καί
1465 2402 1586 2464 δουλείαν
1597 2407 1662 2482 ἡμῖν

116 2517 276 2557 eversurum
289 2519 317 2557 se
330 2498 494 2575 minaretur,
509 2509 535 2557 et
552 2496 615 2577 igne
633 2517 836 2576 succensurum,
893 2498 1137 2576 ἐπανατεινόμενος,
1167 2497 1289 2580 ἐξαίφνης
1309 2496 1360 2557 θπδ
1388 2501 1435 2556 τοῦ
1466 2494 1598 2576 βασιλέως
1618 2501 1663 2555 τοῦ

114 2587 165 2667 qui
179 2589 333 2649 servitutem
346 2589 498 2666 intentaret,
512 2588 652 2648 confestim
666 2589 700 2648 ab
713 2591 838 2670 Impera-
892 2589 1023 2672 ήμετίρου
1047 2591 1128 2660 δεθείς
1149 2591 1319 2671 αἷχμαλωτος
1344 2592 1381 2657 εἰς
1400 2587 1448 2662 τὴν
1472 2588 1552 2648 πόλιν
1568 2587 1663 2667 ἤγετο,

113 2693 174 2740 tore
189 2695 282 2741 nostro
293 2681 400 2741 vinctus
415 2695 441 2740 et
454 2680 578 2762 captivus
591 2681 619 2740 in
645 2681 741 2741 urbem
754 2681 840 2742 intro·
856 2693 876 2740 θ
892 2681 988 2751 πάντες
1002 2683 1034 2742 δν
1046 2682 1114 2762 μετὰ
1128 2687 1259 2764 γυναικῶν
1273 2680 1319 2741 καλ
1330 2678 1443 2740 παιδίων
1455 2680 1522 2760 πρδς
1531 2678 1581 2752 τὴν
1597 2685 1662 2739 θεω-

114 2769 271 2841 duceretur,
283 2792 371 2831 nonne
381 2792 474 2831 omnes
488 2793 550 2831 cum
563 2773 725 2832 mulieribus
733 2786 758 2832 et
769 2795 836 2854 pne-
894 2774 951 2856 ρίαν
960 2775 1063 2849 ἐκείνην
1077 2775 1282 2851 ἕξεπηδήσαμεν.
1292 2773 1371 2833 Ἐπεί
1381 2764 1424 2833 ούν
1435 2773 1480 2831 καὶ
1490 2778 1535 2831 νῦν
1549 2771 1664 2850 πόλεμος

113 2861 183 2922 rnlis
196 2860 232 2922 ad
245 2863 428 2943 spectaculum
442 2862 514 2922 illud
527 2863 836 2942 exsiliremuszuando
891 2866 1059 2942 συνέστηκεν,
1073 2867 1208 2928 Ἰουδαίων
1232 2864 1410 2947 θορυόούντων
1425 2863 1531 2924 ἅπαντα
1551 2864 1597 2923 καλ
1614 2888 1662 2923 τα-

114 2953 201 3032 igitur
214 2967 241 3013 ct
254 2975 326 3014 nunc
338 2954 441 3014 bellum
455 2968 495 3014 est
508 2953 651 3033 indictum,
666 2954 733 3015 dum
743 2958 835 3016 omnia
893 2957 1049 3041 ραττόντων,
1063 2960 1110 3020 καί
1130 2959 1216 3020 πολλὰ
1239 2963 1335 3039 τῇτῆς
1348 2954 1512 3030 Ἐκιιλησίας
1532 2955 1662 3038 άσραλείρ

114 3046 286 3109 confundunt
294 3047 458 3126 turbantque
471 3050 489 3110 J
492 3046 573 3126 udmi,
586 3062 611 3108 et
624 3047 719 3107 multis
732 3048 836 3107 machi·
890 3050 1076 3137 προσαγόντων
1090 3050 1287 3132 μηχανήματα,
1298 3049 1328 3109 τὸ
1347 3047 1375 3109 δὲ
1391 3049 1535 3129 κεφάλαιον
1549 3053 1602 3108 τῶν
1616 3073 1662 3108 πυ

115 3137 297 3198 nisEcclesiae
305 3139 424 3217 quietem
434 3160 466 3198 ac
477 3140 644 3200 securitatem
659 3156 831 3221 oppugnant3
889 3143 987 3221 λεμίων
1011 3134 1045 3214 ἦν
1064 3146 1213 3216 όΠαῦλος,
1237 3147 1252 3202 θ
1270 3142 1378 3202 πάντων
1393 3139 1499 3217 μείζονα
1513 3140 1561 3199 καί
1581 3144 1662 3199 ποιῶν

115 3243 198 3310 capnt
206 3243 296 3290 autern
306 3244 332 3290 et
344 3230 470 3313 princeps
478 3232 599 3292 hostium
610 3254 673 3292 cum
683 3247 752 3294 esset
764 3237 834 3295 Pau·
891 3234 937 3295 καί
955 3234 1058 3316 λέγων,
1080 3238 1095 3293 ό
1117 3233 1206 3293 πάντα
1222 3233 1338 3312 θορυύῶν
1353 3231 1398 3291 καὶ
1412 3231 1561 3310 ταράττων,
1585 3230 1660 3302 ἔδησε

115 3321 169 3398 lus,
179 3321 227 3400 qui
236 3323 427 3411 majoraquam
436 3325 525 3383 caeteri
537 3324 664 3401 faciebat,
674 3324 833 3402 aedicebat,
891 3325 919 3385 dl
937 3325 1015 3387 αὐτὸν
1028 3331 1043 3386 ό
1056 3325 1152 3407 Κύριος
1164 3328 1242 3405 ἡμῶν
1253 3325 1356 3397 Ἰησοῦς
1371 3323 1501 3404 Χριστὸς,
1513 3328 1529 3383 θ
1541 3321 1661 3402 βασιλεὺς

115 3412 164 3492 qul
174 3427 268 3474 conen
278 3413 408 3474 miscebat
416 3428 442 3475 et
452 3415 639 3491 conturbabat,
647 3417 705 3496 jam
715 3417 835 3476 aDoml·
890 3418 1056 3498 θὴμίτερος,
1070 3417 1147 3491 ίδησε
1169 3417 1216 3478 καί
1241 3418 1411 3498 αἰχμάλωτον
1425 3415 1553 3495 είοήγαγε
1573 3421 1661 3475 roseo

93 3508 95 3513 ’
116 3523 152 3566 tto
170 3517 263 3565 nostro
281 3506 347 3567 Jesu
364 3505 472 3566 Christo
485 3506 649 3589 Imperatore
667 3521 757 3568 nostro
771 3509 833 3569 vin·
889 3512 935 3572 τδν
951 3509 1039 3571 πάντα
1055 3509 1310 3591 acceptissimos
1325 3508 1469 3583 ἐξέλθωμεν
1483 3505 1600 3574 ἅπαντες
1619 3506 1661 3566 tet

116 3607 176 3657 (tus
188 3609 241 3674 est,
251 3611 278 3657 et
290 3595 415 3679 captivus
427 3599 561 3659 abductus
570 3599 616 3678 qui
631 3614 726 3660 cuncta
739 3623 836 3682 susque
890 3602 939 3677 τὴν
962 3600 1074 3683 θεωρίαν
1089 3601 1197 3677 ταύτην,
1219 3600 1288 3661 ὥστε
1315 3602 1379 3660 ἰδεῖν
1393 3597 1471 3660 αδτδν
1489 3599 1660 3680 αἰχμάλωτον

116 3683 437 3766 dequevmtebatnonad
449 3691 835 3775 spectaculumistndegredie-
891 3695 1034 3776 είγόμενονς
1046 3694 1100 3755 Καί
1122 3694 1175 3776 γθρ
1194 3699 1218 3754 ol
1239 3694 1345 3774 ἄγγελοι
1357 3691 1418 3752 τότε
1432 3694 1464 3750 ἐκ
1476 3694 1531 3750 τῶν
1545 3693 1660 3773 οὐρανῶν

117 3798 181 3836 mur
194 3797 295 3854 omnes,
303 3791 333 3838 ut
347 3779 485 3861 captiuum
496 3781 585 3862 ipsum
597 3781 661 3843 duci
675 3783 834 3848 videamus?
852 3808 872 3857 tt
890 3790 1001 3868 ὁρῶντες
1016 3786 1094 3848 αὐτὸν
1112 3785 1247 3864 δεδεμένον
1261 3784 1307 3844 καὶ
1321 3782 1500 3864 εἰσαγόμενον,
1513 3780 1658 3864 ἐσκίρτων·

116 3869 187 3928 Nam
196 3881 223 3928 ct
235 3868 325 3948 angeli
336 3889 423 3930 cume
436 3871 510 3931 caelis
520 3876 609 3953 ipsum
621 3874 687 3935 duci
697 3878 835 3958 captivum
890 3883 938 3940 οὐκ
961 3878 1053 3953 άπειδῆ
1067 3877 1203 3958 δεδεμένον
1225 3866 1292 3936 ε’ίδον
1317 3875 1404 3955 μόνον,
1418 3875 1478 3933 ἀλλ’
1493 3873 1587 3946 ἐπειδὴ
1606 3877 1658 3934 tu·

117 3971 264 4036 cernerent,
279 3959 469 4020 exsultabant:
481 3983 535 4023 non
552 3964 626 4042 quod
638 3966 760 4027 vinctum
778 3990 834 4030 cer·
890 3970 963 4031 νόουν
981 3971 1056 4041 όσους
1078 3968 1230 4052 ἀνθρώπως
1244 3967 1296 4029 ἀπὸ
1314 3971 1368 4027 τῶν
1381 3967 1485 4045 δεσμῶν
1496 3965 1569 4026 λύειν
1581 3965 1660 4045 ἔμελ-

117 4050 568 4154 nerenttantum,sedquia,quam
577 4056 834 4120 multoshominesa
889 4065 951 4122 λιν·
971 4065 1020 4123 οθκ
1043 4063 1134 4136 ἕπειδὴ
1159 4059 1577 4144 χειρεγωγούμενονέθιάσαντο,
1600 4061 1658 4119 ἀλλ’

116 4142 235 4204 vunculis
244 4142 422 4224 expediturus
435 4160 511 4221 esset,
524 4147 835 4230 cogitabantenonquod
891 4152 981 4229 ἐπειδὴ
1009 4155 1169 4234 ἐλογίζοντο,
1195 4152 1269 4222 ὅσοις
1293 4151 1445 4234 ἀνθρώπους
1469 4150 1583 4228 ίμελλιν
1608 4151 1660 4212 tet

116 4255 199 4295 manu
207 4234 272 4295 duci
281 4237 580 4318 spectarent,sedquod
589 4254 678 4300 mente
688 4258 833 4321 versarent,
889 4251 938 4321 τῆς
952 4252 1001 4328 γῆς
1027 4252 1063 4316 εις
1083 4246 1127 4307 τὸν
1149 4247 1259 4329 οὐρανὸν
1277 4251 1451 4326 χειραγωγεῖν
1475 4247 1585 4311 ἐκεῖνος·
1607 4243 1660 4304 Διὶ

116 4348 199 4406 quam
213 4328 313 4389 multos
325 4329 448 4397 homines
463 4330 492 4390 in
506 4331 602 4392 eaelum
616 4354 631 4392 e
645 4333 724 4393 terris
737 4335 840 4415 injecta*
888 4344 967 4401 τοῦτο
1000 4338 1122 4422 ίχαιρον,
1156 4342 1204 4398 οθκ
1238 4337 1331 4409 ἐπειδὴ
1364 4334 1559 4418 πεπηρωμίνον
1581 4326 1660 4409 εἶδον,

115 4440 200 4479 manu
214 4434 281 4480 εεεει
289 4419 499 4482 introducturus.
511 4426 657 4505 Propterea
670 4425 832 4506 gaudebant,
888 4433 948 4492 ἀλλ’
974 4431 1065 4504 ἐπειδὴ
1094 4430 1210 4492 ἐνενόουν
1233 4430 1311 4498 όσους
1334 4428 1442 4507 ἔμελλεν
1467 4427 1522 4488 ἀπὸ
1548 4427 1660 4495 σκότους

116 4530 168 4571 που
182 4511 257 4592 quod
265 4525 428 4573 excecatum
438 4512 572 4588 viderent,
586 4516 635 4576 sed
645 4517 720 4596 quod
733 4517 833 4579 intelli·
887 4523 1031 4604 ἐξαγαγεῖν.
1059 4523 1208 4606 Πορεύθητι
1234 4520 1305 4602 γὰρ,
1332 4519 1423 4601 φησιν,
1446 4521 1482 4586 εις
1508 4518 1543 4580 εδ
1572 4518 1658 4596 ἔθνη,

116 4617 217 4706 gerent,
233 4617 346 4684 quantos
359 4607 751 4670 essctetenebrisedncturus:
765 4614 834 4673 Pro·
885 4617 931 4676 καί
956 4616 1110 4686 ἀπαλλάξας
1134 4614 1227 4684 αὐτούς
1253 4614 1307 4675 ἀπὸ
1330 4613 1453 4686 σκότους,
1479 4613 1660 4690 μεταστήσας

114 4693 235 4797 lictsoere
244 4696 473 4775 namque,inquit,
486 4696 521 4756 ad
534 4713 635 4779 gentes,
651 4714 703 4763 eta
716 4704 873 4788 tenebris„
885 4707 978 4776 αὐτούς
1003 4711 1040 4778 είς
1071 4709 1120 4781 elo
1146 4707 1282 4788 duodelini
1312 4708 1364 4778 τῆς
1388 4704 1495 4785 ἀγάπης
1527 4704 1658 4784 Χριστυῖ.

114 4784 242 4847 liberatos
256 4787 404 4870 inrcgnum
415 4809 460 4848 eos
470 4788 622 4852 dilectionis
632 4793 733 4855 Christi
744 4810 832 4857 trans-
847 4806 866 4852 Λ
882 4801 936 4860 Διὰ
951 4805 1034 4861 ταῦτα
1061 4801 1092 4861 τὸ
1104 4798 1242 4881 προοίμιον
1265 4798 1356 4879 ἀφεὶς,
1379 4798 1417 4864 εἰς
1439 4795 1471 4855 ed
1495 4793 1578 4874 μίοον
1605 4797 1658 4857 άλ-

114 4877 192 4938 fffi·
213 4881 358 4981 PmPleseff
390 4879 471 4941 ml⁵⁸⁰
496 4883 621 4965 0¹⁰rtllO,
645 4885 681 4946 ad
710 4887 830 4949 medium
882 4895 974 4953 λεσθαι
993 4891 1108 4953 σπεύδω.
1132 4894 1240 4961 Παῦλος
1262 4889 1315 4971 γδρ
1336 4887 1383 4949 καί
1403 4892 1419 4947 θ
1442 4886 1552 4948 Παύλου
1576 4888 1660 4960 πόθος

114 4988 230 5048 propero
249 4971 401 5030 transilire:
421 4992 484 5032 nam
505 4975 607 5036 Paulus
625 4990 652 5037 et
670 4977 697 5037 in
712 4979 830 5041 Paulum
881 4985 1030 5064 ἠνάγκασεν
1043 4989 1115 5062 ἡμᾶς
1136 4985 1257 5056 πηδῆσαι
1270 4987 1347 5044 τοῦτο
1365 4978 1396 5039 τὸ
1410 4979 1532 5057 πίδημα.
1546 4980 1658 5051 Παῦλος

113 5080 190 5129 amor
200 5059 274 5120 bunc
284 5060 458 5124 daresalt'um
477 5086 525 5126 nos
537 5068 633 5148 coegit.
650 5070 753 5132 Paulus
763 5073 828 5134 etin
881 5076 927 5136 καὶ
945 5081 960 5137 θ
982 5076 1089 5137 Παύλου
1103 5073 1192 5142 πόθος.
1207 5073 1350 5154 Σύγγνωτί
1371 5096 1434 5151 μοι,
1448 5073 1550 5151 μᾶλλον
1563 5070 1593 5132 dl
1615 5072 1655 5150 μῆ

113 5151 230 5256 l'aulum
240 5171 326 5212 amor.
341 5155 624 5233 Ignoscitemilri2rel
635 5161 737 5243 potius,
747 5164 829 5226 nolite
880 5167 1027 5249 σύγγνωτε,
1053 5165 1189 5227 ἀλλὰκαὶ
1213 5164 1350 5238 ζηλώσατε
1372 5163 1418 5223 etv
1440 5163 1528 5244 lpum
1548 5172 1653 5226 muns.

16 5296 19 5302 ,
111 5243 827 5324 ignoscere,sedetamoremistumaemulamini.llam
878 5257 913 5320 ‘0
929 5258 978 5337 μίν
989 5259 1041 5340 γδιρ
1050 5259 1147 5318 ἄτοπον
1164 5260 1229 5338 δρῶν
1243 5256 1348 5339 ἔρωτα,
1373 5255 1480 5324 εἰκότως
1492 5255 1655 5336 συγγνώμην
