3810 6000
382 506 416 554 ru
443 505 678 556 uscnusroumr
703 505 738 556 n.
766 507 802 554 u.
831 506 859 553 ι.
887 504 921 553 c.
950 505 993 553 rr
1018 505 1052 553 ru
1079 505 1224 554 eunucu.
1253 504 1332 555 uer.
1362 504 1400 553 ιι.
1579 479 1652 577 935

108 630 230 710 βασιλεῖ,
251 629 300 689 κᾶν
323 630 361 709 μὴ
376 630 473 699 πάντες
492 619 557 691 ύσιν
577 629 715 709 ὁμότιμοι,
735 630 793 689 ἀλλ’
810 625 883 706 ὅμως
935 612 1090 688 scissionem
1108 629 1205 706 facere,
1230 643 1256 688 et
1277 648 1407 709 magnum
1423 623 1497 687 illud
1508 625 1652 686 minuere?

108 720 266 800 τετίμηνται
282 724 345 802 παρ’
359 720 456 782 αὐτοῦ·
475 720 557 787 οότως
570 719 645 781 ἔσται
659 720 705 780 καί
725 718 794 779 τότε.
813 717 883 779 otu
935 719 1089 780 Habeamus
1102 720 1186 800 igitur
1203 721 1304 803 pignus
1326 721 1390 781 vitae
1410 719 1552 780 nostruin
1572 721 1650 796 cae103

108 813 162 895 γδιρ
176 813 273 881 πάντες
288 813 386 893 ὁμοίως
396 813 616 875 ἐπολιτεύσαντο·
628 813 764 881 Ἕκαστος
774 811 826 893 γὰρ
839 810 883 871 τὸν
935 812 1048 872 assumti
1061 834 1155 872 surmus
1181 835 1233 873 una
1249 834 1310 872 cum
1327 813 1444 871 Christo.
1464 814 1569 871 Rursus
1582 825 1653 870 certe

108 902 175 963 ίδιον
188 904 281 983 μισθὸν
293 905 406 985 λήψεται
419 905 488 965 κατὰ
498 905 544 964 τόν
558 905 624 975 ἰδιον
638 905 729 964 κόπον.
740 902 882 972 Μηδέποτι
936 903 1073 984 rapiemur
1088 905 1114 963 in
1125 904 1253 980 nubibus,
1268 904 1290 963 si
1307 903 1384 983 digni
1398 903 1537 980 fuerimus,
1553 904 1599 983 qui
1610 902 1653 965 illi

107 994 197 1054 τοίνυν
220 995 361 1055 κωλυέσθω
382 996 459 1076 λόγος
474 998 561 1070 Θεοῦ,
578 996 647 1056 ἀλλὰ
669 994 737 1073 μετὰ
759 991 1093 1085 ἀληθείαςπῡὶοοιιίνιίιιιι
1106 995 1215 1056 obviam
1227 994 1375 1054 ueniamus.
1395 995 1529 1053 Reusnon
1542 994 1652 1054 obviam

108 1086 354 1167 παρρησιαζόμεθα
378 1088 491 1154 ἅπαντες
511 1089 539 1145 ἰν
565 1087 657 1168 ἀγάπη
678 1089 795 1166 Χριστοῦ
820 1085 881 1145 λαὸν
899 1104 920 1149 Α
936 1088 1010 1146 venit
1021 1087 1119 1168 judici,
1136 1086 1285 1148 sedectam
1298 1109 1328 1147 eo
1343 1088 1458 1165 sistitur,
1473 1108 1522 1147 nec
1535 1088 1653 1147 occurrit

108 1177 273 1258 τρέφοντες,
284 1179 372 1259 ψυχὰς
394 1177 561 1260 ἀρδεύοντες,
585 1183 683 1260 ψυχαῖς
708 1176 882 1257 μεριζόμενοι,
937 1179 977 1237 iili
992 1202 1132 1258 umquam,
1149 1194 1240 1261 utpote
1252 1181 1299 1259 qui
1312 1180 1402 1239 minus
1419 1179 1516 1239 habeat
1535 1179 1651 1241 fiduciae.

108 1277 168 1335 ταῖς
184 1268 212 1328 δὲ
232 1269 366 1337 ὑπονοίαις
383 1269 421 1348 μή
440 1270 598 1350 οχιζόμενοι.
612 1269 647 1330 Ὁ
668 1269 773 1349 εἰρήνης
792 1266 884 1349 igini<
937 1270 1080 1330 Precemur
1096 1271 1185 1351 itaque
1198 1285 1224 1330 et
1238 1292 1286 1330 nos
1304 1292 1403 1348 omnes,
1416 1272 1557 1349 carissimi,
1572 1285 1602 1333 ut
1615 1272 1654 1332 si-

108 1358 168 1440 ἔχει
177 1361 221 1420 τὸν
236 1360 386 1428 δικάζοντα.
402 1360 455 1421 Καί
470 1360 580 1434 ἐπειδὴ,
594 1361 717 1442 ἀδελροί,
731 1358 884 1440 ἀνθρώπως
937 1382 997 1420 mus
1009 1382 1043 1420 ex
1055 1383 1167 1421 numero
1180 1383 1273 1423 eorum
1287 1364 1333 1440 qui
1346 1362 1399 1444 ipsi
1411 1361 1520 1423 obviam
1534 1362 1652 1441 venient,

109 1450 160 1529 μὲν
173 1451 309 1531 πείθομεν,
317 1454 380 1534 Θεῷ
392 1453 419 1512 δὲ
431 1451 639 1534 πεφανερώμεθα
653 1445 703 1512 οἷοί
712 1455 803 1530 ἐσμεν,
817 1451 884 1534 μόρ-
936 1452 1000 1513 licet
1010 1454 1036 1512 in
1047 1453 1143 1513 minori
1155 1454 1258 1514 ordine.
1270 1457 1307 1514 Ut
1320 1456 1392 1514 enirn
1406 1455 1425 1513 ii
1436 1455 1483 1534 qui
1495 1455 1551 1534 regi
1561 1476 1653 1514 occur·

107 1568 155 1612 τος
165 1548 179 1603 ό
189 1549 242 1604 τῶν
253 1547 357 1603 ἐννοιῶν
369 1545 502 1619 ἐπόπτης,
515 1544 697 1617 θςιίπαιτήσιι
707 1544 783 1624 λόγον
795 1543 884 1603 πάντα
936 1557 1009 1620 runt,
1020 1544 1186 1604 etiamsinon
1198 1545 1357 1626 omnespari
1372 1547 1399 1605 in
1414 1546 1516 1605 honore
1529 1547 1592 1619 sint,
1605 1546 1653 1605 ho-
1805 1590 1820 1629 4

108 1634 156 1694 τόν
168 1637 300 1695 λαλοῦντα
312 1636 343 1695 τὸ
359 1639 462 1717 ψεῦδος,
480 1640 516 1705 ὥς
529 1635 653 1696 οὐδέποτε
671 1636 761 1717 ἰχθροί
779 1635 884 1715 εἰρήνης
936 1634 1419 1716 uoriiicetamen⁴excipitrntu1·aheo
1434 1661 1441 1693 :
1457 1637 1554 1696 sicerit
1564 1652 1591 1696 et
1603 1636 1653 1696 illo

108 1725 171 1786 οὗτε
188 1727 373 1805 ἠθελήσαμεν,
393 1727 452 1787 ούτε
471 1728 579 1806 θέλομεν
597 1728 728 1808 γενέσθαι.
751 1726 817 1786 Ἐὰν
831 1725 882 1806 γὰρ
900 1731 919 1778 B
937 1739 1063 1806 tempore.
1080 1728 1174 1805 Neque
1184 1729 1255 1786 enim
1277 1749 1368 1787 omnes
1382 1727 1596 1789 eodernmvendi
1607 1751 1653 1810 ge·
1869 1802 1874 1815 Ι

107 1817 160 1890 τήν
174 1819 280 1898 εἰρήνην
299 1819 486 1898 ἀπολέσωμεν,
506 1819 596 1900 ἐχθροί
609 1822 689 1899 ἔσμεν
709 1819 815 1879 ἐκείνων
829 1822 883 1878 τῶν
935 1839 998 1877 nere
1020 1831 1083 1878 sunt
1113 1819 1251 1878 usiznam
1269 1821 1475 1902 Unusquisque
1494 1821 1802 1881 mercedemt·cor·³-8·

109 1911 280 1971 ἀκουσάντων
293 1911 367 1991 παρὰ
383 1913 516 1992 Χριστοῦ,
536 1911 639 1992 Εἰρήνη
659 1916 732 1990 ὑμῖν.
751 1910 821 1970 Ἀλλ’
842 1909 883 1970 ότι
935 1930 1019 1969 sunm
1030 1908 1163 1990 accipiet,
1177 1912 1338 1970 seeundum
1347 1916 1497 1992 proprium
1509 1914 1651 1973 laborem.

108 2000 217 2084 εἰρήνην
230 2001 350 2081 θέλομεν,
363 2002 409 2063 καί
420 2002 583 2082 σπεύδομεν,
595 2003 640 2062 καί
649 2008 794 2082 ποθοῦμεν,
811 2001 883 2083 μύρ-
935 2004 1091 2080 Numquam
1115 2004 1205 2081 itaque
1218 2003 1381 2085 impediatur
1400 2005 1515 2064 verbum
1535 2005 1653 2083 Christi;

106 2097 180 2162 τνςό
194 2093 268 2162 εἰδώς
279 2095 357 2175 ·π“ερ“ι
372 2093 399 2153 δὲ
414 2100 466 2154 τῶν
478 2097 576 2155 λοιπιῦν
591 2097 771 2173 σιωπήσομεν.
783 2093 819 2154 ‘0
830 2093 882 2174 γὰρ
935 2093 983 2153 sed
996 2115 1059 2153 cum
1074 2094 1187 2155 veritate
1210 2094 1340 2154 fiduciam
1352 2094 1500 2168 habeamus
1514 2118 1606 2157 omncs
1619 2098 1648 2158 in

108 2184 259 2267 βραδιντλν
279 2186 449 2267 ἐκδεχόμενος
469 2189 515 2248 τὸν
528 2187 662 2268 Occu-effi
682 2186 812 2269 ἀπολογίᾳ
831 2191 882 2269 οὐχ
935 2185 1046 2245 caritate
1057 2186 1168 2262 Christi,
1179 2186 1312 2267 populum
1321 2202 1468 2267 pascentes,
1479 2188 1584 2248 animas
1591 2189 1652 2249 irri-

106 2275 250 2358 θόρίζιιτδ
262 2277 317 2338 ἄνω
331 2278 510 2359 δικαστήριον.
524 2281 641 2347 Δυνατδς
660 2280 687 2339 δὲ
705 2279 799 2349 θΘεδς
812 2278 882 2359 εἰρή-
935 2290 1037 2357 gaules,
1060 2277 1158 2336 animis
1183 2277 1276 2351 divisi,
1299 2279 1346 2338 sed
1371 2279 1577 2358 cogitationibus
1599 2301 1654 2341 nou

105 2390 155 2440 νην
180 2370 284 2444 δοῦναι,
311 2368 418 2450 εἰρήνην
440 2369 537 2443 πῆξαι,
560 2371 666 2453 εἰρήνην
688 2370 834 2454 βραδεῦσαι
854 2374 881 2431 lu
934 2368 1028 2428 divisi.
1055 2369 1133 2429 Pacis
1155 2368 1282 2430 iuimicus
1292 2369 1412 2451 judicem
1424 2371 1516 2431 lrabct.
1531 2370 1568 2431 Et
1586 2392 1654 2450 quo-

63 2472 68 2485 “
106 2467 163 2528 τοῖς
182 2459 341 2541 κηρύττουσι
360 2461 406 2520 καί
428 2464 455 2521 ἐν
479 2471 533 2530 τοῖς
552 2463 774 2543 κηρυττομένοις,
787 2467 813 2525 ἰν
827 2471 882 2532 τοῖς
935 2459 1019 2532 niam,
1035 2460 1142 2537 fintres,
1155 2459 1428 2542 hominibusquidem
1442 2463 1533 2525 verbis
1545 2484 1655 2545 persua·

107 2551 262 2611 διδιόσκουσι
277 2552 324 2612 καί
336 2555 364 2611 ἰν
376 2563 431 2621 τοῖς
450 2554 641 2632 μανθάνωσιν,
660 2554 703 2614 ἰνα
718 2555 762 2616 διὰ
775 2555 881 2616 πάντων
935 2551 1039 2629 demus,
1049 2554 1107 2612 Deo
1118 2566 1208 2623 autfflt
1220 2553 1286 2615 illes
1296 2554 1433 2628 videmur,
1441 2555 1534 2634 (1113168
1546 2564 1652 2635 sumus,

107 2643 163 2704 (ἰπδ
176 2644 281 2724 εἰρήνης
291 2643 442 2725 ἀρξόμενοι,
452 2646 497 2706 καί
511 2648 538 2704 ἰν
550 2648 639 2729 εἰρήνη
653 2648 825 2726 μεσοίσαντες,
836 2650 882 2710 καί
925 2644 1011 2730 ‚testis
1024 2659 1064 2704 est
1076 2643 1124 2704 itte
1137 2644 1332 2725 cogitationum
1346 2646 1489 2727 inspector,
1510 2646 1557 2727 qui
1570 2647 1654 2708 ratio-

106 2738 136 2796 ίν
148 2737 240 2814 εἰρήνῃ
258 2735 462 2816 πληρώσαντες,
480 2740 519 2819 τῷ
539 2742 602 2819 Θεῷ
616 2745 664 2811 τῆς
684 2739 788 2820 εἰρήνης
805 2739 881 2808 δόξαν
936 2755 998 2795 nem
1005 2750 1105 2818 repetet
1115 2738 1151 2796 ab
1159 2737 1192 2797 iis
1201 2738 1328 2797 omnibus
1339 2738 1655 2817 quimcndaeialoquen·

107 2825 327 2906 θναπέμψωμεν,
344 2832 382 2910 τῷ
401 2831 491 2913 Πατρὶ
509 2831 607 2912 καὶτῷ
624 2833 684 2912 utu
697 2832 742 2891 καί
755 2837 794 2913 τῷ
814 2830 882 2913 ἁγίῳ
936 2841 1192 2909 tur,nosnumquam
1200 2831 1274 2912 pacis
1283 2831 1654 2907 inimieosesseuecvoluisse,

107 2919 262 3000 ΙΙνεύματι,
275 2928 321 2982 νῦν
334 2922 380 2982 καί
394 2924 446 2998 eet,
459 2923 505 2984 καί
516 2928 553 2991 εἰς
563 2922 624 2992 τοῦς
634 2927 732 2994 αἰῶνας
743 2927 797 2983 τῶν
812 2923 882 2985 αἰών
936 2940 986 2981 nec
1001 2920 1083 2981 hodie
1096 2922 1174 2983 velle.
1188 2925 1257 2982 Nam
1283 2921 1306 2981 si
1324 2943 1419 3004 pacem
1443 2922 1653 3004 peniiderimuS,

105 3035 173 3073 νων.
188 3011 283 3091 Ἀμήν.
937 3011 1041 3072 inimici
1055 3014 1156 3075 erimus
1182 3036 1274 3075 eorum
1285 3015 1359 3093 qnia
1376 3015 1484 3074 Christo
1498 3014 1653 3093 audierunt,

937 3108 1006 3165 Pax
1016 3110 1113 3167 vebis.
1124 3110 1228 3171 Vemm
1239 3109 1310 3186 quod
1322 3128 1417 3189 pacem
1427 3107 1553 3185 velimus,
1564 3120 1591 3167 et
1601 3129 1656 3168 cn-

936 3221 1037 3275 remus,
1050 3214 1076 3262 et
1090 3201 1321 3282 concupiscamus,
1342 3202 1417 3261 testis
1430 3200 1476 3260 ille
1489 3200 1536 3280 qui
1562 3199 1653 3279 novit3

937 3294 972 3353 de
982 3293 1095 3371 reliquis
1105 3293 1261 3353 tacebimus.
1271 3296 1342 3353 Nam
1355 3294 1401 3372 qui
1416 3295 1588 3374 praemiomm
1597 3296 1655 3353 lar-

938 3385 1052 3466 gitorem
1066 3398 1202 3467 exspectnt
1215 3388 1316 3460 Deum,
1328 3385 1402 3445 adse
1417 3386 1589 3467 purgandum
1601 3407 1656 3448 nou

937 3477 1129 3537 contumeliam
1143 3477 1237 3535 inferet
1251 3496 1367 3557 superno
1381 3476 1421 3535 iili
1440 3477 1580 3538 tribunali.
1599 3480 1655 3537 Po-

937 3584 988 3630 test
998 3570 1072 3629 Deus
1092 3590 1185 3650 pacem
1199 3568 1275 3646 dare,
1300 3589 1393 3650 pacem
1419 3569 1537 3645 firmare,
1561 3590 1656 3651 pacem

937 3661 1079 3722 decernere
1088 3662 1157 3720 inter
1171 3659 1360 3741 predicatores
1372 3672 1400 3719 et
1416 3658 1566 3736 auditores,
1587 3661 1658 3721 inter

939 3754 1061 3816 doctores
1072 3767 1097 3814 et
1110 3753 1269 3834 discipulos,
1289 3766 1320 3811 ut
1332 3774 1381 3834 per
1390 3753 1505 3812 omniun
1518 3753 1657 3834 paceorsi,

938 3862 964 3907 et
978 3848 1007 3906 in
1018 3869 1084 3929 pace
1096 3847 1218 3907 medium
1229 3845 1416 3926 transigentes,
1427 3859 1452 3905 et
1466 3846 1493 3905 in
1515 3868 1580 3928 pace
1589 3868 1656 3929 per·

939 3953 1099 4013 severantes,
1111 3941 1167 3999 Deo
1181 3939 1254 4020 pacis
1267 3939 1380 4020 gloriam
1404 3939 1560 4017 referamus,
1582 3937 1658 3999 Patn'

939 4046 966 4091 et
978 4031 1050 4091 Filio
1060 4044 1087 4091 et
1099 4030 1214 4113 Spiritui
1228 4043 1329 4106 sancto,
1343 4051 1416 4092 nunc
1429 4044 1456 4091 et
1466 4052 1581 4113 semper,
1594 4043 1620 4092 et
1628 4031 1656 4091 iu

939 4123 1037 4184 secula
1046 4124 1216 4184 seculorum.
1229 4127 1324 4184 Amen.
