3764 5992
275 539 313 586 ΙΝ
343 537 607 588 tuscutvntottnat
634 537 777 586 autauts
803 538 847 586 Itu·
872 539 906 586 IN
932 541 1129 590 PRINCIPIUM
1156 543 1329 594 tcwuvut.
1359 550 1383 595 1.
1556 529 1606 629 69
1680 591 1683 594 .

57 665 130 740 ἐντι]
150 660 303 739 παρατάξει
325 666 362 741 τῇ
385 656 496 722 ίαυτῶ·
522 661 576 722 Ὀν
599 662 654 745 γλρ
678 664 832 742 άγνοῶντες
883 660 925 720 illi
952 662 1061 741 quidem
1076 664 1105 723 id
1115 663 1150 725 de
1169 666 1231 726 aliis
1246 667 1384 741 dixerant,
1408 683 1437 730 at
1450 670 1519 731 illud
1545 672 1603 753 ipso

59 756 180 813 ελσεύεῖτε
201 757 302 830 θμεῖς,
327 760 422 814 τοῦτον
446 754 499 834 ayt»
521 755 711 835 καταγγέλλω,
735 754 830 837 ρησίν·
883 751 1006 813 traduxit
1018 753 1054 813 ad
1064 755 1212 833 Christum,
1224 772 1250 817 et
1263 759 1290 817 in
1305 760 1488 841 captivitatem
1497 784 1606 822 mosum

60 847 182 921 ἄγνωστος
204 844 263 925 γὰρ
285 846 358 914 Θεὸς
370 846 455 914 aaut<
467 846 546 914 ἄλλος
562 846 633 908 ἐστίν
645 844 665 919 ἡ
680 850 697 907 I
708 845 832 928 Χριστός.
884 843 998 923 redegit,
1012 859 1039 904 et
1053 846 1081 905 in
1097 868 1145 907 sua
1158 869 1248 907 secum
1260 850 1318 909 acie
1333 850 1476 913 collocavit
1490 876 1497 910 ι
1513 855 1607 931 Quem
1617 875 1653 921 ιε,
1663 890 1685 920 ς,
1702 876 1741 924 28,

62 936 107 994 liei
123 934 173 1014 ύρα
190 934 302 995 σύνεσιν
319 936 514 1014 πνευματικήν.
531 938 666 1017 Ἐμελλεν
677 940 749 1018 αύτῷ
765 936 833 1016 μετδ
885 940 964 994 enim
973 940 1141 1017 ignorantes
1160 960 1216 999 vos
1232 942 1340 1014 colitis,
1355 944 1434 1002 hunc
1455 963 1507 1024 ego
1520 948 1607 1005 vobis

60 1031 134 1084 ταῦτα
165 1029 307 1104 ἐγκαλεῖν,
337 1027 380 1088 ὅτι
406 1026 538 1097 ξενίζοντα
559 1027 688 1111 εἰσρίρεις
712 1029 833 1107 δόγματα
886 1033 1041 1101 annuntio,
1057 1030 1285 1110 inquit;ignotus
1295 1034 1452 1105 enimalius
1466 1037 1607 1094 Deusnon

62 1116 150 1183 εἰςτλς
167 1116 256 1183 &ote
273 1122 365 1195 ἡμῶν,
383 1118 425 1180 ὅτι
438 1128 617 1197 καινοτομεῖς,
634 1119 676 1179 du
704 1120 762 1180 θεδν
781 1122 834 1180 εἰσ·
885 1132 936 1196 est,
949 1119 1001 1179 nisi
1016 1120 1151 1180 Christus.
1167 1125 1204 1181 hc
1215 1122 1278 1182 vide
1292 1124 1465 1204 prudentiam
1480 1127 1608 1207 spiritua·

61 1207 144 1288 ρίρεις,
157 1208 188 1267 δν
201 1211 256 1268 uta
267 1209 358 1287 ῐσμεν.
377 1208 540 1288 Βουλόμενος
550 1210 635 1271 τοίνυν
647 1213 835 1290 ἀπαλλαγῆναι
885 1209 948 1269 lem.
961 1211 1100 1290 objecturi
1112 1210 1237 1292 deinceps
1248 1213 1289 1272 illi
1301 1228 1384 1291 eraut,
1396 1215 1606 1295 Novaquoedam

62 1304 100 1369 τῆς
115 1299 234 1378 θπσθίες
256 1304 310 1371 τῆς
332 1301 403 1361 κατὰ
422 1290 472 1374 τὴν
488 1301 669 1381 καινοτομίαν,
686 1303 733 1362 καί
752 1301 836 1370 δεῖξαι
886 1298 1013 1379 dogmata
1027 1302 1109 1361 infers
1122 1304 1235 1362 auribus
1248 1306 1357 1383 nostris,
1370 1307 1447 1367 novis
1459 1309 1540 1366 rebus
1549 1321 1607 1367 stu·

62 1392 95 1449 ίτι
114 1393 145 1450 αλ
169 1390 245 1459 ξένον
274 1391 405 1474 κηρύττει
436 1393 505 1466 θεὸν,
523 1394 636 1454 ἀλλ”θν
658 1394 836 1474 προλσύύντες
887 1389 944 1467 des,
967 1390 1049 1451 deum
1063 1393 1178 1464 invehis,
1192 1415 1273 1472 quem
1286 1416 1340 1454 non
1354 1397 1487 1458 novimus.
1501 1400 1540 1458 Ut
1551 1398 1608 1478 igi-

64 1484 97 1542 διὰ
110 1485 159 1553 τῆς
174 1482 328 1563 θεραπείας
344 1483 483 1562 ἐτίμησαν,
497 1484 617 1565 ἐπήγαγε
634 1486 681 1545 καί
692 1475 778 1544 εἶπεν·
794 1486 835 1545 ὅτι
886 1495 931 1540 tur
946 1482 1004 1542 illis
1021 1484 1201 1565 suspicionem
1224 1486 1353 1546 eximeret
1368 1489 1505 1563 novitatis,
1527 1509 1610 1567 seque
1627 1546 1630 1553 .

64 1576 102 1633 ’θν
120 1577 283 1651 ἀγνοοῦντες
305 1576 457 1645 εθσεύεῖτε,
481 1581 572 1636 τοῦτον
593 1575 647 1655 ἐγὼ
663 1577 836 1656 καταγγέλλω
887 1594 989 1634 novum
1018 1577 1098 1635 deum
1113 1578 1225 1636 minime
1235 1579 1382 1659 praedicare
1395 1580 1611 1657 ostenderetsod

63 1670 119 1742 ύμῖν.
139 1664 240 1743 Ὑμεῖς
262 1689 299 1744 με
320 1667 504 1749 προελάύετε,
520 1666 616 1747 φησίν·
633 1666 745 1748 ίρθασεν
760 1671 834 1745 ὑμῶν
851 1673 869 1719 Β
887 1687 968 1745 quem
981 1667 1033 1748 ipsi
1047 1669 1123 1748 prius
1137 1668 1212 1729 cultu
1236 1670 1427 1731 honorandum
1442 1686 1609 1747 censuerant,

64 1763 76 1827 ί,
91 1757 217 1838 θεραπεία
234 1758 270 1816 τὸ
288 1758 354 1836 ἐμὸν
371 1759 506 1840 κήρυγμα.
526 1759 573 1833 Μὴ
585 1758 672 1819 τοίνυν
687 1763 832 1839 ἐγκαλεῖτε,
886 1759 1011 1838 adjunxit
1019 1771 1045 1818 et
1054 1759 1138 1839 dixit,
1153 1765 1419 1843 Quemr'guomntes
1428 1764 1535 1834 colitis,
1544 1785 1609 1823 eum

64 1848 93 1906 ίτι
109 1848 180 1915 ξένον
205 1848 334 1929 εἰσφέρω
363 1848 437 1909 θεύν·
467 1855 559 1909 τοῦτον
577 1850 629 1929 γάρ
652 1851 835 1930 καταγγελλω,
886 1852 1036 1928 egovobis
1058 1857 1215 1911 annuntio.
1237 1856 1296 1912 Vos
1312 1875 1356 1914 me
1372 1855 1552 1934 praevenistis,
1566 1855 1609 1913 in·

65 1942 166 2019 ίιθμεῖς
186 1942 352 2019 ἀγνοοῦντες
369 1940 544 2023 θεραπεύετε,
556 1945 603 2000 uix
620 1940 685 2022 ἀξίῳ
695 1940 743 2020 μὲν
756 1945 835 2003 αὐτοῦ
887 1931 946 2017 quit
954 1963 963 2016 ;
977 1941 1195 2021 predicationem
1210 1964 1297 2003 meam
1308 1945 1397 2004 cultus
1413 1959 1500 2004 voster
1509 1962 1611 2025 preoc-

10 2078 12 2119 γ
66 2032 151 2113 τρίτῳ,
165 2031 339 2111 θεραπεύετε
357 2031 385 2092 δὲ
405 2030 489 2109 ὅμως.
514 2035 555 2092 Οὔ
574 2031 626 2113 γδιρ
646 2036 763 2099 τοιοῦτος
777 2036 835 2110 βω·
886 2032 1006 2112 eupavit.
1020 2035 1061 2091 Ne
1072 2034 1156 2113 igitur
1165 2035 1300 2117 objiciatis
1315 2056 1501 2095 novumame
1525 2035 1609 2097 derum

67 2124 97 2198 ρίς
114 2122 225 2183 ἵσταται
245 2126 288 2203 τῷ
305 2124 437 2203 Χριστῷ,
460 2122 530 2183 ἀλλὰ
547 2124 636 2202 βωμὸς
654 2123 774 2204 ἔμψυχος
787 2123 834 2183 καί
886 2123 977 2183 inferri
992 2148 999 2181 ε
1016 2125 1089 2184 huuc
1115 2126 1187 2185 euim
1213 2124 1345 2186 annuntio
1360 2148 1442 2205 quem
1455 2148 1505 2187 vos
1519 2126 1608 2188 uelitis

65 2214 240 2291 σωματικάς·
269 2215 335 2273 ἀλλ’
356 2214 518 2274 αἰπὸταύτου
536 2218 608 2293 ὑμᾶς
625 2214 750 2296 καὶπρὸς
765 2217 835 2274 ἐκεῖ·
885 2214 1046 2294 ignorantes,
1061 2236 1113 2274 non
1126 2216 1210 2295 digno
1223 2217 1333 2295 quidem
1346 2216 1439 2291 modo,
1453 2218 1503 2277 sed
1519 2232 1609 2278 tamen

65 2329 93 2363 ιιι
106 2309 256 2386 ἀναγαγεῖν
278 2304 408 2383 δύναμαι.
428 2303 510 2365 Ούτω
528 2304 575 2365 καί
595 2304 720 2365 Ἰουδαῖοι
732 2305 763 2364 τδ
783 2330 835 2365 πα·
885 2305 984 2365 oolitis.
1008 2308 1068 2366 Non
1091 2307 1163 2367 enim
1188 2308 1242 2366 tale
1261 2308 1369 2368 Christo
1384 2310 1500 2389 erigitur
1514 2309 1609 2372 altare,

64 2397 119 2456 ἰειδν
131 2397 301 2477 ἐθεράπευον
314 2419 323 2433 ·
337 2397 399 2456 ἀλλ’
412 2395 566 2469 δπίσιησαν
583 2398 638 2457 duh
649 2400 697 2469 τῆς
712 2420 835 2475 σωματι·
886 2396 934 2457 aed
945 2397 1096 2457 animatum
1107 2399 1192 2458 altare
1203 2420 1234 2458 ac
1246 2399 1388 2481 spirituale
1399 2423 1408 2477 3
1420 2414 1608 2461 verumtamen

10 2556 12 2561 .
62 2491 95 2557 tlt
113 2488 284 2567 θεραπείας,
306 2485 356 2546 καί
374 2479 456 2559 ἦλθον
474 2487 519 2546 ίπὶ
538 2485 589 2560 clv
604 2487 789 2567 πνευματικὴν
810 2492 835 2548 ol
884 2487 921 2547 ab
943 2489 996 2548 hoc
1024 2488 1059 2548 ad
1081 2490 1154 2548 illud
1179 2511 1230 2550 vos
1255 2511 1366 2571 possum
1384 2491 1544 2573 perducere.
1567 2493 1609 2553 lta

61 2581 237 2646 πιστεύσαντες
260 2579 392 2646 ἅπαντες.
415 2570 493 2647 Εἶδες
511 2578 605 2660 σορίαν
622 2581 745 2655 Παύλους
768 2572 834 2649 εἶδες
885 2600 995 2658 quoque
1025 2580 1113 2641 Judaei
1138 2580 1275 2658 quondam
1290 2582 1393 2641 cultum
1422 2581 1608 2642 exhibebant:
1687 2636 1690 2643 .

61 2671 162 2744 σίιεσενς
178 2662 255 2740 εἶδες
271 2676 334 2740 πῶς
353 2671 450 2739 αύτούς
463 2670 641 2752 ἐχειρώσατο,
661 2676 709 2733 οὐκ
726 2674 780 2734 aet
792 2674 868 2733 sti-C
888 2671 935 2731 sed
951 2693 967 2730 a
987 2672 1120 2753 corporali
1143 2672 1219 2731 cultu
1245 2686 1419 2747 recesserunt,
1431 2688 1457 2733 et
1473 2673 1508 2733 ad
1524 2675 1610 2757 spiri-

61 2765 183 2843 qprlthvv,
203 2768 260 2823 ούκ
281 2763 534 2846 ἇπθπρορητιιιῶν,
552 2764 620 2824 αἰλλθι
636 2764 689 2825 ἀπὸ
703 2766 833 2846 ίπιγράμ-
887 2762 988 2822 tualem
1007 2762 1126 2823 traducti
1149 2778 1223 2838 sunt,
1252 2764 1300 2843 qui
1314 2763 1492 2824 crediderunt
1505 2786 1609 2826 omues.

60 2879 143 2931 ματοςς
164 2856 219 2929 Μὴ
242 2855 406 2937 παράτρεχε
426 2855 525 2931 τοίνυν,
548 2858 690 2937 ἀγαπητὲ,
710 2857 759 2931 τὴν
775 2862 833 2918 ἐπι·
889 2853 973 2915 Vides
994 2855 1072 2914 Pauli
1094 2855 1253 2935 sapientiam
1267 2856 1281 2915 Ρ
1295 2855 1370 2915 vides
1397 2856 1608 2938 prudentiam?

59 2948 148 3029 γρερὴν
154 2954 213 3008 τῶν
225 2948 313 3008 θείων
319 2948 434 3028 λογίων
445 2948 477 3007 δν
488 2948 625 3031 ρλννήρῃς
636 2950 682 3011 καλ
692 2950 834 3033 ἐγρήγορος
886 2944 964 3006 vides
978 2967 1031 3024 quo
1044 2960 1123 3027 pacto
1134 2947 1195 3006 illos
1213 2945 1345 3006 devicerit
1358 2968 1412 3006 non
1434 2949 1607 3035 evangelicis,

57 3030 96 3113 ἧς,
114 3040 160 3098 καὶ
174 3044 205 3101 δν
228 3039 394 3121 ἀλλοτρίοις-
408 3040 537 3123 εὑρίσκεις
549 3066 576 3101 τι
588 3042 738 3122 χρήσιμον·
760 3042 791 3101 ἂν
805 3041 833 3103 δὲ
887 3058 940 3097 non
965 3039 1129 3120 propheticis
1147 3060 1212 3098 usus
1225 3038 1316 3113 dictis,
1338 3040 1385 3099 sed
1406 3040 1608 3123 inscriptione?

57 3130 157 3210 ῥᾴθυμος
184 3131 236 3190 καλ
269 3131 494 3205 δνσπεπτωκὼς,
518 3133 578 3192 οὐδὲ
602 3134 657 3193 άπδ
681 3138 734 3193 τῶν
758 3131 833 3193 θείων
887 3130 950 3190 Noli
986 3151 1060 3211 ergo,
1084 3130 1233 3209 carissime,
1260 3130 1420 3191 divinorum
1452 3132 1609 3214 inscriptio·

57 3223 157 3303 Γραρῦν
172 3224 257 3284 ἔσται
270 3222 317 3284 σοί
334 3222 668 3307 τιπλίον.Ὥσπεργδιρθ
683 3225 758 3292 stau<
771 3249 833 3306 κερ·
887 3243 950 3282 uem
971 3223 1140 3302 eloquiorum
1169 3223 1393 3304 pretermittere:
1410 3225 1506 3284 namsi
1525 3238 1609 3285 atten-

57 3314 152 3387 θαίνειν,
167 3316 346 3395 πανταχόθεν
360 3315 506 3396 κερδαίνει·
520 3316 590 3375 oceo
606 3318 652 3376 καὶ
666 3324 681 3378 ὁ
696 3317 734 3396 μὴ
749 3316 860 3391 εἰδὼς.
888 3329 932 3374 tus
954 3329 981 3375 et
1007 3316 1124 3396 vigilans
1151 3316 1244 3392 fueris,
1260 3317 1342 3375 etiam
1358 3315 1386 3374 iu
1411 3316 1509 3378 alienis
1537 3317 1608 3377 utile

55 3406 96 3465 εἀν
116 3408 256 3487 θησαυρὸν
278 3406 365 3488 εύρη,
385 3408 460 3475 κενὸς
472 3409 574 3469 ἄπεισι.
596 3408 743 3482 Βούλεσθε,
766 3409 834 3469 εἴπω
887 3408 1027 3489 quidpiam
1041 3409 1183 3468 offendes:
1205 3409 1247 3468 sin
1265 3422 1355 3468 autem
1369 3409 1507 3489 negligens
1519 3431 1551 3470 ac
1562 3430 1608 3469 re-

56 3498 95 3554 ul
113 3498 205 3579 ἴτερύν
228 3522 258 3557 τε
276 3506 398 3559 τοιοῦτον
413 3498 596 3581 ἐπιχείρημα,
613 3500 679 3582 ὅπερ
692 3503 771 3569 ἄλλος
785 3500 832 3580 μίν
887 3501 1610 3583 missus,neipsaequidemtihisacraeLiteraeprodesse
1657 3502 1662 3508 ’

56 3595 105 3664 μεθ’
120 3591 215 3670 ἐτέρας
237 3591 386 3671 ἐφθέγξατο
408 3593 542 3667 διανοίας,
563 3599 578 3653 ὁ
598 3593 626 3653 δὲ
646 3594 833 3675 εθαγγελιστης
886 3606 1022 3674 poterunt.
1039 3594 1110 3653 Nam
1129 3592 1359 3673 quemadmodum
1374 3595 1422 3670 qui
1445 3592 1520 3651 lucra
1534 3593 1611 3653 novit

55 3680 113 3757 πρὸς
132 3683 230 3741 ἑαυτὸν
254 3683 389 3759 μετέθηκε
407 3687 460 3742 τῶν
476 3684 623 3763 εἰρημένων
642 3683 691 3757 τὴν
708 3685 832 3764 δύναμιν;
887 3686 1024 3766 colligere,
1034 3685 1156 3763 undique
1170 3686 1243 3743 luera
1258 3682 1492 3763 colligit:itaetis
1502 3683 1550 3760 qui
1560 3682 1611 3742 mi·

54 3773 150 3830 θθεισῖν
170 3773 325 3854 προσέχετε
348 3773 482 3854 ἀκριύιῗις,
508 3775 552 3834 ἵνα
578 3777 691 3854 μάθητε,
715 3777 757 3838 δτι
782 3780 867 3837 xci-1)
885 3779 959 3837 nime
972 3779 1056 3854 novit,
1074 3776 1201 3856 quamvis
1214 3776 1372 3834 thesaurum
1390 3776 1534 3851 invenerit,
1549 3775 1611 3834 ina-

54 3872 130 3932 ιεῖνος
150 3864 335 3945 ᾖγμαλύιτισε
356 3866 388 3925 τὸ
409 3866 496 3944 νόημα
520 3871 557 3936 είς
574 3867 622 3940 τὴν
644 3867 763 3941 ὑπακοὴν
784 3874 830 3927 τοῦ
885 3869 928 3927 uis
939 3869 1049 3928 recedit.
1061 3867 1156 3929 Vultis
1165 3868 1312 3925 etalterum
1323 3867 1610 3947 simileargumentum

54 3955 181 4033 λριστσῖ·
204 3955 251 4014 ἵνα
266 3955 388 4034 μάθητε,
402 3956 444 4016 det
457 3959 527 4017 είτδ
545 3958 672 4040 ἀλλότρια
687 3962 830 4041 αἰχμαλω-
885 3960 913 4018 in
942 3959 1061 4020 medium
1079 3961 1203 4037 alierum,
1230 3958 1305 4036 quod
1330 3958 1399 4018 alius
1420 3959 1533 4038 quidem
1555 3959 1610 4019 alio

53 4048 126 4113 τίζιιν
155 4048 315 4125 δυναίμεθα,
342 4051 434 4130 πολλῷ
460 4053 561 4128 μᾶλλον
586 4053 614 4110 lv
645 4060 700 4119 τοῖς
724 4052 830 4120 οἰκείοις
884 4073 963 4111 sensu
981 4051 1105 4134 protulit,
1120 4051 1167 4111 sed
1182 4050 1348 4130 evangelista
1369 4050 1427 4110 vim
1440 4072 1534 4110 eorum
1548 4073 1609 4130 quae

53 4139 269 4219 ἐμπαρτισύμεθα
286 4141 333 4199 καί
347 4143 534 4220 κερδανοῦμεν.
555 4141 590 4203 Ὁ
601 4143 725 4224 Καϊάφας
738 4148 829 4224 θρχιε-
883 4142 955 4203 dicta
968 4144 1075 4203 suerent
1094 4141 1129 4202 ad
1152 4163 1180 4202 se
1193 4141 1340 4201 traduxit?
1359 4142 1454 4221 ltaque
1466 4143 1610 4222 diligenter

55 4224 159 4309 ρόςῆν
184 4238 234 4290 τοῦ
258 4234 382 4292 ἐνιαυτοῦ
405 4232 519 4293 ἐκείνου·
542 4234 662 4318 καὶγὰρ
686 4235 829 4297 καὶτοῦτο
882 4234 1022 4310 attendite,
1038 4249 1068 4294 ut
1090 4235 1170 4293 illum
1184 4254 1293 4311 quoque
1305 4232 1416 4292 discatis
1443 4233 1609 4294 intellectum
1640 4241 1646 4255 '

53 4327 97 4392 τῆς
119 4323 273 4394 Ἰουδαϊκῆς
295 4324 400 4403 ἐγένετο
422 4325 566 4407 πονηρίας·
590 4327 759 4407 κατῄσχυναν
777 4328 828 4408 γὰρ
883 4327 920 4386 ad
930 4327 1110 4386 obediendum
1119 4325 1449 4405 Christoincaptivitatem
1458 4325 1608 4405 redegisse:

53 4412 82 4470 τὸ
93 4419 139 4484 τῆς
147 4415 297 4497 ἱερωσύνης
307 4414 427 4493 ἀξίωμα,
443 4415 560 4488 ύινητοθς
570 4418 729 4491 ποιήσαντες
740 4421 829 4499 άρχιε-
882 4434 913 4479 ut
923 4419 1048 4496 discatis,
1065 4419 1089 4479 si
1113 4419 1200 4478 aliena
1213 4437 1358 4499 possumus
1372 4417 1400 4476 in
1423 4417 1607 4498 captivitatem
1617 4452 1640 4484 2.
1653 4444 1704 4488 cor.
1720 4451 1757 4486 ιο,

56 4502 119 4578 ,νέες
141 4502 319 4583 Ἐμπροσθεν
334 4503 363 4562 dl
373 4507 423 4584 οὐχ
432 4503 516 4573 οὕτως
528 4496 561 4578 ἦν
569 4550 577 4578 ,
592 4507 661 4567 αἰλλδι
672 4512 706 4587 τῇ
717 4510 827 4586 τελευτῇ
881 4512 1013 4593 redigere,
1023 4512 1109 4570 multo
1123 4511 1209 4589 magis
1221 4530 1269 4568 nos
1283 4509 1309 4567 in
1322 4509 1439 4591 propriis
1453 4510 1608 4589 negotiatu-
1617 4501 1641 4546 ⁵·

54 4594 116 4670 μόνη
134 4596 312 4668 κατελύετοὴ
327 4596 457 4676 ἱερωσύνη
473 4603 520 4657 τοῦ
540 4599 701 4683 ἀρχιερέως·
721 4599 781 4660 τότε
800 4601 828 4659 dl
884 4627 937 4679 ros,
965 4617 1151 4684 questumque
1170 4603 1296 4661 lecturos.
1316 4602 1442 4660 Pontifex
1467 4616 1524 4661 erat
1541 4604 1606 4662 anni

54 4685 96 4742 ²²⁸¹
110 4690 204 4753 52²⁵<
221 4686 391 4766 mpssltlm
401 4693 450 4760 τῆς
463 4694 553 4768 τιμῆς·
577 4688 725 4774 Ἀρχιερείις
740 4692 827 4752 τοίνυν
883 4697 958 4756 illius
972 4696 1089 4776 Caiphas
1105 4718 1112 4751 z
1131 4706 1231 4753 namet
1244 4692 1488 4755 hoeluitJudaicae
1503 4692 1606 4774 impro-

55 4774 144 4835 lue&
163 4782 286 4838 ἐνιαυτοῦ
300 4778 428 4852 ἕκῑίνωὸ,
442 4781 577 4861 Καϊάφας,
592 4781 742 4852 καθώπλιζε
757 4783 826 4843 κατὰ
881 4787 1133 4866 hitatisequouiam
1146 4785 1305 4864 dignitatem
1330 4784 1523 4845 sacerdotalem
1537 4785 1605 4847 adeo

56 4873 96 4927 τυῖ
118 4872 236 4950 Χριστοῦ
258 4869 320 4937 τοὺς
345 4869 501 4946 Ἰουδαίοις,
523 4872 569 4933 καί
592 4875 697 4955 ἔλεγεν·
723 4876 764 4935 δτι
786 4879 826 4936 δεῖ
844 4896 864 4942 Ε
881 4877 1071 4957 deturpabant,
1095 4887 1126 4933 ut
1154 4873 1259 4931 venales
1287 4872 1428 4952 pontifices
1454 4871 1604 4934 redderent.

58 4963 139 5018 ae‘aem
154 4965 309 5035 ἀποθανεῖν,
331 4963 452 5039 ἐγκαλεῖν
475 4961 523 5040 μίν
535 4961 609 5024 οὐδὲν
623 4965 702 5045 ἔχων,
713 4970 826 5046 «βασκα-
881 4968 968 5024 Antea
976 4983 1041 5023 vero
1050 4982 1102 5020 uon
1115 4960 1151 5019 ita
1158 4959 1304 5035 fiebat,sed
1315 4959 1371 5018 sola
1378 4959 1604 5041 mortepontificis

61 5047 98 5127 νία
109 5051 299 5128 δδτηκύμενος.
324 5054 455 5113 Τοιοῦτον
468 5051 522 5136 γάρ
536 5058 551 5113 θ
563 5056 671 5136 ρθύνος·
684 5061 738 5118 τῶν
751 5061 825 5137 εὐερ-
881 5054 1060 5116 sacerdotium
1079 5051 1293 5112 terminabatur:
1310 5064 1368 5110 tum
1381 5073 1445 5112 vem
1460 5052 1540 5112 etiam
1558 5055 1603 5113 vi-

63 5146 147 5216 μυιῶν
162 5143 283 5212 τοιαύτας
298 5145 452 5205 ἀποδίδωσι
466 5146 515 5215 τίς
532 5148 655 5226 ἀμοιύάς.
678 5149 762 5211 Ὅθεν
780 5151 826 5211 καί
881 5163 974 5211 ventes
992 5147 1093 5207 honore
1108 5167 1136 5206 se
1146 5143 1318 5205 abdicabant.
1343 5147 1415 5205 Cum
1429 5146 1514 5226 igitur
1528 5147 1603 5209 illius

66 5230 107 5303 τίν
118 5233 198 5293 αἰτίαν
207 5236 338 5298 διδάσκων
348 5241 401 5311 τ’νῑς
412 5239 575 5317 ἐπιβουλῆς,
587 5238 677 5320 ίλεγε·
691 5241 827 5325 Σιμρίρει
881 5222 946 5300 iuni
958 5238 1081 5321 pontifex
1105 5251 1174 5297 esset
1187 5235 1316 5318 Caiphas,
1341 5236 1450 5299 ludaeos
1472 5237 1603 5300 adversus

68 5318 104 5381 lu
125 5316 158 5391 είς
176 5326 308 5409 ίνθρειτυς
329 5327 478 5410 ἀποθάνῃ,
502 5330 548 5391 καί
568 5330 607 5411 μὴ
624 5333 685 5395 θλον
707 5335 738 5395 τὸ
755 5334 827 5404 ἔθνος
883 5331 1022 5393 Christum
1036 5329 1157 5391 armabat
1167 5349 1199 5388 ac
1212 5327 1337 5390 dicebat:
1351 5329 1430 5390 lluuc
1442 5330 1511 5391 mori
1523 5351 1603 5412 opor·
