3764 5992
587 438 669 485 rosr
695 437 843 485 nenrrrsr
872 438 915 483 aa
941 434 1095 497 mtuttu„
1124 506 1130 517 .

626 840 1038 965 MONITUM

758 1145 791 1190 ts·
819 1144 906 1190 Dl'AS

193 1376 472 1470 SEQUENTES
496 1375 614 1449 POST
640 1372 859 1446 nEmTUnt
887 1372 949 1444 ΑΒ
972 1374 1161 1449 Exstnlo
1185 1375 1465 1453 ORATIONES.

100 1636 248 1715 Postquam
262 1634 481 1715 Chrysostomus,
492 1647 604 1693 curante
616 1630 770 1713 Theophilo
780 1630 975 1707 Alexandrino,
984 1632 1012 1692 in
1023 1632 1232 1714 pseudosynodo
1243 1641 1276 1693 in
1288 1656 1396 1716 quercu
1405 1636 1479 1699 dieta
1487 1636 1600 1699 damna-

57 1743 105 1788 tus
114 1728 307 1809 depositusque
315 1729 413 1804 fuerat,
424 1726 605 1786 tumultuante
614 1724 727 1806 populo,
740 1736 767 1782 et
780 1722 880 1783 abduci
891 1725 1038 1785 antistitem
1052 1723 1242 1807 doctoremque
1250 1750 1330 1787 snum
1342 1750 1395 1789 non
1403 1728 1517 1807 sinente,
1528 1730 1599 1791 clam

58 1819 110 1879 illo
119 1820 332 1901 chrysostomus
343 1840 371 1877 se
381 1818 408 1877 in
420 1819 559 1896 exsilium,
569 1830 629 1898 post
648 1814 771 1874 triduum
785 1835 868 1893 quam
883 1815 1027 1877 damnatus
1046 1818 1142 1894 iuerat,
1152 1818 1342 1880 adduomdum
1356 1820 1485 1903 prebuit,
1494 1834 1523 1883 et
1536 1826 1601 1885 Pre-

58 1925 153 1972 netum
170 1912 199 1970 in
214 1910 371 1992 Bithyniam
382 1909 541 1991 deportatus
556 1923 606 1968 est.
619 1906 783 1985 Exindeque
800 1908 902 1988 populo
915 1909 1003 1989 magis
1017 1911 1155 1989 magisque
1167 1910 1195 1971 in
1209 1911 1278 1970 iram
1288 1912 1603 1989 concitato,soci1erante

56 2017 86 2062 et
105 2002 141 2062 ad
151 2002 342 2085 imperatorias
358 2001 428 2061 aedes
444 2001 564 2082 episcopi
583 2000 626 2059 sui
644 1999 762 2058 reditum
780 1999 941 2079 postulante,
953 2000 1114 2079 interimque
1127 2015 1203 2061 tetrae
1221 2018 1295 2063 motu
1310 2004 1440 2084 palatium
1453 2005 1603 2086 urbemque

59 2096 239 2166 concutiente,
253 2093 381 2152 Eudoxia
399 2097 519 2171 Augusta
539 2091 679 2173 perterrita
701 2104 824 2149 sanctum
835 2091 926 2150 uirum
941 2092 1123 2153 reducendum
1141 2095 1514 2174 restituendumquocurnrit3
1528 2098 1602 2175 quod

57 2210 114 2266 qua
134 2187 246 2253 ratione,
258 2199 413 2265 quantaque
432 2186 552 2244 ciuitatis
567 2183 662 2243 letitia
679 2182 780 2241 ιιιιιιιιι
801 2182 892 2256 luerit,
907 2183 1033 2264 pluribus
1050 2185 1204 2245 narrabitur
1224 2187 1252 2246 in
1275 2188 1338 2249 l'ita
1357 2189 1554 2269 chrysostomi.
1570 2191 1603 2249 ln

57 2279 199 2339 ecelesiam
220 2277 365 2351 deductus,
378 2276 616 2357 extemporalem,
628 2275 717 2353 inquit
733 2275 906 2349 Soromenus,
918 2274 950 2352 8,
963 2275 1011 2351 18,
1023 2278 1126 2336 habuit
1150 2281 1313 2337 orationem
1325 2303 1334 2335 ε
1346 2293 1499 2361 sumtoque
1511 2302 1602 2363 orgu-

59 2383 162 2431 mento
174 2392 212 2429 et
222 2371 442 2450 elegantissima
451 2369 655 2439 similitudine,
667 2367 867 2427 subindicavit
883 2369 1074 2447 Theophilum
1083 2370 1226 2429 Ecclesioe
1237 2390 1298 2429 suoe
1308 2375 1373 2429 oirn
1385 2374 1495 2455 inferre
1505 2386 1604 2435 renta-

61 2466 148 2535 visse,
161 2462 285 2543 perinde
299 2474 389 2540 utque
400 2461 473 2519 olim
486 2481 582 2540 regem
595 2461 770 2540 AEgyptium
783 2462 871 2517 uxori
880 2461 1061 2537 patriarcha
1074 2460 1252 2519 Abrahami.
1267 2462 1318 2521 llis
1329 2476 1422 2543 aperte
1433 2463 1534 2523 iudicat
1547 2465 1603 2525 So·

60 2576 188 2615 zonnenus
203 2553 348 2613 secundam
367 2567 427 2634 post
444 2552 560 2611 reditum
583 2552 740 2625 orationem,
752 2573 812 2629 quac
822 2549 859 2610 ab
868 2549 1026 2631 hujusmodi
1043 2550 1223 2612 similitudine
1240 2552 1360 2629 orditur,
1373 2575 1488 2633 quaque
1507 2556 1536 2615 iu
1548 2556 1604 2615 fine

61 2646 135 2706 l'itae
150 2646 337 2726 Chryxostomi
356 2665 404 2725 per
418 2644 570 2722 Georgium
589 2641 806 2703 Alexandrinum
824 2640 932 2721 legitur.
943 2642 998 2703 Sed
1015 2641 1086 2702 illud
1106 2664 1168 2703 eum
1178 2643 1371 2726 chrysostomo
1387 2667 1441 2706 non
1459 2667 1604 2707 oonsonase

59 2736 182 2813 ridetur,
196 2736 243 2816 qui
257 2735 388 2817 postridie
407 2735 556 2794 adrentum
567 2755 647 2793 suum
667 2733 737 2791 hanc
755 2733 901 2792 secundam
918 2736 1067 2795 oratione·
1085 2733 1213 2795 babuisse
1231 2749 1356 2818 putatur;
1367 2750 1399 2796 ut
1410 2758 1445 2799 ex
1458 2736 1605 2799 hisverbis

57 2841 180 2909 arguunt
192 2852 200 2885 :
212 2831 287 2886 Ileri
304 2831 419 2907 uesperi
441 2829 503 2886 haeo
523 2830 616 2885 verbo
635 2826 679 2884 od
697 2846 745 2883 me
764 2829 843 2884 misit
857 2826 1056 2906 [Eudoxia],·
1069 2846 1146 2905 ergo,
1158 2826 1294 2905 inquiunt,
1310 2827 1535 2889 banereeundam
1550 2831 1604 2889 ha·

58 2920 150 2981 buerit
168 2920 308 3002 postridie,
321 2920 439 3000 primam
453 2940 518 2979 sero
533 2919 593 3000 ipso
612 2916 745 2978 adventus
755 2917 808 2977 dic.
820 2920 926 2979 l'erum
938 2918 1009 2977 cirea
1019 2918 1079 2977 bec
1096 2919 1282 3001 chrysostomi
1298 2923 1379 2981 rerba
1395 2940 1450 2983 non
1463 2922 1537 2983 leves
1554 2942 1606 2983 ex-

58 3028 176 3094 surgunt
193 3013 381 3090 difficultates,
390 3035 458 3091 quas
478 3014 506 3072 in
525 3014 584 3094 ejus
593 3014 659 3073 l'ita
678 3012 806 3093 pluribus
822 3010 1016 3091 expendemus.
1029 3012 1068 3071 lit
1082 3024 1113 3071 ut
1127 3024 1218 3070 autem
1238 3025 1289 3089 est,
1301 3014 1428 3075 existimo
1438 3014 1605 3097 etego,pri·

57 3126 133 3166 mam
145 3125 203 3166 esse
213 3126 273 3165 earn
286 3105 493 3179 oratiunculam,
504 3126 565 3183 quae
579 3104 619 3164 sic
632 3103 729 3185 incipit
741 3130 749 3162 ι
765 3104 844 3182 Quid
851 3104 951 3161 dicam
961 3116 1014 3162 ιιιιι
1027 3104 1101 3184 quid
1111 3104 1239 3184 loquar?
1251 3106 1430 3165 Benedictus
1443 3106 1535 3181 Deus,
1547 3118 1602 3166 ete.

57 3198 137 3257 lllam
146 3198 251 3279 quippe
265 3218 301 3256 ex
315 3210 444 3278 tempore,
456 3197 537 3275 inque
554 3197 614 3277 ipso
626 3194 746 3255 adventu
759 3194 861 3253 dictam
879 3193 962 3253 luisse
972 3194 1067 3254 suadet
1087 3194 1197 3254 omnino
1214 3194 1260 3254 rel
1273 3196 1331 3276 ipse
1343 3195 1467 3257 ordiendi
1482 3196 1581 3259 modus
1596 3232 1605 3265 2

56 3312 144 3369 neque
156 3305 223 3371 puto
237 3290 325 3349 ullum
340 3311 397 3348 esse
407 3289 456 3368 qui
467 3310 520 3349 non
533 3288 650 3347 fateatur
662 3309 722 3347 eam
734 3287 802 3346 etin
817 3287 876 3367 ipso
889 3286 1009 3346 adventu
1019 3287 1142 3346 habitam
1151 3300 1177 3345 et
1188 3289 1399 3369 extemporalem
1412 3310 1481 3363 esse,
1491 3288 1605 3368 ideoque

54 3380 261 3455 brevissimam
273 3379 391 3440 aecunda
399 3394 490 3439 autem
502 3379 609 3459 longior
617 3381 773 3457 insequente
781 3378 827 3437 die
838 3377 911 3439 dicta
923 3381 1006 3439 luerit
1019 3404 1026 3435 :
1039 3380 1132 3460 lapsus
1142 3399 1206 3459 ergo
1216 3380 1382 3440 Soeomcnus
1391 3382 1489 3460 estqui
1498 3395 1604 3441 extem-

55 3474 189 3552 poralem,
204 3475 319 3553 spicios,
333 3473 408 3530 illam
421 3472 580 3548 orationem,
587 3492 668 3549 φιιιιι
678 3492 800 3529 resersus
812 3471 1024 3553 chrysostomus
1033 3470 1069 3531 ad
1078 3472 1212 3552 populum
1222 3471 1329 3547 habuit,
1335 3471 1405 3532 dicit
1412 3492 1535 3532 mmmse
1543 3492 1604 3551 quae

56 3565 208 3625 Abrahami
222 3580 249 3623 et
262 3568 337 3626 Sarae
351 3563 559 3624 similitudinem
574 3562 695 3637 adhibet,
710 3563 746 3621 ab
760 3562 861 3641 illaque
874 3563 991 3623 orditur.

96 3656 170 3716 lluic
178 3656 294 3717 orationi
306 3658 422 3731 Graeeae,
430 3676 515 3733 quam
524 3654 620 3713 latine
630 3653 823 3729 convertimus,
835 3667 952 3713 ueterem
960 3654 1285 3735 interpretationemque
1293 3655 1322 3714 in
1334 3653 1412 3735 prius
1419 3653 1500 3715 editis
1506 3656 1603 3729 femur,

55 3748 264 3829 subjungimus,
278 3748 409 3827 quoniam
434 3747 498 3806 binc
523 3761 550 3806 et
577 3746 642 3805 inde
666 3746 796 3807 nonnulla
826 3745 962 3805 habentur
981 3745 1087 3805 Graecis
1107 3744 1248 3821 auctiora,
1273 3742 1401 3823 quedam
1419 3744 1503 3805 etiam
1525 3766 1603 3805 secus

117 3854 157 3898 li.

56 3860 332 3991 paslSecundarnetiam
340 3944 370 3988 ut
379 3951 473 3988 renim
484 3927 672 4009 chrysostomi
680 3926 766 3987 ictum
774 3948 867 3987 omnes
875 3926 1160 4008 admittunteey'urque
1167 3927 1498 4005 merientesorommus
1506 3928 1601 3989 asserit
1609 3950 1646 3993 tte

57 4021 85 4079 in
97 4021 159 4081 loco
173 4044 255 4104 supra
267 4022 360 4082 allato.
371 4024 465 4081 L'num
479 4035 518 4081 est
533 4019 606 4099 quod
620 4042 675 4079 non
688 4042 787 4102 parum
801 4020 901 4100 negotii
915 4019 1036 4079 tacent.
1048 4020 1172 4079 Primum
1180 4019 1370 4102 chrysostomi
1380 4020 1554 4096 exsilium,et
1564 4022 1602 4081 ab

56 4111 107 4171 illo
119 4115 218 4173 exsilio
231 4113 336 4173 reditus
349 4114 378 4173 in
391 4134 494 4173 annum
505 4111 607 4171 cadunt
621 4112 696 4185 t053
707 4111 866 4185 secundum,
878 4134 893 4172 a
907 4133 964 4190 quo
977 4132 1125 4191 numquam
1136 4110 1220 4171 rediit
1232 4112 1453 4195 Chrysostomus,
1459 4133 1531 4171 anno
1540 4114 1602 4173 404

57 4205 180 4284 contigit.
191 4207 262 4265 cum
273 4205 390 4265 secundo
405 4206 504 4286 ejectus
515 4205 568 4263 tuit
578 4204 798 4285 chrysostomus,
809 4203 925 4285 irruptio
936 4203 964 4262 in
974 4203 1115 4263 ecclesiam
1126 4203 1198 4263 facta
1211 4217 1262 4279 est,
1268 4204 1458 4285 baptisterium
1469 4204 1602 4284 sanguine

61 4296 193 4377 repletum
206 4298 273 4373 luit3
285 4298 344 4356 haec
357 4319 433 4371 sero,
445 4318 505 4375 quae
518 4317 589 4355 anno
602 4297 663 4355 404
676 4309 749 4376 gesta
761 4309 835 4373 sunt,
844 4297 872 4354 in
882 4296 934 4355 hac
947 4295 1071 4374 homilia,
1080 4316 1152 4355 anno
1161 4298 1222 4356 405
1236 4296 1338 4370 habita,
1346 4309 1599 4365 commemorantur,

57 4390 89 4448 τὸ
105 4390 279 4468 sonim-ipsse
305 4388 417 4467 αἵματος
434 4389 630 4465 ἐμπέπλησται.
643 4387 788 4460 Quomodo
803 4388 892 4469 potuit
912 4388 1123 4469 chrysostomus
1140 4410 1173 4447 ea
1194 4408 1265 4447 anno
1282 4390 1344 4447 405
1357 4402 1387 4447 ut
1401 4400 1475 4467 gesta
1489 4388 1597 4459 referre,

57 4500 117 4558 qnae
133 4501 205 4539 anno
219 4481 305 4540 solum
329 4480 449 4557 sequenti
464 4494 538 4559 gesta
551 4481 631 4539 sunt?
647 4480 712 4539 llaec
727 4481 822 4560 objicit
837 4480 1081 4559 Sarilius,quibus
1096 4480 1240 4562 respondet
1253 4480 1446 4540 Tillemontius
1459 4478 1600 4560 :idipsum

58 4586 86 4629 et
99 4572 150 4631 hoc
159 4586 187 4630 et
201 4573 321 4650 sequenti
338 4594 408 4630 anno
421 4573 575 4651 contingere
588 4574 716 4653 potuisse.
731 4574 811 4633 Alius
826 4574 937 4633 tortasse
955 4572 1039 4651 dicet,
1054 4574 1112 4633 haec
1131 4571 1266 4654 adjectitia
1286 4594 1354 4647 esse,
1363 4586 1390 4631 et
1403 4593 1438 4631 ex
1457 4572 1513 4631 alio
1530 4572 1599 4630 forte

58 4666 189 4743 opusculo
198 4664 397 4745 chrysostomi,
413 4662 486 4742 quod
499 4663 619 4744 perierit,
635 4665 690 4723 huc
703 4666 832 4725 translata
845 4667 937 4726 luisse,
953 4668 1033 4727 certe
1050 4648 1094 4726 ies
1107 4665 1166 4724 haec
1180 4663 1343 4723 difficultate
1356 4685 1410 4724 non
1426 4677 1515 4740 rarat,
1529 4677 1556 4723 et
1569 4662 1597 4721 in

58 4755 245 4837 chrysostomi
258 4758 323 4815 t'iu
336 4756 461 4837 pluribus
475 4757 651 4835 expendetur.

98 4849 244 4909 codefridi
259 4848 410 4914 Tilmanni‚
424 4849 472 4927 qui
489 4850 681 4930 paraphrasten
695 4830 797 4933 potius,
811 4872 895 4930 quam
908 4850 1080 4931 interpretem
1090 4850 1156 4928 egit,
1162 4846 1312 4907 versionem
1322 4846 1474 4928 rejecimus,
1482 4866 1597 4907 noram·

59 4959 111 5015 que
121 4941 286 5020 paravimus.

616 5113 1064 5144 ...ὼ-...-

247 5254 318 5290 ΠΝ.
345 5256 395 5291 lll.
