3764 5992
114 379 183 453 286
422 401 451 449 S·
478 400 619 451 totttttts
645 397 827 448 cttttttsost.
856 399 1014 447 Attctttttt'.
1043 397 1314 446 cottsaattt'utou.

112 528 273 608 magistrum
285 521 441 602 instituerit,
452 524 592 585 osteudens
602 522 728 583 eumdem
738 523 829 604 ipsum
888 515 925 592 εἷς
937 525 994 584 ἔστι
1006 522 1053 583 καί
1068 527 1082 582 θ
1096 522 1182 597 αὐτὸς,
1194 527 1209 583 θ
1221 521 1268 582 καὶ
1279 525 1367 583 ἐκεῖνα
1380 520 1503 595 ποιήσας,
1516 520 1557 580 καὶ

113 639 170 678 esse
184 619 231 696 qui
241 630 268 677 et
277 618 324 676 illa
338 617 447 691 fecerat,
460 630 486 676 et
504 616 562 674 bac
574 636 623 696 per
633 615 726 697 ipsum
736 615 830 693 loque-
889 615 921 673 δι’
946 616 1025 674 αὐτοῦ
1048 612 1235 694 φθεγγέμενοςς
1258 616 1292 674 Εἰ
1314 611 1367 693 γάρ
1390 614 1525 695 ἀλλότριος
1543 605 1558 686 ί

112 710 213 769 hatur?
226 710 295 769 Nam
313 707 336 768 si
354 708 458 767 alienus
471 708 581 779 suisset,
599 727 768 786 nequaquam
782 705 830 765 ilia
888 709 975 764 έκεῖνα
993 704 1092 765 τούτων
1105 703 1203 772 τύπους
1217 705 1352 778 ἐκάλεσεν,
1367 707 1416 764 οὐκ
1430 703 1461 761 ἂν
1476 708 1511 773 εἰς
1522 728 1558 764 νον

113 801 213 862 horum
226 800 352 881 figuram,
363 820 412 860 noo
419 799 455 859 ad
464 799 659 879 eorreptionem
670 811 788 857 nostram
800 819 830 856 ea
887 799 963 874 ἡμῶν
972 797 1045 856 αὐτὰ
1062 798 1207 879 γεγράφθαι
1225 787 1307 869 εἶπεν,
1320 799 1368 856 οθκ
1381 796 1414 856 διν
1425 797 1558 856 διδάσκαλε

113 894 214 975 scripta
232 893 315 952 fuisse
336 891 460 964 dixisset,
476 912 561 970 neque
574 891 734 971 magistmm
750 889 830 950 uobis
888 887 1043 962 ἐπέστησεν,
1067 889 1095 949 ὃν
1115 892 1163 948 οὐκ
1181 889 1297 967 ἐνόμιζεν
1319 880 1386 949 εἶναι
1405 889 1485 963 Θεδν,
1497 890 1558 948 οἰοιέ

113 984 369 1062 ἰοεεὶειιίενεε,ιγιιεοι
376 1004 430 1043 uon
438 995 623 1064 putassetesse
637 985 831 1060 Deumzueque
840 1025 878 1065 ,ω
888 985 940 1040 τῶν
962 983 1007 1040 ὑπ’
1024 980 1123 1042 ἐκείνων
1142 981 1288 1062 γενομένων
1301 981 1362 1041 τότε
1374 987 1447 1060 ἡμᾶς
1467 981 1558 1060 {oddae

113 1077 149 1136 ab
166 1075 210 1151 iis,
220 1096 280 1155 quae
302 1089 367 1135 tuuc
388 1075 458 1134 [acta
476 1074 598 1152 fueraut,
613 1093 663 1132 uos
681 1072 830 1148 torruisset,
850 1079 871 1126 Δ
889 1076 926 1140 είς
941 1072 989 1140 τὰς
1009 1072 1107 1134 ἐκείνου
1130 1074 1210 1134 παλιν
1232 1074 1377 1152 μέλλοντας
1396 1072 1536 1151 ἐμπίπτειν
1552 1097 1558 1153 3

113 1168 189 1248 quasi
210 1169 239 1227 in
254 1166 329 1227 itlius
347 1186 443 1226 manus
455 1163 628 1226 deventuros.
646 1166 726 1225 Nunc
741 1177 832 1223 autom
888 1167 945 1226 Νῦν
960 1163 988 1226 δέ
1003 1163 1121 1240 δεικνθς,
1138 1163 1179 1225 δτι
1196 1167 1234 1233 εἰς
1246 1164 1295 1233 td<
1313 1165 1414 1226 ἐκείνω
1429 1165 1555 1244 μιλλομεν

113 1260 252 1321 osteudens
264 1280 312 1320 uos
327 1260 356 1319 iu
367 1259 443 1318 illius
453 1278 549 1320 manus
563 1257 662 1316 iterum
674 1254 832 1337 delapsums
888 1280 964 1317 πτειν
983 1257 1065 1317 πάλιν
1086 1265 1194 1337 χεῖρας,
1219 1257 1267 1316 καὶ
1280 1257 1404 1337 έκιίτιρος
1416 1261 1431 1316 θ
1443 1256 1522 1332 λαδς,
1537 1281 1558 1316 u

113 1374 177 1425 esse,
202 1365 282 1431 atque
299 1365 444 1428 utrumque
460 1348 605 1430 populum,
629 1346 710 1407 ittum
736 1366 833 1428 nempe
888 1349 935 1409 καὶ
953 1339 1041 1422 οὗτος,
1054 1358 1109 1415 τοῖς
1122 1346 1222 1409 ἐκείνου
1236 1349 1395 1410 διοικοῦνται
1407 1347 1513 1426 νόμοις,
1527 1350 1558 1406 ἀνι

113 1457 140 1503 et
164 1443 325 1504 hodiernum
349 1441 425 1502 iltius
443 1440 589 1522 gubernari
600 1439 717 1519 legibus,
741 1437 833 1498 omnia
888 1440 994 1501 πάντων
1010 1440 1115 1500 ίκείνων
1127 1485 1136 1514 ,
1149 1440 1195 1499 καί
1205 1429 1288 1514 εἶπεν,
1300 1439 1343 1501 ὅτι
1354 1439 1427 1519 Πρὸς
1437 1440 1558 1500 νουθεσίω

112 1535 161 1595 illa
185 1532 424 1608 oommemoravit,
451 1552 483 1591 ao
512 1531 598 1604 dixit,
622 1531 678 1590 Ad
700 1543 831 1590 nostram
890 1532 1001 1614 ἐγράρη.
1023 1534 1116 1592 Ταῦτα
1130 1523 1175 1592 οὖν
1188 1531 1369 1606 εἰδότις,τοῑς
1382 1533 1558 1612 τεπαρελθοδι

112 1631 323 1708 correptionem
343 1628 453 1706 scripta
475 1636 553 1683 sunt.
571 1622 636 1682 Haeo
659 1622 744 1702 igitur
768 1642 831 1681 oum
888 1649 919 1685 τε
939 1625 1064 1704 μέλλωσι
1082 1623 1257 1704 πιστεύωμεν.
1280 1623 1328 1684 Ἂν
1347 1623 1376 1685 δέ
1393 1646 1462 1690 τινες
1475 1611 1558 1682 ὦσιν]

111 1719 238 1795 sciamus,
254 1731 281 1778 et
298 1715 442 1800 praeteritis
466 1729 492 1775 et
511 1714 611 1774 futuris
630 1713 780 1800 oredamus.
800 1712 831 1773 Si
889 1717 1029 1796 μέλλουσιν
1055 1718 1085 1778 οὐ
1107 1715 1291 1787 πιστεύοντες,
1324 1715 1378 1775 ἀπὸ
1400 1719 1453 1775 τῶν
1477 1716 1558 1796 παρελ

78 1826 81 1832 ’
111 1833 177 1874 vero
197 1810 319 1892 quipiam
339 1809 408 1887 siut,
419 1807 468 1887 qui
480 1803 579 1867 futuris
600 1826 655 1866 non
677 1803 831 1882 credant,a
889 1806 982 1877 αὐτοὺς
1004 1808 1139 1888 ἕνάγωμεν
1162 1809 1198 1875 εἰς
1216 1805 1265 1881 τὴν
1282 1811 1330 1879 τῆς
1345 1810 1441 1887 ἀρετῆς
1457 1805 1558 1885 dotto&

112 1902 255 1985 praeiertfiss
273 1923 318 1962 eos
341 1900 377 1961 ad
390 1900 501 1962 Virtutis
514 1897 636 1959 studium
656 1895 831 1971 deducamus,
888 1901 958 1962 md
985 1900 1046 1969 τοὺς
1070 1898 1219 1978 Σοδομίτας
1246 1898 1434 1979 διηγούμεθα,
1460 1899 1494 1960 td
1517 1923 1558 1961 ut

111 1995 160 2055 illa
170 2007 307 2055 narrantes
321 1989 539 2073 quae'Sodomitis
549 1990 716 2063 acciderunt,
726 2009 787 2068 qua
801 1988 830 2048 iu
887 1991 1073 2070 κατακλυσμὸν
1106 1990 1240 2070 λέγοντες,
1273 1991 1324 2051 ’τὰ
1355 1990 1426 2050 κατὰ
1449 1990 1499 2064 τὴν
1522 1991 1558 2051 At

110 2082 550 2163 diluvioitom,quaeinAEgypto
571 2092 828 2157 commemorantes3
849 2097 868 2144 B
888 2084 1146 2163 ἀναμιμνήσκοντες,
1175 2082 1220 2143 ίνα
1245 2091 1304 2152 ταῖς
1324 2083 1420 2164 ἑτέρων
1440 2106 1558 2165 σωφρονιι

112 2192 144 2238 ut
160 2175 373 2257 aliorumpoenis
389 2173 424 2235 ad
438 2174 576 2233 meliorem
593 2173 700 2253 frugem
711 2171 828 2250 oeducfi,
886 2177 1028 2251 κολάσεσι,
1050 2175 1097 2236 καὶ
1121 2173 1177 2254 βίον
1199 2174 1306 2255 ἄριστον
1327 2173 1535 2254 ἐπιδειξάμενοι,
1552 2199 1558 2236 ι

110 2270 249 2349 vitamque
269 2280 378 2349 agentes
390 2265 532 2348 optimam,
547 2264 699 2325 doctrinam
717 2263 830 2324 demum
886 2267 948 2351 περί
965 2271 1014 2339 τῆς
1025 2267 1132 2346 γεέννης
1149 2265 1195 2324 καί
1214 2269 1262 2338 τῆς
1285 2266 1453 2336 ἀναστάσεως
1472 2265 1558 2336 δέξωνι

111 2356 831 2442 degehenuaetderesurreotioueadmittantQuan·
886 2382 943 2439 γον.
975 2359 1054 2418 Ἐπεί
1079 2356 1125 2418 καὶ
1150 2362 1195 2417 νῦν
1218 2356 1275 2418 ὅσοι
1297 2359 1332 2435 τῇ
1353 2357 1440 2440 κρίσει
1466 2359 1558 2420 διαπισ

110 2451 259 2532 doquidem
278 2464 305 2511 et
326 2471 398 2511 nuno
416 2449 465 2529 qui
476 2448 613 2530 judicium
632 2468 686 2508 uon
704 2447 829 2525 madunt,
887 2449 1030 2528 οὐδαμόθεν
1045 2447 1181 2531 ἑτέρωθεν,
1196 2450 1255 2508 ἀλλ’
1270 2448 1324 2509 ἀπὸ
1339 2447 1397 2528 βίω
1409 2448 1558 2530 διεμθκρμίι

111 2544 218 2604 nonnisi
230 2565 248 2604 a
262 2557 389 2624 corrupta
402 2541 460 2603 vita
471 2553 497 2600 et
509 2560 595 2621 prava
614 2538 776 2600 conscientia
790 2538 830 2600 sio
887 2545 1002 2623 πονηροῦ
1016 2540 1161 2608 συνειδθτος
1176 2544 1255 2600 τοῦτο
1267 2540 1425 2620 πάσχωσιν.
1449 2539 1558 2602 'timot

111 2636 201 2697 affecti
212 2650 287 2696 suut.
300 2637 395 2715 ltaque
409 2633 434 2694 ⁴si
445 2645 554 2714 peccata
567 2632 701 2707 eluamus,
717 2644 744 2692 et
755 2645 830 2693 metu
887 2632 1045 2712 καθαίρωμεν
1067 2635 1166 2692 ἑαυτῶν
1183 2631 1230 2700 τδις
1241 2632 1373 2712 ἁμαρτίας
1381 2677 1391 2708 ,
1404 2632 1452 2692 καί
1465 2637 1504 2713 τῷ
1518 2633 1558 2713 odi

110 2728 308 2808 praeteritorum
330 2746 379 2786 nos
396 2722 564 2799 erudiamus,
582 2725 664 2783 etiam
678 2721 830 2783 doctrinam
887 2723 1070 2804 παρελθόντων
1090 2722 1288 2802 παιδεύσωμιεν,
1307 2723 1353 2783 καί
1367 2723 1430 2804 περί
1444 2727 1558 2802 τῶνμελ

111 2818 259 2879 defuturis
278 2816 420 2877 admittere
441 2813 623 2874 suadebimus.
643 2814 830 2887 Quemadmo·
886 2815 1013 2895 πείσομεν
1032 2813 1155 2884 δέξασθαι
1177 2813 1264 2895 λόγον.
1287 2813 1394 2897 Ὥσπερ
1410 2813 1464 2896 γὰρ
1477 2815 1558 2895 δόγμα

110 2910 178 2969 dum
191 2909 264 2969 enim
276 2929 361 2989 prava
370 2906 498 2988 dogmata
506 2906 592 2966 vitam
601 2905 738 2986 impuram
749 2903 830 2965 iudu-
888 2907 955 2989 νηρά
975 2907 1031 2988 βίον
1045 2906 1194 2987 ἀκάθαρτον
1209 2905 1323 2985 εἰσάγειν
1338 2907 1437 2980 είωθεν,
1453 2906 1522 2967 οὕτω
1540 2932 1558 2967 κ

112 3022 171 3061 cere
185 3000 281 3073 solent,
293 3001 332 3060 sio
351 3013 378 3059 et
390 3011 518 3079 oonupta
532 2997 589 3056 vita
602 3018 687 3078 prava
703 2996 829 3079 dogmata
887 2999 1035 3081 φθαρμένος
1055 2998 1111 3078 βίος
1124 2997 1252 3079 πονηρίαν
1267 2997 1406 3078 δογμάτων
1418 2999 1548 3068 πολλάκις

111 3093 272 3174 plerumque
284 3091 397 3173 peperit.
413 3089 541 3164 Quodne
561 3090 698 3169 contingat
712 3104 740 3150 et
751 3090 830 3150 nobis
886 3090 978 3172 Ὅπερ
1000 3089 1044 3150 ἵνα
1064 3088 1102 3169 μὴ
1125 3089 1249 3169 γίνηται,
1274 3088 1319 3148 καί
1333 3092 1398 3167 ἡμῖν
1414 3092 1520 3158 αὐτοῖς,
1542 3115 1558 3151 tt

112 3185 191 3266 ipsis,
206 3197 234 3242 et
246 3180 318 3260 aliis,
331 3183 395 3242 hato.
407 3182 584 3244 vociferantes
596 3181 680 3241 verba
691 3194 717 3241 et
730 3196 830 3242 rectam
848 3209 866 3257 ρ
887 3179 976 3248 ἄλλοις
988 3188 1072 3242 ταῦτα
1085 3179 1277 3262 κατεπᾴδοντες
1286 3179 1319 3240 τά
1331 3180 1458 3260 ῥήματα,
1474 3183 1522 3254 τήν
1534 3205 1558 3242 τι

113 3276 196 3336 sudem
216 3295 363 3350 seavemus,
380 3289 407 3335 ot
423 3274 493 3345 'vitae
518 3273 671 3333 institutum
694 3273 830 3353 optimum
887 3272 976 3333 πίστιν
1000 3271 1165 3352 διαμένωμεν
1185 3272 1305 3353 ἔχοντες,
1322 3271 1369 3332 καί
1388 3273 1524 3334 πολιτείαν
1545 3276 1558 3332 ἀ

112 3368 299 3447 exhibeamus,
317 3364 572 3448 quandoquidema
596 3364 674 3427 nohis
699 3386 734 3425 ex
755 3366 830 3425 omui
888 3364 1092 3444 ἐπεδειξάμεθα,
1109 3364 1199 3438 ἐπειδὴ
1222 3363 1381 3445 παντοχόθεν
1394 3369 1488 3443 ἡμῑνθ
1504 3366 1558 3446 λάγ

111 3465 190 3541 parte
204 3458 417 3519 demonstratum
427 3470 478 3536 ost,
492 3455 551 3517 siue
559 3457 645 3537 proba
657 3456 715 3518 vita
727 3458 831 3518 nullam
889 3456 978 3532 δειίεν,
999 3458 1042 3518 ὅτι
1062 3457 1162 3532 ταύτης
1182 3457 1264 3539 χωρίς
1285 3457 1357 3518 οὐδὲν
1378 3459 1472 3539 ὄφελος
1488 3465 1552 3537 ἡμῖν

112 3552 171 3611 fore
181 3563 316 3613 rectorum
328 3549 487 3630 dogmatum
501 3547 654 3608 utilitatem.
667 3547 734 3609 Fiat
740 3564 831 3612 autem
890 3549 1038 3630 δογμάτων.
1061 3549 1169 3610 Γίνοιτο
1190 3549 1218 3608 δέ
1239 3553 1329 3630 εὐχαῖς
1351 3553 1404 3609 τῶν
1424 3550 1517 3628 ἁγίων,
1538 3573 1558 3612 ιν

111 3643 239 3724 proodtus
258 3632 430 3719 sanctesium,
443 3656 470 3701 et
485 3640 634 3722 praesulum
653 3641 786 3720 omnium,
801 3655 832 3703 ut
888 3641 1023 3723 προέδρων
1040 3640 1174 3716 ἁπάντων,
1192 3641 1241 3715 τήν
1258 3665 1289 3702 τε
1300 3641 1430 3724 ὀρθότητα
1442 3647 1495 3702 τῶν
1509 3645 1558 3725 δογ

113 3748 222 3794 etreota
234 3734 373 3814 dogmata,
383 3754 472 3813 quaea
486 3732 636 3815 majoribus
646 3732 714 3792 olim
726 3732 832 3816 sucepi-
889 3735 922 3807 ἣν
938 3733 1036 3794 ἄνωθεν
1049 3733 1097 3794 καί
1118 3735 1150 3792 tx
1169 3732 1303 3814 προγόνων
1317 3734 1515 3816 παρελάθομεν,
1534 3737 1558 3796 ἀι

114 3846 187 3897 mus,
196 3846 266 3906 pura
276 3845 413 3886 servemus
419 3823 557 3901 ;etvitam
567 3823 634 3905 ipsis
644 3838 833 3904 congruentem
889 3828 1064 3906 διατηρῆσαι,
1086 3824 1132 3884 καὶ
1152 3824 1208 3905 βίον
1224 3829 1291 3906 αὐτῇ
1306 3826 1486 3905 συμδαίνοντα
1497 3851 1558 3909 προι

114 3915 297 3998 adjiciamus,
323 3928 355 3973 ut
379 3914 509 3996 ptumissa
532 3914 603 3974 bona
627 3936 832 3994 oousoquamur‚
888 3918 1004 3979 ἵναπῶν
1025 3916 1229 3999 ἐπηγγελμένων
1252 3921 1356 4000 ἀγαθῶν
1374 3919 1552 4001 ίπιινίχωμεν,

114 4007 413 4089 gratiaetbeuiguitate
423 4005 532 4066 Domini
547 4006 631 4066 nostri
644 4009 709 4068 Jesu
718 4007 832 4088 Christi,
888 4009 935 4071 καί
956 4008 1141 4091 φιλανθρωπία
1163 4015 1209 4070 τοῦ
1225 4009 1323 4093 Κυρίου
1336 4010 1558 4090 ἡμῶνἸησοῦΧ

116 4101 228 4180 quitum
245 4099 322 4161 Patri
336 4099 471 4178 simulque
481 4111 573 4164 sancto
592 4098 719 4179 spiritui,
734 4098 830 4180 gloria,
888 4106 947 4182 μεθ’
969 4093 1000 4164 οὗ
1019 4105 1059 4184 τῷ
1079 4101 1184 4184 Πατρί,
1203 4103 1261 4181 άμια
1280 4105 1320 4182 τῷ
1342 4102 1410 4185 ἁγίῳ
1425 4103 1558 4182 Hostium

116 4193 276 4275 imperium,
291 4192 390 4270 honor,
401 4211 473 4251 uuuo
487 4202 512 4250 et
525 4209 641 4272 semper,
656 4203 683 4250 et
694 4190 722 4251 iu
736 4191 834 4253 secula
889 4193 1000 4274 κράτος,
1022 4192 1106 4273 τιμὴ,
1130 4201 1174 4255 νῦν
1190 4193 1236 4256 καί
1247 4192 1302 4269 ἀεὶ,
1316 4195 1362 4254 καὶ
1375 4197 1412 4262 είς
1424 4192 1485 4262 τὼς
1498 4197 1558 4256 atus

116 4286 285 4348 saeculorum.
294 4287 389 4345 Amen.
891 4285 1001 4346 αἰώνων.
1016 4283 1109 4364 Ἀμήν.

151 4489 163 4513 ⁸
178 4470 225 4523 diii
236 4483 281 4527 τῶν
293 4479 362 4525 κατά.
