3764 5992
172 449 207 497 ru
239 447 351 511 iacun,
379 447 408 495 ει
434 448 608 495 usunrunrr
633 446 783 495 rauracus
809 444 906 511 auus,
935 446 1011 494 ure.
1291 426 1357 523 ιδῃ

144 571 245 652 χὺπὲρ
257 575 370 649 ἐμαυτοῦ
392 572 503 631 καὶτῶν
520 574 590 650 ἐμῶν
643 591 696 631 non
712 572 822 630 curetis.
834 570 935 632 Gravis
952 592 984 631 ac
1011 569 1139 631 molestus
1159 571 1247 631 videri
1265 592 1357 651 cogor,

152 665 228 742 ὑμῶν
250 662 295 721 καί
319 669 367 735 τῆς
384 663 512 743 ὑμετέρας
534 686 589 722 σω·
643 683 696 722 uon
717 683 776 722 mea
788 662 833 724 rel
845 681 968 722 tuomum
985 662 1196 745 pomereionum,
1208 663 1257 723 sed
1270 677 1358 726 vestm

163 753 365 833 προτιμότερον.
376 753 411 813 ‘0
435 753 591 833 βουλόμενος
642 754 790 832 salutisque
802 767 897 814 vestrae
911 774 990 814 eausa
998 799 1008 832 ,
1022 775 1077 834 qua
1094 754 1162 814 mihi
1174 753 1245 815 nihil
1255 770 1295 815 est
1310 776 1358 814 an·

144 846 187 906 ιιὸν
204 845 250 905 καὶ
263 845 437 926 ἀναίσχυντον
459 845 590 905 καλείτω·
642 844 754 922 tiquius.
770 845 933 924 AEgrcierat
956 844 1004 923 qui
1029 845 1112 923 volet,
1136 845 1321 928 importunum
1331 862 1358 909 et

144 941 247 1018 υνεχῶς
266 937 333 1016 ὑπὲρ
347 942 399 996 τῶν
424 939 510 997 αὐτῶν
534 940 592 996 ἐνο·
644 937 827 1018 impudentem
844 937 1037 1018 appelle13ego
1056 958 1120 1001 vem
1133 959 1237 1020 semper
1252 939 1304 999 hae
1324 939 1360 1000 de

144 1029 245 1109 χυντίας
267 1030 365 1101 ταύτης
387 1028 461 1088 οὐδὲν
484 1028 591 1106 ἄμεινον
643 1050 720 1088 eausa
745 1029 895 1090 molestiam
913 1030 1044 1101 exhibere
1063 1050 1116 1090 non
1136 1028 1273 1109 desinam,
1289 1031 1359 1091 nihil

144 1124 191 1192 ‚el
215 1121 258 1180 καί
284 1120 366 1199 μηδὲν
390 1120 490 1203 ἕτερον,
515 1125 593 1181 τοῦτο
642 1121 713 1180 enirn
727 1121 778 1180 lrae
791 1120 958 1201 impudentia
970 1121 1038 1181 mihi
1049 1120 1214 1182 fructuosius
1233 1143 1290 1182 esse
1311 1144 1359 1204 pe-

144 1213 158 1273 θ
180 1212 219 1291 μὴ
240 1216 355 1293 συνεχῶς
378 1215 513 1293 ὀχλεῖσθαι
531 1213 592 1294 περί
642 1226 702 1274 test.
714 1215 838 1273 Fortasse
849 1215 1105 1292 uarnque,furtasse,
1119 1215 1142 1274 si
1152 1213 1360 1274 urinusalterius

144 1304 189 1365 υθέ
208 1328 272 1364 ποτε
295 1308 343 1375 τῆς
364 1302 522 1381 κηδεμονίας
539 1309 592 1364 τῶν
644 1306 691 1383 rei,
715 1307 811 1365 saltem
837 1305 920 1386 hujus
944 1327 994 1365 ves
1014 1306 1138 1387 pudebit,
1158 1320 1239 1366 utne
1255 1327 1360 1388 semper

144 1421 184 1456 os.
198 1396 235 1456 Τί
257 1396 308 1476 γάρ
328 1421 375 1474 μοι
402 1399 455 1455 τῶν
478 1397 593 1457 ἐπαίνων
608 1414 626 1463 c
643 1396 763 1457 eamdem
777 1398 934 1458 obcausaru
956 1398 1077 1479 molestia
1086 1398 1164 1460 robis
1184 1398 1359 1475 exhibeatur,

163 1489 301 1567 θεάσωμαι
323 1489 521 1569 προκόπτοντας
534 1492 593 1550 κατ’
643 1504 767 1550 etcuram
780 1489 1360 1571 fiatrcsvcstrosjuvaudisuscipietis.Quid
1386 1506 1511 1564 apptaurur

144 1581 202 1649 ίύος
217 1585 247 1641 ἐκ
266 1585 314 1653 τῆς
327 1585 404 1660 σιγῆς
418 1586 470 1641 τῶν
483 1582 593 1642 ἀκουόν-
643 1582 715 1641 enim
728 1581 796 1640 mihi
815 1581 910 1641 larrdes
927 1596 1059 1663 prosunt,
1080 1603 1143 1642 cum
1155 1602 1204 1643 ves
1218 1582 1245 1642 in
1259 1583 1361 1645 virtute
1383 1570 1512 1676 wlffsffi}

144 1678 200 1751 μῶν
213 1673 262 1733 ἴδω
273 1673 321 1745 τὴν
332 1674 594 1749 εὐλύύειανςἜπαι-
644 1674 729 1733 lucere
741 1695 898 1754 progressus
915 1695 967 1734 uen
982 1673 1113 1735 videaur?
1128 1677 1202 1755 qued
1216 1697 1280 1738 vere
1291 1677 1360 1739 milri
1369 1647 1484 1758 curyiori.

144 1769 214 1847 νθχθ
226 1766 333 1846 κρύτος,
354 1768 412 1825 ἀλλ’
435 1770 450 1825 θ
465 1766 527 1846 περί
545 1766 593 1838 τὴν
643 1766 775 1826 damnum
791 1767 879 1827 oritur
889 1789 923 1828 ex
936 1767 1042 1827 silentio
1054 1769 1222 1845 auditorum,
1237 1792 1299 1831 eum
1313 1794 1361 1834 ve-

144 1858 293 1919 ίκουόντων·
308 1863 358 1940 οθχ
375 1858 512 1938 ὁθόρυύος
525 1859 594 1918 κατὰ
644 1873 726 1918 stram
741 1860 834 1940 augeri
845 1860 1007 1942 conspiciam
1021 1861 1252 1943 pictatemi'Larrs
1261 1866 1362 1946 quippe

144 1949 237 2025 ίσεως,
251 1953 310 2011 ἀλλ’
334 1957 351 2022 ἡ
369 1950 469 2022 σπουδὴ
492 1956 509 2023 ἡ
536 1951 594 2009 δια·
644 1950 759 2011 dicentis
773 1966 824 2029 est,
839 1974 893 2013 non
908 1953 1072 2034 applausus,
1088 1953 1136 2014 sed
1154 1954 1311 2016 auditorum
1332 1957 1362 2016 iu

144 2042 277 2124 [λκρύτος
297 2041 402 2113 ἐξῆλθεν
417 2048 483 2120 ὁμοῦ
506 2047 596 2103 τετοῦ
646 2044 745 2125 pietate
765 2045 839 2106 zelus
847 2067 880 2105 ae
889 2045 1032 2126 studium3
1048 2068 1101 2108 non
1111 2048 1243 2108 tumultus
1254 2048 1361 2109 exeita-

144 2134 183 2217 ἔρα
204 2135 336 2217 διαχυθεὶς
359 2134 494 2195 ἀπώλετο·
514 2136 545 2196 τὸ
568 2135 595 2194 δὲ
646 2150 700 2212 tus,
708 2158 762 2215 quo
774 2150 894 2218 tempere
906 2158 994 2199 sermo
1006 2137 1128 2210 auditur,
1141 2138 1362 2200 sedstudiumac

144 2225 453 2307 ύςιίκυύοντας,ἀγήρω
472 2228 518 2287 καί
532 2229 596 2288 ἀθά·
646 2227 788 2310 diligentia
817 2253 877 2310 quac
900 2230 973 2291 omui
998 2245 1117 2312 tempere
1137 2233 1291 2293 exlriltetur.
1307 2238 1363 2315 tp-

144 2318 183 2379 tte
202 2318 248 2377 καί
273 2323 311 2400 τῷ
338 2319 456 2399 λέγοντι,
477 2321 523 2380 καί
543 2330 597 2387 τοῖς
647 2321 759 2402 plausus
773 2344 809 2381 ex
822 2343 869 2382 orc
879 2323 961 2382 simul
977 2322 1123 2403 egreditur,
1136 2337 1162 2383 et
1176 2325 1204 2385 iu
1214 2347 1302 2385 aerem
1310 2325 1364 2385 dis-

144 2414 187 2483 σῆς
200 2413 275 2488 ὑμῶν
289 2411 395 2478 ἔπαινος
419 2415 531 2472 ἐνταῦθα
552 2413 596 2473 τὸν
611 2438 630 2483 1)
646 2415 723 2472 lusus
736 2413 842 2491 interit;
854 2414 927 2492 quod
942 2428 1032 2474 auteur
1044 2414 1166 2475 rudiores
1180 2417 1245 2476 liant
1257 2416 1364 2477 aridita-

144 2504 210 2577 θηη
232 2501 261 2561 δὲ
286 2507 334 2574 τῆς
351 2507 439 2584 ψυχῆς
460 2508 533 2583 ὑμῶν
549 2507 596 2565 εὖ·
647 2526 698 2576 res,
716 2504 900 2586 incorruptam
911 2519 938 2564 et
959 2505 1138 2565 immortalem
1160 2528 1224 2566 curn
1243 2507 1363 2584 dicenti,

144 2598 156 2652 θ
174 2593 294 2673 βήματος
316 2601 362 2653 τοῦ
376 2597 492 2675 Χριστοῦ
505 2596 597 2655 δίδωσι
647 2610 704 2654 tum
718 2596 968 2676 obtemperantibus
974 2595 1124 2655 mercedem
1133 2597 1220 2657 allert.
1234 2598 1366 2657 Clamoris

144 2710 200 2747 ιντι.
215 2686 309 2766 Ὥστε,
325 2688 350 2748 εί
372 2713 411 2756 τις
436 2694 489 2748 τῶν
503 2687 597 2768 λιγύν·
646 2682 728 2744 vestri
744 2682 941 2744 commendatio
960 2676 1141 2745 ‘illustriorem
1166 2700 1298 2746 oratorem
1320 2686 1367 2747 lrie

144 2777 219 2852 ύτων,
240 2780 309 2840 ἀλλά
332 2786 381 2853 τῆς
400 2779 527 2859 ὠφελείας
545 2785 597 2840 τῶν
647 2777 736 2838 reddit
749 2802 756 2835 ι
769 2794 797 2838 at
816 2779 912 2839 animae
924 2793 1021 2839 vestrm
1041 2780 1129 2861 pictas
1154 2781 1268 2841 multam
1292 2783 1366 2864 apud

144 2894 154 2929 ι
166 2871 223 2931 ἔστι
236 2873 266 2930 τὸ
279 2872 360 2953 τυχὸν
380 2874 464 2933 κακὸν
479 2873 598 2952 ἀδελρῶν
647 2869 766 2928 tribuual
780 2870 883 2929 Christi
893 2869 998 2931 doctori
1011 2871 1140 2932 fiduciam
1166 2874 1291 2953 acquirit.
1313 2876 1368 2935 lta·

151 2962 273 3036 κόλασις,
286 2966 332 3023 καί
354 2964 535 3045 ἀπαραίτητος
554 2987 598 3022 τι·
639 2983 711 3039 οπο,
726 2962 748 3021 si
765 2961 827 3040 quis
838 2984 884 3022 ees
895 2962 942 3041 qui
957 2983 1107 3023 sermenem
1121 2964 1232 3044 habent,
1248 2965 1365 3046 diligat,

146 3055 275 3115 τάλαντον
285 3054 444 3137 καταχώσας
456 3056 598 3128 ἐδήλωσεν.
650 3074 702 3111 nou
729 3053 893 3133 applausus,
916 3053 964 3113 sed
989 3054 1135 3114 utilitatem
1164 3056 1262 3140 diligat
1290 3059 1368 3120 audi·

158 3146 259 3215 οίκείας
279 3150 429 3208 ἐνεκαλεῖτο
443 3153 526 3221 ζωῆς·
541 3148 599 3208 οὐδὲ
650 3158 750 3203 torum.
776 3144 839 3203 Non
866 3143 1002 3213 melicae,
1025 3148 1127 3215 malurn
1139 3162 1179 3208 cst
1195 3150 1368 3215 fratrumcu·

144 3240 176 3320 :pl
197 3240 246 3312 τὴν
261 3242 431 3314 καταθήκην·
456 3241 599 3323 ὁλόκληρον
648 3259 707 3297 ram
728 3244 781 3298 noh
810 3258 922 3317 gerere,
948 3237 997 3298 sed
1019 3253 1172 3300 extremum
1203 3244 1368 3325 supplicium

162 3333 223 3391 ἀλλ’
238 3333 310 3409 ὅμως
331 3331 434 3411 ἐγένετο
453 3334 534 3399 κακὸς
554 3333 599 3391 καὶ
615 3350 633 3395 u
649 3343 699 3401 est,
722 3343 748 3389 et
770 3329 936 3391 inevitabilis
958 3351 1037 3412 poena
1054 3355 1061 3388 ι
1078 3332 1153 3410 quod
1177 3333 1266 3415 ipsum
1280 3337 1303 3396 is
1321 3336 1368 3416 qui

145 3446 158 3489 ς
171 3424 410 3505 παρακαταθήκης.
426 3428 468 3484 Οὐ
480 3424 533 3504 γάρ
546 3427 601 3485 {tir-
649 3423 925 3483 utentumdesoderat
939 3423 1081 3484 iudicavit.
1099 3425 1169 3485 Saue
1181 3427 1251 3486 nihil
1261 3428 1285 3487 ei
1300 3429 1368 3490 vitio

144 3514 192 3575 ιίν·
216 3515 256 3574 διὸ
280 3517 325 3575 καί
348 3518 494 3584 ἐκολάζετο.
517 3516 600 3577 Ὅθεν
649 3515 815 3593 vertebatur,
828 3514 902 3594 quod
925 3513 953 3574 iu
967 3514 1024 3577 vita
1037 3531 1183 3595 peccasset,
1199 3539 1285 3597 neque
1297 3520 1368 3581 male

148 3598 371 3684 numeriositate
396 3608 441 3668 καί
456 3632 600 3689 συγκεκρο-
648 3606 800 3685 quidquam
816 3606 843 3665 in
856 3606 972 3686 depositi
985 3606 1108 3667 custodia
1127 3609 1315 3670 commiserat:
1328 3612 1368 3679 iu·‚

144 3721 146 3745 ¹
170 3697 313 3775 ἐπιθυμίαν
338 3700 444 3780 ἔχωμεν
468 3700 529 3780 περὶ
539 3730 542 3737 ·
552 3700 600 3773 τὴν
651 3713 757 3777 tegrum
770 3698 843 3758 enim
855 3696 924 3757 illud
941 3696 1058 3757 restituit
1069 3721 1076 3755 ε
1087 3699 1135 3759 scd
1146 3713 1232 3759 tamen
1247 3701 1274 3759 iu
1286 3700 1369 3785 depe·

144 3791 251 3870 ’ραρῶη
272 3795 319 3850 οὐκ
340 3795 415 3873 ἀρκεῖ.
435 3791 501 3872 πρὸς
515 3815 601 3865 σωτη-
651 3787 696 3846 siti
708 3786 886 3866 negotiatione
901 3785 972 3845 male
990 3806 1019 3846 se
1039 3802 1164 3866 gesserat.
1178 3790 1237 3849 Non
1252 3789 1325 3850 enim
1340 3790 1370 3850 id

144 3905 186 3942 m
196 3881 247 3961 γὰρ
267 3881 321 3962 χρὴ
336 3882 384 3956 τὴν
404 3885 601 3964 apparamus-
652 3877 724 3957 quod
739 3877 873 3937 creditum
884 3875 1150 3958 literatduplicarat3
1161 3902 1245 3960 apuam
1258 3883 1293 3942 ob
1304 3905 1369 3943 cau-

144 3997 171 4049 ι,
183 3972 246 4031 ὅταν
268 3974 334 4052 μετὰ
357 3981 404 4047 τῆς
426 3980 525 4035 ἑαυτῶν
550 4000 601 4036 σω-
650 3991 708 4030 sam
723 3970 804 4029 etiam
817 3991 909 4051 poenas
921 3968 1015 4029 dabat.
1030 3969 1111 4031 Unde
1124 3972 1295 4049 manifestum
1305 3998 1369 4037 eva-

144 4091 178 4125 ων
193 4067 452 4146 ἀντιλαμύανιύμεθα
467 4068 600 4148 προνοίας.
651 4062 703 4141 dit,
718 4064 780 4124 licet
806 4063 919 4124 studiosi
940 4064 1026 4123 simus
1049 4078 1075 4124 ct
1098 4063 1235 4145 instructi,
1255 4069 1318 4129 licet
1332 4070 1369 4130 atl

149 4155 220 4231 Ἴδε,
238 4158 354 4238 ἔχειςτὸ
373 4160 418 4219 σὸν
441 4163 525 4220 σῶον·
541 4162 599 4220 ἀλλ’
650 4177 754 4215 sacram
767 4155 930 4216 audiendam
943 4157 1113 4238 scripturam
1122 4159 1209 4218 multa
1219 4161 1369 4241 cupiditate

144 4272 176 4308 το
186 4250 251 4330 πρὸς
272 4251 427 4331 ἀπολογίαν.
444 4249 522 4310 Ἔδει
533 4253 630 4346 γάρ,1Γ
632 4308 644 4346 8
650 4248 866 4326 exardescamus,
879 4248 909 4308 id
919 4262 1008 4308 umen
1017 4247 1052 4307 ad
1062 4262 1181 4309 nestram
1191 4250 1304 4311 salutern
1315 4273 1368 4313 nen

144 4342 152 4400 ί
166 4340 228 4408 τοὺς
240 4343 400 4423 τραπεζίτας
415 4342 445 4401 τὸ
459 4345 599 4416 κατιύλη-
617 4322 634 4408 ,i
651 4342 781 4401 sufficere.
792 4339 995 4422 Duplieandum
1009 4361 1124 4421 namque
1137 4342 1289 4423 depositum
1302 4358 1342 4405 est
1358 4371 1366 4405 ι

144 4437 218 4502 ,πῶς
243 4440 328 4515 κοῦρε
348 4442 393 4494 τοῦ
408 4435 544 4494 Δεσπότου
567 4436 601 4496 τὰ
651 4455 731 4513 perro
744 4432 859 4514 duplum
871 4432 911 4506 fit,
924 4430 1034 4511 ‹prrndo
1049 4454 1111 4492 eum
1121 4434 1207 4494 salute
1217 4449 1306 4496 nestra
1317 4458 1368 4517 cu·

144 4546 176 4583 ιοι
204 4525 325 4605 μὲνγὰρ
354 4525 413 4594 τοὺς
438 4527 602 4596 δανείζοντας
650 4547 709 4584 ram
724 4525 840 4584 aliorum
853 4544 959 4602 quoque
979 4523 1152 4604 suscipimus.
1170 4528 1291 4588 Namet
1311 4528 1368 4611 ipse

144 4612 175 4673 rel
192 4617 240 4685 τῆς
264 4616 432 4689 ἀπαιτήσεως
446 4617 602 4686 ὑπευθύνους
651 4616 732 4690 dixit,
744 4620 833 4692 Ecce,
845 4616 962 4675 salvum
972 4617 1062 4675 trabes
1071 4619 1152 4697 qreod
1160 4621 1368 4688 tuumest5sed
1380 4640 1465 4685 uaria.
1480 4640 1517 4687 2⁵.

144 4730 175 4781 a,
187 4705 236 4779 rt,
252 4708 342 4787 φησίν,
361 4708 527 4781 ἀπαίτησον·
541 4710 601 4785 ἐμοί
653 4709 704 4768 ltoc
717 4709 753 4768 ad
763 4706 961 4767 excusationem
974 4705 1015 4766 illi
1029 4706 1223 4769 satisnonfuit.
1234 4716 1368 4793 Oportuit
1378 4715 1416 4761 ²7·

151 4797 301 4877 δεξάμενον.
318 4799 353 4860 Ὁ
370 4800 398 4859 δὲ
409 4802 478 4867 Θεὸς
489 4804 538 4881 οὐχ
555 4801 601 4861 ού·
653 4800 736 4872 enim,
752 4799 851 4879 inquit,
863 4812 892 4858 te
905 4802 1084 4859 committere
1102 4803 1277 4864 ruemulorr'r's
1291 4810 1371 4887 qued

144 4914 159 4950 ιι
177 4890 280 4950 κελεύει
295 4891 384 4969 μόνον,
399 4892 488 4952 οὐκέτι
506 4892 535 4952 δὲ
555 4893 601 4952 καὶ
654 4896 708 4951 tibi
729 4893 1030 4951 commissariorum
1053 4903 1082 4950 tu
1095 4891 1173 4968 mihi,
1197 4916 1279 4973 quam
1296 4897 1369 4959 levia

144 5006 156 5051 ς
174 4981 332 5051 ὑπευθύνους
352 4992 431 5043 ποιεῖ.
451 4986 506 5044 Τοῦ
532 5008 602 5062 ουμ-
653 4985 707 5042 sint
720 4982 831 5043 Domini
845 4980 980 5058 mandata,
994 4981 1142 5042 considera.
1157 4984 1285 5047 Homines
1296 4988 1369 5051 enim

144 5078 160 5133 ὕ
178 5081 271 5134 πεῖσαι
285 5074 374 5155 κύριος
395 5080 410 5133 θ
429 5074 513 5155 λέγων
534 5076 599 5136 ἔστί.
654 5096 708 5148 eos,
724 5074 771 5155 qui
782 5074 909 5156 pecunias
919 5073 1019 5143 ,heriles
1031 5072 1095 5133 dant
1110 5075 1217 5152 soenori,
1233 5079 1315 5142 ctiam
1328 5104 1370 5144 rc·

144 5165 258 5227 ειύθνιόν
271 5191 302 5228 σε
315 5173 385 5228 ποιῶ
409 5168 497 5247 μόνον,
519 5170 600 5248 φησὶ,
653 5166 776 5249 petitioni
789 5164 907 5226 reddunt
918 5163 1058 5226 obnoxios.
1072 5166 1117 5225 Tu
1130 5169 1288 5232 commisisti
1295 5187 1345 5251 ,tu
1356 5220 1366 5247 ,

144 5258 232 5321 ιῦιίτι.
254 5260 290 5320 Τί
311 5260 403 5321 τούτου
429 5260 600 5341 κουρότερονς
655 5259 753 5340 inquit,
763 5270 869 5339 repete:
883 5256 1183 5333 nullummilnieum-ee
1191 5262 1240 5351 qui
1252 5264 1367 5347 reecpit,
