3810 6000
328 489 475 542 semem
501 490 547 539 EX
573 492 670 542 norts
696 489 830 543 aaautct
856 492 980 545 savtstt
1009 492 1053 541 ET
1076 490 1263 543 raaumttts
1289 490 1413 539 DllcAEl.

151 619 180 669 P.
190 620 247 669 517.
258 619 288 670 D.
302 620 327 667 6.
338 623 380 672 'vrri
388 628 427 673 τεῦ
435 628 554 688 impastam
563 629 603 676 τῆς
613 624 706 682 πόλεως,
715 617 746 668 A
754 617 861 669 Cruiosa

116 693 242 742 e‘vitatis:
258 691 317 741 hinc
326 691 459 758 depromta
471 704 531 742 sunt
541 689 592 755 illa,
605 708 660 756 quae
675 691 743 756 apud
754 689 860 744 Suidam

116 767 144 817 in
152 783 212 816 voce
220 778 354 823 soundness
361 765 419 832 (sic)
429 768 540 815 citantur
547 772 571 818 la
581 774 621 818 τοῦ
628 775 679 832 βίον
687 775 727 818 τοῦ
734 777 862 836 xpasasrl-

116 861 171 906 pau.
183 840 354 891 Tertullianus
367 842 481 892 meminit
498 838 715 891 beneficiariorum
728 853 753 891 et
771 843 861 892 Cario·

116 931 202 965 sorum
214 932 270 980 cap.
279 917 310 965 18
323 917 359 967 De
370 916 427 982 luga
438 919 463 965 in
472 917 672 981 persequutione,
684 927 709 967 et
721 932 749 967 es
764 918 860 967 Notitia

116 990 216 1055 imperii
227 990 337 1039 Orientis
350 1001 376 1039 et
386 987 535 1039 Occidentis
546 1001 647 1040 constat
666 989 740 1040 luisse
750 990 796 1041 sub
804 992 859 1040 ttu-

116 1065 196 1127 gistro
205 1062 347 1114 ciliciorum
358 1064 492 1115 Curiosum
503 1082 590 1115 cirrsns
610 1063 703 1130 publici
715 1067 860 1130 prasentia·

115 1134 146 1186 lis
158 1155 234 1187 unam
246 1150 271 1188 et
282 1132 401 1189 Curiosbs
413 1156 457 1204 per
468 1146 557 1191 omncs
573 1142 726 1204 provincias,
735 1142 794 1191 item
806 1140 858 1191 Cu·

115 1210 196 1262 riosos
206 1215 232 1263 in
244 1214 366 1263 comitatu
378 1211 515 1265 Praesidum
539 1213 648 1265 admissa
663 1231 707 1279 per
717 1218 859 1279 provincias

115 1288 279 1345 renuntiasse,
291 1284 444 1354 eosdemque
462 1284 591 1353 judicibus
611 1290 719 1338 crimina
740 1288 858 1340 detulisse

113 1371 217 1410 constat
228 1378 257 1410 ex
270 1359 322 1427 lege
343 1364 367 1410 1.
379 1360 444 1412 Cod.
455 1359 488 1411 de
504 1362 623 1412 curiosis.
648 1364 678 1413 ln
699 1364 856 1427 passionali.

113 1434 210 1484 Alennre
221 1432 352 1485 llcliodori
361 1434 491 1503 cujusdam
505 1435 534 1487 lit
546 1439 651 1502 mentio,
662 1440 704 1503 qai
713 1440 811 1489 cariosi
819 1438 858 1490 ol·

112 1505 171 1558 ficio
186 1505 348 1567 fungebatur.

146 1581 174 1631 Ρ.
188 1583 259 1633 527’.
277 1584 305 1632 A.
330 1583 407 1632 Hanc
426 1581 597 1649 Epistularum
622 1583 714 1635 libram
730 1587 858 1651 scripsisse

112 1651 215 1706 beatam
233 1657 357 1706 loannem
375 1657 586 1725 Chrysostomum
598 1675 656 1708 carn
677 1661 767 1725 injuste
781 1671 858 1726 atque

113 1727 282 1781 inhumaniter
294 1731 418 1798 relegatus
435 1746 499 1783 esset
514 1733 541 1783 iu
557 1732 680 1798 exsilium,
701 1734 780 1785 tradit
790 1733 857 1785 Pho-

112 1806 162 1854 tias
177 1805 202 1854 iu
216 1804 370 1856 Bibliotheca
382 1823 439 1874 pag.
453 1808 500 1857 118
520 1805 590 1858 Edit.
603 1811 706 1873 August.
718 1807 784 1859 inter
795 1825 857 1875 quas

112 1888 143 1939 si,-
152 1889 179 1934 sl
190 1887 295 1951 χρειῶδες
305 1888 395 1948 μᾶλλον
409 1891 558 1937 martianaeus
570 1891 619 1937 atre
630 1893 686 1956 πρὸς
703 1893 744 1942 τὴν
760 1890 855 1937 ‹diacr-

112 1962 197 2013 σεὰτηιι
208 1953 346 2022 ὀλυμπιάδα
358 1966 400 2017 τὴν
417 1962 518 2011 διάκενον
534 1963 596 2025 αὐτῷ
612 1980 652 2024 pes
668 1968 769 2024 ειμμέναι
787 1963 855 2012 δικα-

111 2039 180 2092 επεά,
187 2038 224 2083 καὶ
233 2038 257 2083 ai
266 2031 461 2098 misimianae
470 2040 509 2085 τὸν
518 2028 611 2098 lapse:
655 2032 779 2082 tilissimoe
789 2044 856 2097 sunt,

111 2119 177 2169 quas
197 2104 234 2152 ad
241 2105 458 2172 rel'g‘osissirnam
480 2104 666 2171 Olympiadem
686 2106 857 2156 diaconissam

110 2175 227 2226 decernet
238 2190 330 2244 septem
340 2179 498 2246 conscripsit,
508 2191 532 2229 et
540 2180 577 2229 ad
582 2179 762 2229 Innocentium
769 2180 856 2246 ponti-

104 2247 184 2315 ficem
193 2252 345 2300 Romanum.
356 2255 437 2318 Atque
448 2251 494 2302 has
502 2251 604 2318 quidem
611 2252 788 2319 septemdecim
799 2264 857 2303 tan-

110 2334 165 2372 tum
178 2323 309 2376 illedicteus
329 2323 416 2376 Codex
434 2324 643 2377 Christianissimi
663 2329 737 2394 Regis
750 2326 855 2378 ilenricl

110 2398 194 2463 Magni
205 2397 390 2465 suppeditavit:
400 2416 489 2450 omnes
500 2413 585 2450 autem
594 2403 730 2466 interprete
739 2419 763 2451 r.
775 2419 798 2452 c.
812 2403 857 2452 la-

109 2472 176 2522 cobo
188 2474 261 2524 Billio
272 2475 363 2524 Latine
372 2485 471 2524 tantam
481 2473 544 2526 olim
561 2473 652 2525 editas.
675 2475 751 2526 Illum
775 2475 855 2541 ipsam

108 2545 199 2596 Jacobi
211 2546 305 2613 Crrjacii
316 2547 447 2611 codicem,
458 2565 509 2615 qao
518 2551 644 2614 interpres
656 2568 713 2600 usus
722 2561 769 2610 est,
783 2549 856 2600 uobis

109 2620 263 2689 perbenigne
283 2620 464 2673 illustrissimus
476 2622 553 2674 card.
568 2625 701 2676 Perronius
717 2641 746 2674 es
759 2623 855 2675 Biblio-

1568 437 1656 543 toi5

915 620 1030 669 sinentur
1045 617 1162 668 amula.
1172 618 1307 670 Victoriis
1315 615 1507 684 persequutione
1517 615 1655 669 Vandilios

913 691 958 744 lib.
971 696 980 741 1
997 717 1002 745 :
1016 692 1062 742 Ex
1074 703 1215 743 antiscano
1229 710 1306 761 snper
1319 691 1463 742 Bradorrem
1471 693 1584 743 uinctam
1604 703 1655 743 tota

913 768 1177 834 itineruportalamas.
1191 767 1266 818 Certe
1276 784 1334 818 cum
1347 766 1437 817 lectica
1448 765 1554 817 serretur
1569 765 1655 835 Chry.

911 850 1046 891 sostomus.
1053 841 1174 906 suspicari
1180 842 1326 908 potuitquis
1332 841 1414 891 mulos
1426 841 1509 907 potius
1514 838 1653 903 adhibitos,

912 930 988 980 quam
997 930 1083 982 equos.

944 989 976 1038 D.
990 991 1016 1041 6.
1029 996 1050 1042 si
1061 996 1106 1043 art
1117 995 1236 1057 puaplus,
1248 987 1293 1037 Es
1306 989 1420 1040 utente.
1431 986 1518 1039 Billias
1529 986 1654 1055 ediderat,

911 1062 1009 1129 Legati,
1021 1060 1143 1128 prefecti,
1156 1060 1283 1127 sophista,
1302 1061 1454 1129 philosophi.
1465 1063 1532 1115 Satis
1552 1076 1654 1116 constat

910 1136 1257 1187 exhistoricisecclesiasticis
1269 1135 1457 1201 Imperatorum
1475 1150 1549 1188 atate
1569 1138 1654 1205 appel·

910 1210 976 1262 latos
986 1221 1031 1264 dal
1040 1220 1158 1282 ,anapia-2.
1169 1213 1213 1277 qai
1222 1211 1394 1263 Vicariierant
1403 1212 1577 1279 praefectorum
1588 1216 1654 1265 Prte-

910 1287 986 1345 torio,
997 1285 1063 1335 ande
1081 1283 1149 1350 apud
1161 1281 1295 1336 Eusebium
1307 1283 1352 1338 lib.
1369 1288 1401 1336 10
1418 1285 1511 1337 dicitur
1532 1287 1653 1341 Aualinas

909 1366 1048 1420 ἀνθύπατος,
1062 1368 1239 1429 eulampium,
1252 1367 1290 1414 sai
1301 1366 1417 1429 odissipiar
1427 1376 1472 1414 τῶν
1483 1370 1597 1432 tersippus.
1611 1365 1653 1415 Its

909 1434 988 1485 Cone.
999 1431 1120 1484 chalced.
1133 1437 1190 1487 Act.
1209 1436 1218 1481 1
1232 1432 1381 1485 Theodorus
1391 1434 1498 1495 dicitur,
1511 1444 1653 1500 tristissime

908 1516 954 1561 atrei
967 1515 1074 1579 διεάρχων
1084 1519 1125 1567 τῆς
1136 1515 1239 1566 πόλεως,
1253 1507 1457 1559 Gloriosissimus
1475 1511 1653 1581 Espnrjectur

909 1581 990 1645 ardis,
1004 1597 1029 1632 et
1044 1582 1179 1631 Maximus
1195 1581 1529 1651 Exrnagistcrollieiorum,
1541 1596 1586 1642 ant
1602 1612 1652 1653 μα-

908 1663 1013 1726 pluspart,
1026 1667 1051 1706 et
1060 1665 1106 1710 iteri
1117 1665 1283 1726 apninadrui,
1302 1657 1494 1725 Exprtoepositas
1503 1662 1573 1711 sacri
1581 1662 1651 1714 cudi·

908 1729 970 1781 culi.
981 1730 1137 1782 lastinianus
1145 1732 1210 1782 Nor.
1223 1732 1337 1801 hindam
1347 1740 1374 1786 τὸ
1381 1737 1484 1802 ὃεὺεερον
1493 1744 1538 1789 aas
1549 1740 1650 1800 ὑπάτων,

907 1801 1007 1854 loanni
1016 1806 1103 1856 iterum
1113 1804 1268 1858 Exconsuli.
1281 1807 1391 1856 Vertitur
1399 1808 1474 1857 etiam
1482 1818 1528 1864 ἀπὸ
1535 1818 1651 1881 ἐπάρχων,

908 1878 954 1928 Ex
962 1882 1107 1947 praefectis,
1118 1892 1146 1930 ut
1162 1881 1188 1932 in
1200 1881 1280 1932 Cone.
1293 1880 1381 1934 Chalc.
1394 1883 1450 1932 Act.
1464 1885 1473 1931 1
1491 1902 1496 1931 :
1509 1891 1522 1937 l
1534 1891 1651 1949 tezagam.

907 1975 946 2013 εει
957 1962 1002 2009 dal
1014 1963 1120 2026 trappas
1130 1964 1168 2010 sal
1178 1960 1270 2009 ὑπάτων
1285 1962 1431 2028 cloptunes,
1447 1957 1591 2011 Gloriosus.
1605 1960 1651 2011 Ex

906 2028 1034 2095 praesectis
1046 2042 1071 2079 et
1089 2031 1249 2082 Consulibus.

942 2104 985 2156 Ῥ.
1000 2106 1057 2155 599.
1077 2106 1109 2154 D.
1126 2108 1150 2159 6.
1167 2110 1246 2158 otiare
1258 2113 1303 2174 γὰρ
1316 2110 1392 2158 latnie
1404 2110 1491 2159 illatas
1500 2113 1528 2167 a,
1539 2113 1650 2170 eadelm·

908 2188 1009 2240 extrave,
1022 2184 1081 2240 aliia
1092 2184 1180 2245 dli-pua.
1192 2178 1291 2227 Billr'us
1302 2190 1425 2243 verterat,
1440 2182 1570 2232 Neminem
1582 2187 1649 2235 cnitn

908 2259 960 2299 tam
981 2265 1076 2312 metuo,
1092 2268 1168 2317 quam
1191 2252 1331 2317 episcopos,
1353 2269 1444 2318 eosque
1460 2250 1527 2303 haud
1546 2253 1648 2308 multos.

907 2324 1005 2376 Fronto
1013 2326 1197 2377 Ducaeusrecte
1209 2345 1216 2375 .·
1231 2328 1319 2392 Aptius
1331 2326 1437 2377 sortasse
1446 2325 1549 2390 scribes,
1559 2332 1651 2397 patricis

908 2402 1037 2468 exceptir,·
1047 2404 1118 2468 quasi
1126 2399 1186 2453 velit
1196 2401 1329 2468 plerosque
1340 2419 1428 2452 omnes
1435 2402 1592 2455 adversarios
1600 2404 1650 2459 sibl

907 2475 1055 2526 metuendos
1074 2474 1206 2542 episcopos
1226 2492 1287 2537 esse,
1304 2478 1325 2526 si
1342 2492 1435 2542 paucos
1452 2480 1561 2544 excipias
1573 2498 1578 2527 :
1589 2496 1648 2532 nam

906 2549 1048 2615 Theophila
1059 2549 1195 2602 studebant
1208 2553 1319 2615 episcopi
1330 2569 1382 2603 nan
1395 2554 1478 2616 pauci.

938 2626 967 2676 Ρ.
981 2626 1038 2678 606.
1053 2625 1084 2677 D.
1098 2627 1123 2675 8.
1138 2633 1255 2691 εὐγενείας,
1263 2623 1297 2676 ad
1307 2625 1411 2676 teritum
1422 2638 1494 2685 esset,
1507 2626 1533 2676 T
1530 2644 1569 2676 tere
1576 2626 1648 2677 nadi-

109 2693 183 2746 theca
195 2713 238 2746 sua
250 2695 366 2763 depromi
373 2699 457 2764 jussit.
467 2698 627 2751 contulimus
634 2698 779 2751 earumdem
785 2701 856 2752 cras-
906 2699 985 2749 litatis
997 2710 1022 2748 et
1032 2699 1201 2750 eximietatis:
1215 2702 1250 2750 sic
1258 2702 1325 2749 enim
1335 2698 1455 2751 illaetate
1465 2702 1551 2752 Latini
1563 2705 1649 2753 Patres

109 2786 167 2820 curu
188 2782 353 2822 textumcum
370 2772 517 2840 apographo
532 2774 636 2842 Collegii
653 2774 733 2825 nostri
749 2779 856 2827 Antrer·
905 2771 1083 2839 loquebantur.
1106 2771 1251 2823 Ambrosias
1271 2774 1351 2839 Epist.
1376 2777 1407 2825 rt
1423 2792 1428 2803 ·
1442 2774 1589 2826 Antiochus
1606 2777 1650 2827 vir

108 2843 187 2910 pieni,
200 2845 269 2911 quod
281 2845 341 2896 olim
352 2863 382 2897 ex
393 2844 458 2898 libro
468 2849 574 2900 loannis
586 2848 707 2901 Sambaci
719 2849 855 2900 consiliarii
905 2847 1061 2899 clarissimas
1071 2846 1184 2897 reddidit
1193 2845 1257 2896 mihi
1264 2847 1418 2897 exim'etatis
1430 2859 1481 2898 ture
1496 2848 1584 2900 literas
1597 2869 1603 2900 :
1617 2861 1647 2900 ut

108 2919 215 2968 Casarei
225 2918 273 2969 sibi
284 2933 386 2971 curarat
396 2921 504 2971 exscribi
516 2924 554 2973 vir
565 2921 727 2975 doctissimus
742 2926 853 2975 loannes
905 2920 982 2987 paulo
993 2933 1052 2971 ante
1062 2920 1149 2971 Dillius
1161 2932 1238 2972 verli
1250 2939 1255 2968 ³
1268 2928 1325 2974 ὅτιὸ
1336 2928 1458 2987 ianuario,-
1470 2930 1563 2985 latitas.
1576 2923 1648 2974 1111·

109 2993 244 3059 Livineius,
257 3006 282 3044 et
294 3010 324 3043 ex
336 2994 471 3046 collatione
490 3012 549 3046 cum
561 2997 641 3048 altero
659 2996 769 3065 ejusdem
782 3000 855 3051 Satn·
905 2997 983 3045 mium
995 2988 1067 3045 ilhmr'
1078 3007 1154 3063 atque
1164 2994 1342 3045 admiranda-'¹1
1364 2996 1457 3048 virum·
1478 2997 1589 3048 Isidorus
1601 2999 1647 3049 Pe·

109 3064 854 3139 bucilibroemendarat,eodemqaeaxapographolideliter
905 3071 952 3121 lus.
973 3068 1017 3120 lib.
1042 3074 1050 3119 1
1075 3070 1155 3135 Epist.
1175 3072 1222 3120 824
1240 3092 1245 3122 :
1264 3081 1312 3139 χρή
1332 3091 1368 3134 ει,
1389 3077 1514 3137 daupeins,
1533 3081 1649 3142 sirpeam

109 3155 236 3206 expressas
248 3141 457 3209 habetepistolas,
468 3161 523 3210 quae
528 3147 692 3198 centesimam
701 3150 854 3213 septuagesi·
905 3154 994 3210 pluris:
1008 3144 1035 3195 T
1030 3163 1043 3194 e
1054 3155 1159 3211 oportet,
1175 3145 1219 3194 nir
1226 3144 1385 3203 restaurande,
1390 3145 1495 3213 firmum
1504 3157 1581 3213 atque
1590 3164 1649 3198 con·

110 3231 178 3264 mam
185 3218 285 3267 tertiam
294 3229 442 3284 sequuntur.
450 3220 529 3284 lltrjas
538 3231 622 3271 tamen
628 3220 715 3287 primae
723 3221 756 3272 ad
765 3220 854 3290 Olym·
904 3230 1011 3270 stantem
1018 3236 1117 3285 semper
1130 3236 1240 3268 amnem.
1259 3219 1291 3269 Et
1308 3220 1382 3284 epist.
1403 3221 1449 3270 151
1465 3245 1470 3272 :
1485 3227 1511 3273 ai
1521 3230 1577 3292 χρὴ,
1591 3229 1647 3274 Ona-

110 3288 210 3355 piadem
219 3304 244 3341 et
251 3295 456 3360 tertiaequartam
464 3294 698 3360 exemplarilenrici
708 3299 736 3348 11
747 3299 771 3348 iu
780 3300 854 3365 Regis
904 3304 986 3360 μὰειε,
1007 3303 1043 3347 ἀεὶ
1059 3307 1104 3353 τοὶς
1121 3303 1210 3360 estpars
1227 3299 1336 3349 ὑιιεδιεινι
1354 3296 1447 3347 Ventis
1466 3296 1536 3344 haud
1552 3314 1650 3363 semper

110 3362 265 3416 bibliotheca
281 3371 354 3418 nobis
365 3370 493 3434 occurrit,
512 3369 557 3421 aed
569 3370 602 3421 ad
612 3373 746 3439 cyriacum
757 3376 854 3440 episco-
905 3370 990 3420 cedere
997 3379 1101 3435 oporlssh
1113 3368 1156 3417 vil·
1170 3368 1271 3416 “lini‘-
1292 3366 1418 3418 Effln‘lffl
1439 3386 1526 3419 l⁰⁰⁰¹¹¹
1545 3382 1648 3435 υειπ[111

109 3453 170 3502 pum
183 3452 289 3507 utraque
298 3445 371 3491 missa
389 3440 521 3494 dicebatur
533 3449 636 3497 mutetis
648 3447 854 3515 nominibusque
904 3440 1103 3509 Clrrysastomus
1112 3440 1176 3490 inira
1188 3439 1262 3505 epist.
1275 3443 1317 3503 tt,
1327 3452 1353 3490 et
1365 3442 1406 3503 50,
1420 3440 1462 3490 abi
1475 3450 1648 3507 θανμειειότητιι

110 3510 208 3563 leminea
230 3513 415 3565 conveniebant
433 3517 459 3567 in
481 3519 629 3583 masculina,
641 3521 712 3588 qussi
735 3522 854 3574 voluisset
905 3516 1099 3583 “mplllmlltwm
1110 3513 1240 3580 Wilfflffl,
1252 3525 1278 3563 0²
1289 3517 1346 3565 23⁴·
1367 3515 1536 3583 'Hujusmodi
1546 3515 1648 3567 immri-

110 3599 200 3636 auctar
218 3585 307 3637 eadem
327 3590 442 3639 oratione
456 3593 585 3659 utriusque
604 3597 715 3645 animatu
728 3594 853 3648 afflictum
893 3590 964 3660 stcoe
974 3590 1179 3658 compellationes
1190 3590 1266 3639 istest
1275 3591 1392 3656 sequenti
1398 3606 1452 3663 arm
1461 3592 1497 3640 ita
1495 3589 1648 3659 fiequentes

110 3659 237 3711 consolari
251 3685 257 3711 τ
269 3662 315 3710 nisi
324 3660 391 3712 forte
402 3661 438 3713 sic
457 3680 514 3717 eam
529 3664 627 3718 librarii
638 3672 723 3735 potius
733 3671 853 3724 immuta·

110 3745 178 3785 runt.
204 3737 236 3788 11.
250 3737 352 3786 lleurici
370 3741 454 3803 quarti
470 3739 603 3807 codicem,
613 3746 646 3793 ll.
659 3748 685 3798 2.
697 3748 798 3798 Ilcnrici
811 3767 851 3799 se-

110 3808 195 3874 cundi,
204 3812 232 3860 P.
244 3810 357 3861 Perronii
365 3813 515 3879 cardinalis,
527 3819 555 3869 A.
565 3819 726 3885 Antverpiani
738 3820 852 3890 collegii,

110 3885 137 3935 S.
150 3888 275 3937 variantes
285 3885 403 3938 lectiones
414 3905 444 3939 ex
451 3888 546 3942 Codice
557 3896 662 3945 Joaun‘u
672 3893 791 3947 Sambaci
798 3897 852 3950 col-

110 3956 370 4027 lectasdcsiguahant.

145 4033 173 4083 Ρ.
196 4036 301 4089 5881.
325 4039 390 4105 tp’d
406 4045 443 4089 νῦν
460 4041 772 4109 ἡμᾶς.11.ὑμιις,υοε,εῑ
790 4064 852 4098 con·

106 4109 229 4174 jecturam
239 4127 310 4159 suam
324 4122 460 4161 annotarat
477 4113 604 4166 Livineius
622 4119 648 4168 in
664 4121 776 4183 margine
786 4122 851 4171 Ant·

111 4185 237 4247 verpiaui,
251 4193 302 4243 ἴσως
316 4189 383 4250 ὑμᾶς.
396 4186 551 4238 Soaameuus
566 4186 611 4238 lib.
625 4192 655 4254 8,
667 4210 691 4246 c.
713 4196 758 4258 tt,
770 4197 852 4246 exorti

109 4256 330 4323 constantinopoli
352 4257 444 4310 excidii
455 4262 549 4312 crimen
563 4261 611 4313 sibi
623 4277 712 4317 mutuo
722 4266 852 4335 impegisse

110 4342 216 4381 testatur
232 4344 391 4383 accusatores
412 4332 590 4402 chrysostomi
608 4339 708 4405 ejusque
730 4340 852 4407 lautores,

109 4405 200 4472 quibus
217 4419 242 4457 et
260 4406 327 4457 idem
339 4406 427 4458 tribuit
435 4408 552 4459 Socrates
562 4407 607 4459 lib.
620 4416 645 4475 6,
656 4430 679 4463 c.
695 4417 726 4467 16
741 4434 747 4464 :
766 4418 852 4483 itaque

110 4479 186 4530 lectio
203 4493 308 4548 utraque
326 4480 385 4531 t'crri
403 4482 641 4549 potestzsiquidem
653 4503 685 4538 ex
711 4490 853 4544 fautoribus

109 4556 215 4606 loannis
223 4555 271 4605 luit
278 4556 409 4624 Olympias
418 4581 424 4609 ε
434 4556 502 4624 qaod
520 4569 603 4609 umen
622 4560 704 4626 addit,
716 4566 742 4616 in
750 4566 853 4631 publico

106 4628 211 4696 judicio,
232 4634 316 4696 potius
341 4630 375 4683 ad
397 4633 609 4698 chrysostomum
632 4638 724 4688 referre
752 4639 851 4705 suadet,

110 4720 263 4770 quamquam
274 4706 339 4755 iuter
350 4722 379 4756 ea
390 4706 720 4777 capita‚quteinsynodoad
726 4715 853 4776 Quercum

110 4777 855 4852 suntobjecta,hocdeiucendiononreperitur3ssdetami·

111 4868 155 4901 cos
166 4852 271 4902 loannis
285 4854 466 4917 questionibus
482 4854 609 4919 subjectos
630 4860 701 4912 eade
717 4880 791 4913 causa
809 4880 854 4930 per

110 4925 233 4991 Optatam
253 4929 398 4994 prefectum
420 4927 485 4994 urbi,
507 4929 563 4980 laco
584 4935 663 4986 citato
675 4950 760 4989 narrat
774 4938 854 4990 Saso·

112 5019 209 5052 menas.

146 5069 174 5117 Ρ.
188 5070 246 5118 tas.
258 5069 287 5119 B.
300 5071 326 5121 8.
339 5076 466 5143 cespius,
477 5074 571 5141 Billius,
584 5093 664 5143 equus
677 5096 685 5126 :
697 5078 741 5129 sed
753 5083 855 5148 proprie

111 5146 365 5212 aptansaptans
375 5156 413 5195 en
421 5154 512 5212 auaro,
520 5189 527 5212 ‚
535 5156 619 5215 poste
627 5191 634 5214 ,
643 5150 734 5217 mutu,
745 5153 771 5204 tn
779 5154 855 5208 (ilos-

112 5214 200 5268 sariis:
213 5227 240 5266 et
248 5217 275 5266 iu
287 5218 448 5271 Basilicornm
460 5223 561 5294 eclogia,
571 5239 605 5295 τῷ
616 5232 705 5293 lapara
717 5244 761 5282 rav
770 5236 856 5302 poplo-

117 5299 155 5344 av
168 5300 205 5350 rai
217 5301 240 5347 ai
252 5299 336 5358 potia
346 5306 491 5366 περιέχονται
502 5325 508 5354 :
520 5300 619 5369 Legata
636 5300 774 5355 bardonum
791 5322 855 5359 can-

904 3677 1046 3729 oacrmunt,
1059 3663 1234 3731 utaplaridas
1242 3662 1382 3729 referendis
1391 3664 1515 3731 exemplis
1533 3680 1649 3731 superae·

903 3740 1012 3790 derrdum
1021 3740 1146 3789 venatu.

938 3815 966 3868 P.
989 3816 1046 3865 615.
1068 3817 1097 3863 A.
1116 3807 1271 3881 9.1·μ·ιαι1ῳ.
1292 3814 1321 3866 A.
1336 3821 1464 3884 dpzrairpa.
1485 3809 1571 3863 Billius
1592 3814 1647 3877 cpi·

903 3889 968 3939 stola
986 3890 1012 3939 81
1035 3897 1159 3948 verterat,
1172 3886 1331 3938 Medicorum
1341 3888 1469 3954 principi,
1483 3885 1525 3936 abi
1538 3883 1648 3953 Ῠμνήειος

904 3962 1052 4029 appellatur,
1063 3961 1229 4027 Hymetius,
1242 3978 1293 4012 non
1308 3961 1453 4025 Hymetius.
1475 3964 1507 4012 At
1522 3970 1649 4033 ἀρχὶαεεοε

904 4036 1030 4089 medicum
1043 4034 1165 4101 principis
1177 4035 1260 4102 potius
1269 4034 1403 4103 significat,
1416 4039 1493 4103 quiet
1509 4036 1651 4089 Archiater

904 4111 1006 4174 dicitur,
1019 4110 1084 4162 uude
1093 4113 1120 4161 in
1131 4109 1225 4162 Codice
1234 4109 1411 4163 Theodosiana
1422 4111 1509 4163 titulus
1520 4109 1553 4162 dc
1563 4114 1649 4164 Comi·

906 4187 972 4238 tibus
983 4197 1008 4236 et
1023 4185 1160 4235 Arclriatris
1170 4187 1234 4235 sacri
1246 4185 1343 4237 Palatii.
1358 4185 1484 4235 Arclriatri
1497 4189 1563 4236 enirn
1575 4201 1647 4239 erunt

904 4261 967 4312 dicti
980 4258 1230 4326 atemporeNeronis
1242 4258 1286 4324 illi,
1308 4276 1414 4325 quorum
1435 4258 1492 4309 fidei
1504 4270 1529 4309 et
1554 4261 1649 4326 peritia

904 4337 1090 4401 imperatorum
1102 4332 1168 4384 salus
1182 4330 1274 4384 tuenda
1282 4333 1498 4394 committebatur,
1516 4334 1607 4402 quique
1622 4339 1648 4387 in

904 4427 990 4461 eoram
1003 4411 1127 4458 comitatu
1139 4405 1289 4457 medicinam
1310 4407 1471 4457 factitabant.
1483 4408 1648 4462 Cassiodorus
1706 4422 1712 4441 ·

905 4484 948 4536 lib.
962 4486 976 4532 9
989 4482 1085 4532 Variar.
1097 4498 1136 4546 ep.
1150 4483 1190 4531 16.
1201 4478 1264 4531 Vide
1272 4479 1408 4531 Martilium
1414 4483 1555 4547 capitatum
1566 4483 1610 4534 lih.
1622 4486 1649 4549 2,

905 4578 929 4611 c.
951 4561 981 4609 15
997 4554 1265 4608 Variarumobservat·
1283 4557 1385 4608 Totus
1406 4555 1528 4608 Thesauri
1547 4559 1646 4614 critici.

906 4636 985 4684 Porro
997 4631 1095 4683 madico
1108 4631 1148 4682 hic
1162 4630 1250 4681 tribuit
1261 4643 1350 4682 auctor
1361 4643 1492 4699 aprima,
1502 4637 1649 4685 veneratio.

907 4726 972 4772 nem,
985 4719 1013 4758 ut
1024 4705 1049 4757 in
1059 4706 1174 4758 Concilio
1183 4704 1276 4756 chalce
1287 4705 1338 4757 lon.
1359 4709 1415 4756 Act.
1431 4710 1437 4754 Ι
1453 4708 1591 4774 :Elpidius
1603 4726 1649 4758 ue·

906 4782 1035 4832 nerandus
1046 4781 1135 4834 Comes
1148 4781 1229 4842 dreit,
1242 4778 1310 4846 quod
1323 4793 1361 4829 est
1371 4780 1458 4831 Gracc
1471 4780 1573 4841 cirtica,-
1585 4792 1597 4836 1
1608 4805 1649 4837 ιιι·

905 4862 1024 4929 pissltttwt
1033 4868 1104 4919 siuas
1114 4860 1178 4911 elne:
1190 4872 1248 4904 nam
1260 4865 1285 4903 et
1297 4851 1390 4903 medici
1401 4854 1512 4905 Comltes
1523 4869 1603 4907 crant.

939 4933 970 4983 Ρ.
983 4933 1041 4984 680.
1059 4930 1089 4981 E.
1113 4936 1136 4981 1.
1159 4935 1264 4999 φρούριον
1279 4930 1355 4978 etiam
1374 4946 1457 4979 arcem
1476 4940 1503 4981 et
1519 4930 1650 4982 castellnm

907 5018 990 5069 sorsat,
1002 5003 1217 5072 quemadmodum
1229 5015 1255 5055 ct
1266 5005 1291 5055 in
1304 5006 1416 5070 sequenti
1430 5002 1535 5067 epistola
1553 5018 1649 5067 narrat,

907 5078 1027 5144 arabissi,
1039 5097 1094 5146 quie
1106 5078 1165 5130 urbs
1176 5079 1258 5130 vicina
1276 5078 1326 5130 luit
1341 5079 1449 5143 cucuso,
1466 5094 1551 5131 arcem
1568 5080 1651 5133 mani·

908 5167 962 5207 tam
970 5167 996 5207 et
1005 5155 1105 5206 cucuso
1117 5156 1245 5206 tutiorem.

941 5231 969 5282 Ρ.
980 5230 1039 5282 615.
1054 5231 1086 5282 11.
1110 5230 1158 5285 ult.
1171 5231 1238 5281 Huic
1258 5230 1369 5299 epistola
1385 5230 1473 5284 satius
1484 5229 1553 5285 hanc
1563 5230 1646 5285 tolum

911 5304 1012 5359 titulans
1032 5304 1196 5374 praelixerat:
1214 5309 1331 5375 incerte,
1348 5307 1418 5375 quod
1438 5305 1536 5361 abesset
1554 5304 1653 5361 alibro
