3764 5992
146 447 215 515 332
460 465 491 514 s.
517 468 657 516 rornurs
682 466 864 515 crrnrsosr.
894 466 1050 516 aaeurrrv.
1079 469 1351 520 cossrrurrsoe.

142 589 482 666 exciderint,modestiores
492 590 685 667 lacti,domum
696 590 862 672 postliminio
918 591 1002 650 οἰκίαν
1016 592 1181 653 ἐπανέλδωσι
1195 593 1286 654 πάλιν.
1306 594 1383 676 Πρός
1400 595 1450 672 μίν
1464 619 1473 655 ι

147 685 420 759 ταιοτιοιιιυτ.Αιηιισ
430 681 489 741 hac
497 683 633 743 sufficiant
644 682 680 743 ad
690 680 813 760 illos,qui
824 681 864 761 pi·
918 680 1093 757 ἐγκαλοῦντας
1106 678 1185 740 ἱκανὰ
1200 679 1235 739 τό
1251 682 1387 762 εἰρημένα.
1401 683 1470 744 'Em

142 773 250 853 grisiam
258 773 319 832 aliis
327 773 444 855 objicere
452 772 863 853 solentverumquoniammul·
920 767 1473 852 ρόςέστιπολλοῑςμεμιλεπημίνοςλόγοςι

143 864 163 922 ti
183 863 244 923 aliis
259 876 372 922 utuntur
396 863 484 923 verbis
498 864 598 942 quihus
613 885 642 923 se
656 875 792 936 excusent,
802 884 862 940 quae
919 863 1106 943 ἀπανθρωπίας
1120 863 1165 922 καὶ
1178 864 1316 941 ὠμότητος
1325 864 1432 944 γέμων,
1450 871 1473 926 r'r

142 954 220 1036 plena
234 954 403 1015 crudelitatis
411 976 443 1014 ac
457 954 662 1014 inhumanitatis
674 967 745 1030 suut,
757 975 907 1030 uecessem
917 972 961 1008 τον
971 951 1129 1032 διεξιλέγξαι
1142 953 1233 1028 πόλιν,
1246 959 1296 1035 ‹u’rs⁸
1304 954 1348 1017 ίνα
1363 959 1473 1038 ἀπολογί

141 1060 181 1105 est
195 1059 225 1104 ut
237 1046 285 1106 illa
299 1067 406 1125 quoque
419 1044 592 1124 redarguam,
603 1067 654 1105 uon
668 1058 698 1104 ut
709 1044 862 1104 excusatio·
879 1048 899 1093 Α
918 1042 1103 1122 στιρήσωμεν,
1116 1046 1176 1103 ἀλλ’
1186 1043 1230 1105 ἵνα
1242 1046 1377 1122 πείσωμεν
1390 1049 1441 1121 τὴν
1460 1072 1473 1108 ο

142 1158 204 1195 uem
215 1137 254 1196 eis
262 1136 393 1210 adimam,
404 1135 451 1196 sed
464 1158 518 1215 quo
532 1136 705 1217 persuadeam
721 1149 750 1195 ut
763 1136 860 1195 emissa

142 1248 212 1287 vana
222 1241 250 1287 et
260 1228 361 1302 inutili,
368 1227 404 1287 ad
415 1248 506 1287 veram
513 1241 539 1286 et
548 1228 621 1308 apud
631 1227 732 1288 Christi
741 1226 860 1286 tribunal

143 1320 313 1399 profuturam
324 1318 506 1378 defensionem
525 1318 652 1399 operibus
665 1318 731 1399 ipsis
743 1339 771 1377 se
784 1339 861 1376 exer-

4 1430 134 1472 rtnnsauo-
144 1423 228 1472 ceaot.
240 1412 308 1485 Quae
325 1424 368 1471 cst
387 1410 471 1492 igitur
483 1409 531 1469 illa
551 1411 707 1490 vulgarium
720 1410 861 1469 homiuum

9 1506 31 1533 ‘¹
82 1491 135 1534 “¹5³¹
142 1502 241 1584 frigida
260 1524 295 1571 ac·
305 1502 410 1562 inutilis
422 1501 560 1563 defensio?
569 1503 664 1562 Aleudi
675 1516 749 1577 sunt,
761 1501 859 1579 inquit,

1 1567 109 1596 ΙΥΙΙὮΙἸΙΠΙ

4 1615 82 1658 statur.
143 1594 235 1668 liberi,
248 1594 287 1654 rei
307 1594 449 1653 familiaris
473 1593 589 1674 gerenda
600 1607 643 1652 est
655 1614 731 1668 cura,
749 1613 861 1651 uxorem

144 1687 197 1761 alo,
207 1685 368 1745 necessarius
386 1699 490 1745 sumtus
502 1685 604 1745 multos
614 1685 748 1744 sustineo:
764 1706 862 1763 quam-

144 1777 237 1838 ohrem
251 1797 303 1836 non
317 1777 447 1858 suppetit,
461 1776 532 1835 unde
541 1776 636 1836 obvios
646 1776 788 1835 sublevare
800 1797 860 1856 pos·

143 1870 205 1930 sim.
222 1866 297 1941 Quid
308 1868 368 1927 ais?
384 1868 467 1927 Filios
478 1869 539 1938 atis,
554 1882 581 1927 et
594 1867 653 1927 ideo
667 1881 771 1926 nonest
789 1867 861 1926 unde

142 1959 277 2020 venientes
288 1959 325 2020 ad
334 1973 359 2019 te
370 1960 514 2019 subleves?
523 1961 582 2020 lmo
592 1972 701 2040 propter
709 1959 760 2017 hoc
771 1959 860 2039 ipsum

916 1132 1068 1213 ὠρελοῦσαν
1087 1136 1231 1215 ἀπολογίαν
1250 1137 1413 1212 ἀποθέσθαι,
1427 1139 1473 1211 rip

917 1231 1065 1304 προστῆναι
1078 1227 1225 1304 δυναμένην
1239 1229 1283 1288 ἐπὶ
1300 1237 1347 1290 τοῦ
1367 1231 1473 1309 βήματα

916 1315 1016 1390 ταύτην
1038 1316 1080 1376 διδ
1101 1321 1153 1376 τῶν
1173 1318 1257 1399 ἔργων
1279 1323 1391 1400 μιλετᾷν
1417 1323 1473 1395 διην

915 1413 987 1468 ἐστιν
1001 1417 1018 1482 ἡ
1032 1409 1122 1489 ψυχρδι
1138 1410 1184 1469 καὶ
1202 1410 1327 1482 ἀνόνητος
1345 1416 1400 1473 τῶν
1417 1417 1473 1474 πολ

917 1502 1097 1582 Παιδοτρορία
1119 1504 1202 1570 ruth,
1222 1501 1315 1582 ρηαὶν,
1338 1504 1424 1572 αίκίας
1444 1530 1473 1585 πρ

915 1602 994 1651 ναῖκα
1016 1593 1121 1674 τρέμω,
1143 1592 1245 1660 πολλός
1264 1593 1318 1674 ἔμω
1340 1596 1462 1668 δαπάνης

915 1686 963 1744 οὐκ
977 1686 1080 1764 εὐπορῶ
1095 1682 1154 1750 τοὺς
1171 1685 1328 1764 προσιόντας
1349 1711 1396 1764 μοι
1417 1691 1473 1747 ίλει

917 1775 1017 1835 Παιδία
1029 1774 1141 1857 τρέρεις,
1155 1775 1201 1834 καλ
1223 1776 1268 1836 διὰ
1287 1785 1363 1839 ταῦτα
1383 1778 1442 1846 τοὺς
1465 1804 1473 1837 ι

916 1870 1010 1940 turta
1027 1871 1069 1926 Δι’
1086 1867 1151 1927 αιἰτδ
1164 1868 1213 1945 μὲν
1222 1859 1266 1929 οὗν
1285 1877 1369 1930 ταῦτα
1384 1870 1445 1939 τοὺς
1461 1872 1473 1929 δ

917 1961 971 2031 δεῖ,
988 1959 1033 2019 διδ
1046 1959 1080 2019 τό
1093 1961 1203 2031 παιδία,
1218 1960 1264 2018 καὶ
1278 1962 1326 2033 τὴν
1345 1965 1431 2021 αὐτῶν
1453 1987 1473 2022 π

142 2049 304 2111 sublevandi
316 2064 380 2110 sunt
393 2052 481 2129 egeni,
491 2064 521 2110 ut
530 2052 628 2131 exigua
641 2051 754 2131 pecunia
765 2052 860 2109 Domi·
881 2060 897 2105 B
917 2052 970 2111 ἀπὸ
992 2051 1087 2128 ὀλίγων
1114 2051 1261 2130 χρημάτων
1285 2051 1349 2111 ίλεω
1366 2053 1411 2112 τὸν
1432 2052 1473 2113 δόι

143 2163 209 2201 num
223 2143 270 2223 qui
282 2164 327 2202 eos
337 2143 389 2203 tihi
401 2143 487 2214 dedit,
502 2143 643 2224 propities,
658 2157 689 2202 ut
701 2143 781 2202 etiam
801 2160 861 2225 post

142 2249 256 2294 mortem
274 2249 348 2294 tuam
369 2249 514 2316 patronum
531 2235 587 2294 illis
607 2234 754 2314 relinquas,
774 2250 803 2294 ut
822 2237 861 2294 eis

141 2347 268 2406 magnum
281 2327 401 2386 savorem
415 2327 518 2386 celitus
530 2325 666 2399 concilies,
676 2325 742 2386 dum
753 2328 802 2386 illa
813 2349 860 2409 pe·

142 2417 221 2476 cunia
235 2430 341 2476 sumtus
354 2419 411 2477 Deo
425 2431 514 2497 gratos
526 2418 616 2477 facies.
633 2421 728 2477 Annon
743 2418 829 2489 vides,
843 2442 859 2478 a

141 2507 234 2568 multis
252 2508 375 2569 homines
395 2524 571 2591 praepotentes
585 2531 617 2569 ac
630 2509 779 2590 opulentos,
790 2511 860 2570 nihil

140 2603 241 2681 alioqui
250 2603 287 2663 ad
305 2625 385 2663 suum
399 2625 482 2683 genus
497 2604 648 2680 attinentes,
663 2603 689 2662 iu
702 2617 859 2664 testamento

141 2714 190 2753 suo
204 2695 317 2754 insertos
335 2695 426 2770 luisse,
436 2709 463 2754 et
475 2695 571 2754 liberis
590 2693 647 2753 suis
660 2693 802 2754 coheredes
815 2696 868 2754 la-

140 2797 209 2860 etos,
222 2783 290 2842 nihil
310 2784 346 2843 oh
360 2783 436 2843 aliud
450 2805 534 2863 quam
551 2798 582 2843 ut
604 2785 774 2845 seueritatem
794 2785 859 2846 filiis

141 2873 248 2934 modica
266 2875 380 2955 pecunia
395 2876 539 2956 pararent?
551 2874 634 2954 idque
651 2897 713 2936 cum
728 2877 859 2938 incertum

140 2980 207 3025 esset
220 2987 336 3045 quonam
350 2968 446 3025 allecto
461 2981 521 3047 post
534 2967 639 3025 obitum
656 2967 775 3047 ipsorum
790 2968 860 3028 filios

916 2141 1044 2218 ποιήσης,
1067 2141 1109 2200 ίνα
1132 2141 1281 2219 καταλίπῃς
1307 2147 1394 2211 αὐτοῖς
1411 2168 1473 2223 προι

915 2233 961 2292 καὶ
975 2232 1042 2310 μετὰ
1055 2233 1099 2292 τὸν
1113 2233 1158 2292 σόν
1172 2232 1299 2307 θάνατον,
1314 2233 1356 2293 ἵνα
1371 2235 1473 2308 πολλὴν

915 2324 1016 2385 εὔνοιαν
1039 2325 1175 2403 intendes),
1200 2326 1254 2385 ἀπὸ
1276 2329 1328 2384 τῶν
1350 2327 1459 2386 ίκτίνων

914 2415 977 2496 Θεῷ
990 2416 1123 2474 δαπανῶν.
1136 2417 1196 2495 Οὐχ
1208 2419 1279 2495 ὁρᾷς,
1288 2416 1328 2475 ότι
1340 2418 1435 2476 πολλοὶ
1445 2421 1473 2477 ἀι

914 2514 1022 2573 temer:
1037 2507 1082 2565 καὶ
1103 2511 1129 2566 lu
1142 2508 1304 2576 δυναστείαις
1324 2510 1415 2578 ὄντας,
1436 2513 1473 2569 ott

913 2599 1107 2680 προσήκοντας,
1129 2600 1166 2664 είς
1184 2598 1232 2665 τὰς
1252 2599 1380 2672 διαθήκας
1399 2604 1473 2660 πολλι

913 2690 960 2753 τὰς
973 2692 1091 2761 ἑαυτῶν,
1105 2689 1150 2748 καὶ
1170 2698 1223 2756 τοῖς
1243 2695 1342 2750 ἑαυτῶν
1356 2692 1435 2751 παισὶ
1458 2716 1473 2751 α

914 2776 1057 2848 ἐποίησαν,
1070 2778 1104 2835 δι’
1115 2778 1180 2837 ἄλλο
1199 2779 1247 2856 μὲν
1266 2781 1352 2853 οὐδὲν,
1370 2779 1413 2839 ίνα
1429 2779 1473 2840 δὲι

914 2870 1014 2926 ἑαυτῶν
1036 2867 1187 2940 κτήσωνται
1210 2870 1301 2930 παισὶν
1326 2872 1379 2930 ἀπὸ
1402 2872 1473 2950 ὀλίγα

915 2959 961 3017 καί
981 2965 1081 3032 ταῦτα,
1100 2964 1148 3019 οὐκ
1163 2960 1259 3028 εἰδότες
1277 2965 1333 3029 πῶς
1357 2963 1473 3022 διαιιείσι

139 3056 202 3116 illos
225 3057 369 3118 coheredes
392 3071 478 3117 esseut
497 3057 710 3139 prosequuturi?
727 3059 771 3117 Tu
795 3081 859 3119 vero
878 3067 896 3114 C
915 3052 1274 3134 aitbttssbwrlmplwbt
1285 3056 1371 3113 αὐτῶν
1383 3056 1473 3114 eatae«

139 3165 201 3203 cum
211 3144 279 3203 scias
290 3145 493 3220 humanitatem,
503 3146 661 3222 bonitatem,
673 3160 699 3205 et
709 3150 860 3226 :equitatem

139 3236 179 3295 tui
191 3237 314 3314 Domini,
324 3251 462 3319 expertem
470 3259 533 3298 eum
543 3239 583 3297 tui
596 3240 745 3320 testamenti
759 3241 860 3301 facies?

5 3355 131 3399 cumr„
141 3350 192 3389 non
205 3330 287 3390 facies
299 3352 360 3391 eum
375 3330 533 3394 coheredem
551 3330 700 3390 liberorum
726 3337 860 3394 tuorum?

1 3419 85 3461 ³¹⁵⁰¹⁰¹¹¹
140 3421 250 3481 hoccine
260 3435 300 3482 est
315 3421 493 3482 amantissimi
504 3421 590 3502 patris
602 3421 746 3481 officium?
755 3425 825 3483 Nam
836 3427 859 3485 si

1 3491 42 3523 unt
51 3498 130 3542 paupe·

141 3514 224 3595 prolis
239 3529 292 3573 tuae
305 3536 397 3574 curam
411 3513 493 3594 geris,
509 3513 631 3591 relinque
642 3513 696 3573 illis
708 3516 859 3577 chartulam

139 3606 279 3687 scriptam,
295 3605 323 3664 in
334 3627 387 3685 qua
407 3607 495 3665 Deum
513 3604 662 3664 debitorem
674 3605 782 3666 habeas.
794 3608 859 3668 Haec

139 3697 258 3755 maxima
272 3696 417 3773 hereditas,
432 3694 484 3755 hoc
496 3694 580 3755 decus
588 3710 638 3769 est,
650 3697 709 3756 hac
720 3698 857 3760 securitas.

138 3789 225 3847 luduc
235 3809 298 3846 euru
312 3788 340 3846 in
358 3803 489 3847 terrenam
503 3786 575 3846 hanc
590 3786 777 3867 hereditatem,
792 3803 859 3849 utte

140 3898 192 3937 uua
207 3899 269 3936 eum
283 3878 337 3936 tuis
356 3877 451 3936 liberis
466 3877 494 3937 in
508 3877 639 3936 calestem
652 3878 729 3937 illam
751 3880 857 3940 heredi·

138 3982 220 4028 tatem
240 3968 359 4028 inducat.
378 3968 431 4026 Hic
445 3969 522 4028 heres
533 3970 632 4027 nobilis
645 3984 694 4042 est,
710 3970 855 4050 humanus,

139 4059 238 4134 bonus,
253 4074 365 4140 potens,
386 4058 480 4134 dives;
494 4081 578 4137 quare
603 4060 671 4120 nihil
685 4077 724 4122 est
737 4084 786 4123 cur
798 4067 856 4145 ejus

3 4179 112 4213 amenum
140 4151 291 4210 societatem
314 4163 464 4232 suspectam
487 4150 596 4210 habeas.
616 4150 680 4211 ldeo
710 4155 790 4213 etiarn
815 4178 856 4216 se·
874 4173 893 4218 u
910 4154 1221 4235 assumeremus,
1235 4155 1357 4227 δυνατὸς,
1378 4155 1473 4215 πλοιίσι

1 4233 128 4336 ἾιζῃζιίιωἯλῖ
141 4242 238 4302 mentis
260 4255 371 4301 vocatur
384 4241 565 4321 eleemosyna,
584 4241 648 4319 quia
667 4265 710 4303 res
732 4245 790 4304 hac
802 4267 855 4307 uon

0 4314 196 4419 brseuphsstam
209 4348 313 4395 sumtus
327 4348 376 4408 est,
389 4355 470 4412 quarn
486 4332 636 4392 reditus:tu
647 4348 737 4394 autem
749 4339 856 4415 quando

140 4426 330 4488 seminandum
339 4438 387 4498 est,
402 4445 455 4484 non
468 4423 559 4504 magni
571 4424 637 4484 lacis
658 4426 730 4504 quod
743 4448 857 4489 evacues

138 4519 277 4580 fructuum
297 4532 418 4577 veterum
441 4516 619 4597 promtuaria,
639 4517 686 4578 sed
712 4518 750 4579 ad
763 4522 858 4581 messis

139 4612 237 4671 sutura
255 4612 372 4670 fructum
395 4623 515 4690 spectas,
541 4607 624 4687 idque
644 4633 707 4672 cum
729 4629 857 4674 eventum

140 4704 251 4764 nescias.
262 4704 332 4762 Nam
345 4715 372 4761 et
383 4700 492 4779 rubigo,
508 4714 534 4760 et
546 4701 694 4782 calamitas,
709 4717 735 4764 et
744 4704 856 4784 locusta,

139 4809 164 4853 et
178 4795 247 4854 acris
269 4793 441 4874 intemperies
453 4814 485 4851 ac
499 4793 584 4852 multa
598 4815 658 4874 spes
671 4809 774 4856 nostras
794 4799 856 4856 lru·

139 4902 271 4948 strantur:
280 4908 341 4946 cum
362 4907 425 4944 vero
445 4884 473 4945 in
487 4884 583 4944 calum
597 4900 637 4945 est
650 4908 739 4947 semen
751 4888 856 4969 jacien-

138 4979 217 5053 dum,
231 4980 278 5038 uhi
299 4978 374 5037 nulla
391 4977 651 5058 aerisinteruperies‚
666 4979 854 5057 nullusdolov,

915 3145 1049 3224 γενόμενοι
1063 3146 1197 3218 κοινωνοί,
1211 3145 1249 3205 Σίν
1267 3145 1294 3206 δὲ
1308 3145 1383 3213 εἰδὼς
1396 3147 1427 3207 rh
1444 3172 1473 3227 ρι

914 3238 1029 3316 χρηστόν
1041 3237 1087 3297 καλ
1100 3236 1213 3306 ἐπιεικὲς
1226 3244 1271 3296 τοῦ
1291 3246 1336 3298 σοῦ
1354 3239 1473 3298 Δεσπότα

916 3327 992 3386 αὐτὸν
1010 3329 1133 3388 κοινωνόν
1150 3334 1198 3401 τῆς
1220 3329 1347 3402 διαθήκης
1368 3333 1416 3400 τῆς
1436 3335 1471 3402 σῆ

914 3419 990 3478 αὐτὸν
1007 3420 1219 3498 συγκληρονόμον
1235 3424 1287 3479 τῶν
1302 3421 1405 3480 παίδων
1418 3425 1470 3480 τῶν

912 3517 997 3570 ταῦτα
1010 3511 1125 3590 πατρὸς,
1142 3513 1199 3572 εἰπέ
1215 3535 1275 3591 μαι,
1289 3514 1386 3580 παῖδας
1409 3515 1473 3592 οριλαΙ

912 3602 980 3681 κήδη
994 3605 1046 3661 τῶν
1060 3603 1205 3681 ταχθέντων
1219 3603 1331 3677 παίδων,
1344 3605 1473 3664 κατάλειτι

913 3695 1011 3766 αὐτοῖς,
1028 3698 1055 3754 ἐν
1074 3686 1097 3775 ᾧ
1118 3695 1245 3754 τὸνθεόν
1266 3695 1337 3774 ἔχεις
1353 3695 1473 3755 ὑπεύθυνι

911 3785 991 3860 γίστη
1018 3786 1195 3865 κληρονομία,
1209 3792 1285 3845 τοῦτο
1305 3786 1419 3864 κόσμος,
1440 3793 1473 3847 τό

912 3879 1047 3960 Εἶσαίγαγε
1067 3881 1144 3939 αὐτὸν
1160 3883 1196 3946 τίς
1217 3879 1266 3952 τὴν
1286 3880 1464 3960 κληρονομίαν

910 3967 954 4028 ἵνα
968 3995 998 4031 σε
1009 3972 1077 4049 μετὰ
1088 3977 1140 4030 τῶν
1155 3971 1256 4031 παίδων
1272 3973 1309 4038 τίς
1325 3971 1373 4044 τὴν
1388 3974 1473 4054 κληρα

911 4061 999 4140 αγοίγῃ
1023 4062 1072 4135 τὴν
1093 4067 1155 4123 ἐκεῖ.
1177 4053 1262 4130 Οὗτος
1276 4068 1291 4122 ὁ
1304 4062 1468 4142 κληρονόμος

911 4244 984 4305 οὐδέν
1006 4250 1076 4306 ἔστιν
1096 4251 1268 4306 ὑπωπτιῦσαι
1290 4248 1338 4319 τὴν
1357 4247 1473 4306 κοινωνία

911 4344 986 4396 τοῦτο
1008 4339 1053 4397 καὶ
1076 4337 1173 4418 σπόρος
1196 4345 1214 4411 ἡ
1237 4339 1401 4416 ἐλεημοσύνη
1431 4342 1473 4398 καί

911 4432 959 4489 οὐκ
972 4429 1028 4488 ἔστι
1043 4429 1147 4502 δαπάνη
1161 4429 1192 4488 τό
1204 4439 1333 4508 πρᾶγμα,
1350 4428 1418 4488 ἀλλὰ
1431 4452 1473 4509 πρι

911 4521 974 4580 όταν
989 4520 1036 4597 μὲν
1055 4520 1171 4602 σπείρειν
1191 4520 1251 4598 δέη,
1265 4523 1294 4579 αὖ
1316 4519 1471 4601 προσέχεις,

909 4622 1017 4692 ταμιεῖα
1034 4616 1085 4671 τῶν
1106 4614 1227 4671 παλαιῶν
1239 4611 1473 4690 Ιγιννηρ.αίτων,ό

909 4707 947 4785 τῷ
968 4703 1080 4782 μηδέπω
1101 4702 1213 4783 παρόντι
1234 4706 1287 4761 τῶν
1308 4701 1473 4779 γεννημάτωι

908 4803 1008 4867 ταῦτα,
1029 4798 1077 4855 οὐκ
1097 4794 1190 4862 εἰδὼς,
1205 4793 1245 4853 ότι
1266 4793 1372 4859 παίντως
1393 4791 1473 4863 tediis

909 4886 954 4945 καὶ
968 4886 1089 4968 ἐρυσίὸη,
1104 4887 1149 4945 καλ
1160 4887 1275 4965 χάλαζα,
1290 4882 1335 4942 καί
1347 4883 1432 4965 ἀκρίς,
1447 4905 1473 4941 κι

909 4978 1007 5057 μαλία,
1027 4979 1073 5037 καί
1090 4977 1176 5038 πολλὰ
1196 4980 1243 5047 τῆς
1262 4975 1367 5043 ἐλπίδος
1380 4979 1452 5053 ἡμᾶς
1469 5001 1473 5032 ι

138 5068 221 5127 nullae
235 5066 349 5143 insidia,
362 5064 548 5145 tergiversaris
558 5084 590 5122 ac
601 5065 805 5145 procrastines?
819 5067 856 5128 Et
872 5083 891 5129 t:
910 5069 1072 5147 μελλούσης·
1088 5070 1123 5136 sir
1137 5067 1165 5128 δὲ
1176 5067 1221 5126 τὸν
1231 5065 1341 5148 οὐρανόν
1356 5065 1461 5144 μέλλων

175 5243 185 5267 ¹
199 5228 271 5279 Unus
281 5225 328 5275 tte.
338 5222 379 5274 laic
390 5236 416 5274 et
428 5239 487 5274 mox
499 5230 641 5290 γεννημάτων.
