<?xml version="1.0" encoding="UTF-8"?>
<!DOCTYPE html PUBLIC "-//W3C//DTD XHTML 1.0 Transitional//EN"
    "http://www.w3.org/TR/xhtml1/DTD/xhtml1-transitional.dtd">
<html xmlns="http://www.w3.org/1999/xhtml" xml:lang="en" lang="en">
 <head>
  <title>
</title>
<meta http-equiv="Content-Type" content="text/html;charset=utf-8" />
  <meta name='ocr-system' content='tesseract 3.04.00' />
  <meta name='ocr-capabilities' content='ocr_page ocr_carea ocr_par ocr_line ocrx_word'/>
</head>
<body>
  <div class='ocr_page' id='page_1' title='image "./sanctipatrisnos03chrygoog_0503.png"; bbox 0 0 3764 5992; ppageno 0'>
   <div class='ocr_carea' id='block_1_1' title="bbox 88 442 1322 543">
    <p class='ocr_par' dir='ltr' id='par_1_1' title="bbox 88 442 1322 543">
     <span class='ocr_line' id='line_1_1' title="bbox 88 442 1322 543; baseline -0.012 -39"><span class='ocrx_word' id='word_1_1' title='bbox 88 447 196 543; x_wconf 52' lang='lat'>[92</span> <span class='ocrx_word' id='word_1_2' title='bbox 431 451 461 498; x_wconf 78' lang='lat' dir='ltr'>S·</span> <span class='ocrx_word' id='word_1_3' title='bbox 488 446 626 498; x_wconf 76' lang='lat' dir='ltr'>totnnts</span> <span class='ocrx_word' id='word_1_4' title='bbox 650 446 832 494; x_wconf 72' lang='lat' dir='ltr'>ctttttsost.</span> <span class='ocrx_word' id='word_1_5' title='bbox 861 445 1019 495; x_wconf 69' lang='lat' dir='ltr'>necuter.</span> <span class='ocrx_word' id='word_1_6' title='bbox 1047 442 1322 492; x_wconf 69' lang='lat' dir='ltr'>mnsunttttor.</span> 
     </span>
    </p>
   </div>
   <div class='ocr_carea' id='block_1_2' title="bbox 98 561 1658 1046">
    <p class='ocr_par' dir='ltr' id='par_1_2' title="bbox 98 561 1658 944">
     <span class='ocr_line' id='line_1_2' title="bbox 98 561 1657 653; baseline -0.015 -9"><span class='ocrx_word' id='word_1_7' title='bbox 98 593 139 653; x_wconf 76' lang='lat' dir='ltr'>tio</span> <span class='ocrx_word' id='word_1_8' title='bbox 188 578 312 642; x_wconf 61' lang='lat' dir='ltr'>nullan</span> <span class='ocrx_word' id='word_1_9' title='bbox 339 572 504 643; x_wconf 70' lang='lat' dir='ltr'>(cotndarit,</span> <span class='ocrx_word' id='word_1_10' title='bbox 529 571 614 630; x_wconf 87' lang='lat' dir='ltr'>oratio</span> <span class='ocrx_word' id='word_1_11' title='bbox 636 570 755 629; x_wconf 81' lang='lat' dir='ltr'>sornelii</span> <span class='ocrx_word' id='word_1_12' title='bbox 779 569 859 630; x_wconf 68' lang='lat' dir='ltr'>caelos</span> <span class='ocrx_word' id='word_1_13' title='bbox 910 561 1657 648; x_wconf 72' lang='lat' dir='ltr'>ditummibipopulnminstruereadsalntmpercbri·</span> 
     </span>
     <span class='ocr_line' id='line_1_3' title="bbox 102 657 1658 768; baseline -0.013 -33"><span class='ocrx_word' id='word_1_14' title='bbox 102 675 288 768; x_wconf 53' lang='lat' dir='ltr'>perurit,</span> <span class='ocrx_word' id='word_1_15' title='bbox 300 674 385 733; x_wconf 86' lang='lat' dir='ltr'>oratio</span> <span class='ocrx_word' id='word_1_16' title='bbox 398 667 573 750; x_wconf 80' lang='lat' dir='ltr'>publicanum</span> <span class='ocrx_word' id='word_1_17' title='bbox 581 665 750 746; x_wconf 74' lang='lat' dir='ltr'>justificavit.</span> <span class='ocrx_word' id='word_1_18' title='bbox 761 665 859 724; x_wconf 86' lang='lat' dir='ltr'>Talea</span> <span class='ocrx_word' id='word_1_19' title='bbox 909 678 983 726; x_wconf 84' lang='lat' dir='ltr'>etum</span> <span class='ocrx_word' id='word_1_20' title='bbox 996 663 1147 722; x_wconf 87' lang='lat' dir='ltr'>Dominum</span> <span class='ocrx_word' id='word_1_21' title='bbox 1161 675 1299 736; x_wconf 85' lang='lat' dir='ltr'>nostrum,</span> <span class='ocrx_word' id='word_1_22' title='bbox 1311 679 1378 719; x_wconf 77' lang='lat' dir='ltr'>orm</span> <span class='ocrx_word' id='word_1_23' title='bbox 1390 677 1453 736; x_wconf 84' lang='lat' dir='ltr'>quo</span> <span class='ocrx_word' id='word_1_24' title='bbox 1464 670 1507 716; x_wconf 85' lang='lat' dir='ltr'>est</span> <span class='ocrx_word' id='word_1_25' title='bbox 1521 658 1581 716; x_wconf 85' lang='lat' dir='ltr'>Deo</span> <span class='ocrx_word' id='word_1_26' title='bbox 1593 657 1658 715; x_wconf 86' lang='lat' dir='ltr'>Patri</span> 
     </span>
     <span class='ocr_line' id='line_1_4' title="bbox 105 752 1656 844; baseline -0.014 -13"><span class='ocrx_word' id='word_1_27' title='bbox 105 775 204 842; x_wconf 57' lang='lat' dir='ltr'>vobis</span> <span class='ocrx_word' id='word_1_28' title='bbox 216 768 348 828; x_wconf 87' lang='lat' dir='ltr'>munimen</span> <span class='ocrx_word' id='word_1_29' title='bbox 358 764 475 844; x_wconf 83' lang='lat' dir='ltr'>requiro,</span> <span class='ocrx_word' id='word_1_30' title='bbox 485 760 565 821; x_wconf 90' lang='lat' dir='ltr'>talem</span> <span class='ocrx_word' id='word_1_31' title='bbox 573 761 688 840; x_wconf 80' lang='lat' dir='ltr'>gratiam</span> <span class='ocrx_word' id='word_1_32' title='bbox 698 760 823 842; x_wconf 87' lang='lat' dir='ltr'>postulo:</span> <span class='ocrx_word' id='word_1_33' title='bbox 833 773 859 818; x_wconf 94' lang='lat' dir='ltr'>et</span> <span class='ocrx_word' id='word_1_34' title='bbox 910 780 974 819; x_wconf 90' lang='lat' dir='ltr'>cum</span> <span class='ocrx_word' id='word_1_35' title='bbox 992 757 1100 838; x_wconf 90' lang='lat' dir='ltr'>Spiritu</span> <span class='ocrx_word' id='word_1_36' title='bbox 1119 769 1212 815; x_wconf 87' lang='lat' dir='ltr'>sancto</span> <span class='ocrx_word' id='word_1_37' title='bbox 1225 756 1325 832; x_wconf 90' lang='lat' dir='ltr'>bonor,</span> <span class='ocrx_word' id='word_1_38' title='bbox 1341 754 1447 833; x_wconf 78' lang='lat' dir='ltr'>gloria,</span> <span class='ocrx_word' id='word_1_39' title='bbox 1462 766 1491 812; x_wconf 90' lang='lat' dir='ltr'>et</span> <span class='ocrx_word' id='word_1_40' title='bbox 1506 764 1621 832; x_wconf 86' lang='lat' dir='ltr'>potestas</span> <span class='ocrx_word' id='word_1_41' title='bbox 1633 752 1656 810; x_wconf 87' lang='lat' dir='ltr'>in</span> 
     </span>
     <span class='ocr_line' id='line_1_5' title="bbox 108 853 1304 944; baseline -0.016 -20"><span class='ocrx_word' id='word_1_42' title='bbox 108 877 196 936; x_wconf 61' lang='lat' dir='ltr'>neus</span> <span class='ocrx_word' id='word_1_43' title='bbox 210 864 303 944; x_wconf 76' lang='lat' dir='ltr'>glorie</span> <span class='ocrx_word' id='word_1_44' title='bbox 312 859 460 941; x_wconf 77' lang='lat' dir='ltr'>suscipiens</span> <span class='ocrx_word' id='word_1_45' title='bbox 469 854 601 916; x_wconf 89' lang='lat' dir='ltr'>orationes</span> <span class='ocrx_word' id='word_1_46' title='bbox 614 869 727 928; x_wconf 69' lang='lat' dir='ltr'>sesnes,</span> <span class='ocrx_word' id='word_1_47' title='bbox 736 854 783 914; x_wconf 91' lang='lat' dir='ltr'>det</span> <span class='ocrx_word' id='word_1_48' title='bbox 790 853 859 912; x_wconf 79' lang='lat' dir='ltr'>mibi</span> <span class='ocrx_word' id='word_1_49' title='bbox 910 855 1010 916; x_wconf 79' lang='lat' dir='ltr'>saecula</span> <span class='ocrx_word' id='word_1_50' title='bbox 1020 853 1193 912; x_wconf 69' lang='lat' dir='ltr'>seculorum.</span> <span class='ocrx_word' id='word_1_51' title='bbox 1208 855 1304 910; x_wconf 81' lang='lat' dir='ltr'>Amen.</span> 
     </span>
    </p>

    <p class='ocr_par' dir='ltr' id='par_1_3' title="bbox 111 951 857 1046">
     <span class='ocr_line' id='line_1_6' title="bbox 111 951 857 1046; baseline -0.028 -17"><span class='ocrx_word' id='word_1_52' title='bbox 111 971 142 1029; x_wconf 92' lang='lat' dir='ltr'>in</span> <span class='ocrx_word' id='word_1_53' title='bbox 154 960 302 1046; x_wconf 88' lang='lat' dir='ltr'>apertione</span> <span class='ocrx_word' id='word_1_54' title='bbox 314 957 370 1017; x_wconf 86' lang='lat' dir='ltr'>oris</span> <span class='ocrx_word' id='word_1_55' title='bbox 382 953 435 1014; x_wconf 90' lang='lat' dir='ltr'>mei</span> <span class='ocrx_word' id='word_1_56' title='bbox 444 972 604 1026; x_wconf 88' lang='lat' dir='ltr'>sermonem,</span> <span class='ocrx_word' id='word_1_57' title='bbox 615 972 670 1029; x_wconf 88' lang='lat' dir='ltr'>quo</span> <span class='ocrx_word' id='word_1_58' title='bbox 682 951 784 1032; x_wconf 87' lang='lat' dir='ltr'>possim</span> <span class='ocrx_word' id='word_1_59' title='bbox 796 970 857 1009; x_wconf 88' lang='lat' dir='ltr'>cre-</span> 
     </span>
    </p>
   </div>
   <div class='ocr_carea' id='block_1_3' title="bbox 111 1137 1657 1378">
    <p class='ocr_par' dir='ltr' id='par_1_4' title="bbox 111 1137 1657 1378">
     <span class='ocr_line' id='line_1_7' title="bbox 111 1137 1657 1200; baseline -0.02 -6"><span class='ocrx_word' id='word_1_60' title='bbox 111 1137 1657 1200; x_wconf 44' lang='lat' dir='ltr'>fix</span> 
     </span>
     <span class='ocr_line' id='line_1_8' title="bbox 532 1306 1245 1378; baseline -0.02 1"><span class='ocrx_word' id='word_1_61' title='bbox 532 1319 595 1378; x_wconf 78' lang='lat' dir='ltr'>DE</span> <span class='ocrx_word' id='word_1_62' title='bbox 626 1311 926 1377; x_wconf 79' lang='lat' dir='ltr'><em>RECIPIENDO</em></span> <span class='ocrx_word' id='word_1_63' title='bbox 956 1306 1245 1370; x_wconf 82' lang='lat' dir='ltr'><em>SEVERIANO.</em></span> 
     </span>
    </p>
   </div>
   <div class='ocr_carea' id='block_1_4' title="bbox 112 1490 1659 1800">
    <p class='ocr_par' dir='ltr' id='par_1_5' title="bbox 112 1490 1659 1800">
     <span class='ocr_line' id='line_1_9' title="bbox 153 1490 1656 1608; baseline -0.016 -15"><span class='ocrx_word' id='word_1_64' title='bbox 153 1529 244 1594; x_wconf 83' lang='lat' dir='ltr'>Sicuti</span> <span class='ocrx_word' id='word_1_65' title='bbox 257 1524 341 1608; x_wconf 85' lang='lat' dir='ltr'>capiti</span> <span class='ocrx_word' id='word_1_66' title='bbox 352 1543 450 1605; x_wconf 88' lang='lat' dir='ltr'>corpus</span> <span class='ocrx_word' id='word_1_67' title='bbox 463 1519 595 1580; x_wconf 76' lang='lat' dir='ltr'>coherere</span> <span class='ocrx_word' id='word_1_68' title='bbox 612 1490 792 1578; x_wconf 77' lang='lat' dir='ltr'>nmessariuni</span> <span class='ocrx_word' id='word_1_69' title='bbox 807 1525 856 1586; x_wconf 79' lang='lat' dir='ltr'>est,</span> <span class='ocrx_word' id='word_1_70' title='bbox 906 1523 946 1570; x_wconf 80' lang='lat' dir='ltr'>est</span> <span class='ocrx_word' id='word_1_71' title='bbox 955 1509 1070 1570; x_wconf 90' lang='lat' dir='ltr'>libenter</span> <span class='ocrx_word' id='word_1_72' title='bbox 1087 1510 1189 1571; x_wconf 87' lang='lat' dir='ltr'>audiri.</span> <span class='ocrx_word' id='word_1_73' title='bbox 1201 1512 1254 1570; x_wconf 88' lang='lat' dir='ltr'>Pro</span> <span class='ocrx_word' id='word_1_74' title='bbox 1270 1532 1337 1592; x_wconf 89' lang='lat' dir='ltr'>paoe</span> <span class='ocrx_word' id='word_1_75' title='bbox 1345 1510 1491 1590; x_wconf 88' lang='lat' dir='ltr'>loquimur</span> <span class='ocrx_word' id='word_1_76' title='bbox 1502 1509 1541 1570; x_wconf 83' lang='lat' dir='ltr'>ad</span> <span class='ocrx_word' id='word_1_77' title='bbox 1552 1531 1611 1572; x_wconf 82' lang='lat' dir='ltr'>vos.</span> <span class='ocrx_word' id='word_1_78' title='bbox 1623 1511 1656 1570; x_wconf 86' lang='lat' dir='ltr'>Et</span> 
     </span>
     <span class='ocr_line' id='line_1_10' title="bbox 112 1604 1658 1696; baseline -0.016 -8"><span class='ocrx_word' id='word_1_79' title='bbox 112 1623 308 1688; x_wconf 78' lang='lat' dir='ltr'>itaEcclcsiam</span> <span class='ocrx_word' id='word_1_80' title='bbox 315 1618 456 1694; x_wconf 72' lang='lat' dir='ltr'>sacedoti,</span> <span class='ocrx_word' id='word_1_81' title='bbox 465 1629 491 1676; x_wconf 92' lang='lat' dir='ltr'>et</span> <span class='ocrx_word' id='word_1_82' title='bbox 499 1613 614 1696; x_wconf 84' lang='lat' dir='ltr'>principi</span> <span class='ocrx_word' id='word_1_83' title='bbox 621 1613 753 1694; x_wconf 87' lang='lat' dir='ltr'>populum</span> <span class='ocrx_word' id='word_1_84' title='bbox 762 1622 858 1685; x_wconf 86' lang='lat' dir='ltr'>:utque</span> <span class='ocrx_word' id='word_1_85' title='bbox 907 1605 977 1684; x_wconf 86' lang='lat' dir='ltr'>quid</span> <span class='ocrx_word' id='word_1_86' title='bbox 988 1605 1025 1665; x_wconf 85' lang='lat' dir='ltr'>ita</span> <span class='ocrx_word' id='word_1_87' title='bbox 1038 1606 1209 1682; x_wconf 84' lang='lat' dir='ltr'>conveniens,</span> <span class='ocrx_word' id='word_1_88' title='bbox 1221 1627 1305 1684; x_wconf 88' lang='lat' dir='ltr'>quam</span> <span class='ocrx_word' id='word_1_89' title='bbox 1321 1604 1494 1665; x_wconf 76' lang='lat' dir='ltr'><strong>sacerdotem</strong></span> <span class='ocrx_word' id='word_1_90' title='bbox 1507 1606 1562 1665; x_wconf 92' lang='lat' dir='ltr'>Dei</span> <span class='ocrx_word' id='word_1_91' title='bbox 1572 1627 1658 1686; x_wconf 84' lang='lat' dir='ltr'>paoem</span> 
     </span>
     <span class='ocr_line' id='line_1_11' title="bbox 112 1699 1659 1800; baseline -0.016 -18"><span class='ocrx_word' id='word_1_92' title='bbox 112 1719 238 1800; x_wconf 71' lang='lat' dir='ltr'>virgulta</span> <span class='ocrx_word' id='word_1_93' title='bbox 257 1714 404 1788; x_wconf 82' lang='lat' dir='ltr'>radicibus,</span> <span class='ocrx_word' id='word_1_94' title='bbox 417 1727 444 1772; x_wconf 92' lang='lat' dir='ltr'>et</span> <span class='ocrx_word' id='word_1_95' title='bbox 463 1710 584 1771; x_wconf 84' lang='lat' dir='ltr'>lontibus</span> <span class='ocrx_word' id='word_1_96' title='bbox 598 1707 689 1783; x_wconf 83' lang='lat' dir='ltr'>fluvii,</span> <span class='ocrx_word' id='word_1_97' title='bbox 708 1707 744 1765; x_wconf 90' lang='lat' dir='ltr'>ita</span> <span class='ocrx_word' id='word_1_98' title='bbox 760 1718 786 1763; x_wconf 91' lang='lat' dir='ltr'>et</span> <span class='ocrx_word' id='word_1_99' title='bbox 804 1701 856 1760; x_wconf 88' lang='lat' dir='ltr'>filii</span> <span class='ocrx_word' id='word_1_100' title='bbox 908 1699 1010 1780; x_wconf 89' lang='lat' dir='ltr'>populo</span> <span class='ocrx_word' id='word_1_101' title='bbox 1024 1699 1207 1782; x_wconf 81' lang='lat' dir='ltr'>persuadere?</span> <span class='ocrx_word' id='word_1_102' title='bbox 1217 1699 1402 1759; x_wconf 75' lang='lat' dir='ltr'><strong>contradictio</strong></span> <span class='ocrx_word' id='word_1_103' title='bbox 1413 1700 1494 1759; x_wconf 89' lang='lat' dir='ltr'>nulla</span> <span class='ocrx_word' id='word_1_104' title='bbox 1508 1713 1564 1777; x_wconf 80' lang='lat' dir='ltr'>est,</span> <span class='ocrx_word' id='word_1_105' title='bbox 1578 1700 1624 1758; x_wconf 90' lang='lat' dir='ltr'>ubi</span> <span class='ocrx_word' id='word_1_106' title='bbox 1636 1713 1659 1758; x_wconf 87' lang='lat' dir='ltr'>et</span> 
     </span>
    </p>
   </div>
   <div class='ocr_carea' id='block_1_5' title="bbox 1 1794 1696 5286">
    <p class='ocr_par' dir='ltr' id='par_1_6' title="bbox 114 1794 1658 1897">
     <span class='ocr_line' id='line_1_12' title="bbox 114 1794 1658 1897; baseline -0.014 -23"><span class='ocrx_word' id='word_1_107' title='bbox 114 1815 200 1897; x_wconf 86' lang='lat' dir='ltr'>patri,</span> <span class='ocrx_word' id='word_1_108' title='bbox 211 1825 239 1873; x_wconf 90' lang='lat' dir='ltr'>et</span> <span class='ocrx_word' id='word_1_109' title='bbox 246 1808 375 1889; x_wconf 83' lang='lat' dir='ltr'>magistro</span> <span class='ocrx_word' id='word_1_110' title='bbox 382 1805 521 1888; x_wconf 85' lang='lat' dir='ltr'>discipuli.</span> <span class='ocrx_word' id='word_1_111' title='bbox 533 1805 695 1864; x_wconf 85' lang='lat' dir='ltr'>Haecautem</span> <span class='ocrx_word' id='word_1_112' title='bbox 702 1819 756 1859; x_wconf 92' lang='lat' dir='ltr'>non</span> <span class='ocrx_word' id='word_1_113' title='bbox 763 1818 857 1877; x_wconf 88' lang='lat' dir='ltr'>super·</span> <span class='ocrx_word' id='word_1_114' title='bbox 906 1794 1005 1874; x_wconf 82' lang='lat' dir='ltr'>legatio</span> <span class='ocrx_word' id='word_1_115' title='bbox 1014 1809 1107 1855; x_wconf 89' lang='lat' dir='ltr'>sancta</span> <span class='ocrx_word' id='word_1_116' title='bbox 1120 1809 1146 1854; x_wconf 94' lang='lat' dir='ltr'>et</span> <span class='ocrx_word' id='word_1_117' title='bbox 1154 1796 1396 1875; x_wconf 80' lang='lat' dir='ltr'>legatusaeceptns</span> <span class='ocrx_word' id='word_1_118' title='bbox 1407 1807 1460 1854; x_wconf 82' lang='lat' dir='ltr'>est.</span> <span class='ocrx_word' id='word_1_119' title='bbox 1478 1796 1536 1854; x_wconf 83' lang='lat' dir='ltr'>Pro</span> <span class='ocrx_word' id='word_1_120' title='bbox 1549 1816 1614 1875; x_wconf 88' lang='lat' dir='ltr'>paoe</span> <span class='ocrx_word' id='word_1_121' title='bbox 1623 1795 1658 1853; x_wconf 79' lang='lat' dir='ltr'>lo</span> 
     </span>
    </p>

    <p class='ocr_par' dir='ltr' id='par_1_7' title="bbox 114 1888 1657 1979">
     <span class='ocr_line' id='line_1_13' title="bbox 114 1888 1657 1979; baseline -0.014 -9"><span class='ocrx_word' id='word_1_122' title='bbox 114 1911 173 1971; x_wconf 85' lang='lat' dir='ltr'>llno</span> <span class='ocrx_word' id='word_1_123' title='bbox 192 1907 230 1968; x_wconf 86' lang='lat' dir='ltr'>ad</span> <span class='ocrx_word' id='word_1_124' title='bbox 249 1904 388 1966; x_wconf 73' lang='lat' dir='ltr'>urinum</span> <span class='ocrx_word' id='word_1_125' title='bbox 410 1915 528 1962; x_wconf 82' lang='lat' dir='ltr'>vestram</span> <span class='ocrx_word' id='word_1_126' title='bbox 548 1896 651 1979; x_wconf 84' lang='lat' dir='ltr'>praelati</span> <span class='ocrx_word' id='word_1_127' title='bbox 672 1914 788 1956; x_wconf 92' lang='lat' dir='ltr'>sumus:</span> <span class='ocrx_word' id='word_1_128' title='bbox 809 1889 856 1951; x_wconf 88' lang='lat' dir='ltr'>sod</span> <span class='ocrx_word' id='word_1_129' title='bbox 908 1889 1034 1968; x_wconf 90' lang='lat' dir='ltr'>quimur,</span> <span class='ocrx_word' id='word_1_130' title='bbox 1046 1910 1096 1970; x_wconf 90' lang='lat' dir='ltr'>pro</span> <span class='ocrx_word' id='word_1_131' title='bbox 1114 1911 1166 1967; x_wconf 90' lang='lat' dir='ltr'>qua</span> <span class='ocrx_word' id='word_1_132' title='bbox 1180 1890 1332 1949; x_wconf 84' lang='lat' dir='ltr'>FiliusDei</span> <span class='ocrx_word' id='word_1_133' title='bbox 1347 1888 1493 1948; x_wconf 88' lang='lat' dir='ltr'>descendit</span> <span class='ocrx_word' id='word_1_134' title='bbox 1511 1888 1549 1948; x_wconf 86' lang='lat' dir='ltr'>ad</span> <span class='ocrx_word' id='word_1_135' title='bbox 1567 1901 1657 1960; x_wconf 86' lang='lat' dir='ltr'>terras,</span> 
     </span>
    </p>

    <p class='ocr_par' dir='ltr' id='par_1_8' title="bbox 115 1983 1658 2086">
     <span class='ocr_line' id='line_1_14' title="bbox 115 1983 1658 2086; baseline -0.014 -23"><span class='ocrx_word' id='word_1_136' title='bbox 115 2003 245 2086; x_wconf 81' lang='lat' dir='ltr'>quoniam</span> <span class='ocrx_word' id='word_1_137' title='bbox 254 1998 371 2060; x_wconf 89' lang='lat' dir='ltr'>dicenda</span> <span class='ocrx_word' id='word_1_138' title='bbox 381 1996 451 2058; x_wconf 87' lang='lat' dir='ltr'>mibi</span> <span class='ocrx_word' id='word_1_139' title='bbox 463 2009 526 2055; x_wconf 91' lang='lat' dir='ltr'>sunt</span> <span class='ocrx_word' id='word_1_140' title='bbox 537 1993 661 2073; x_wconf 77' lang='lat' dir='ltr'>quadam</span> <span class='ocrx_word' id='word_1_141' title='bbox 671 1989 745 2071; x_wconf 88' lang='lat' dir='ltr'>apud</span> <span class='ocrx_word' id='word_1_142' title='bbox 757 2009 816 2061; x_wconf 82' lang='lat' dir='ltr'>vos,</span> <span class='ocrx_word' id='word_1_143' title='bbox 827 1998 857 2046; x_wconf 92' lang='lat' dir='ltr'>ut</span> <span class='ocrx_word' id='word_1_144' title='bbox 910 1997 940 2043; x_wconf 90' lang='lat' dir='ltr'>ut</span> <span class='ocrx_word' id='word_1_145' title='bbox 955 1983 1110 2065; x_wconf 82' lang='lat' dir='ltr'>pacificaret</span> <span class='ocrx_word' id='word_1_146' title='bbox 1127 2006 1176 2063; x_wconf 91' lang='lat' dir='ltr'>per</span> <span class='ocrx_word' id='word_1_147' title='bbox 1192 1984 1352 2062; x_wconf 82' lang='lat' dir='ltr'>sanguinem</span> <span class='ocrx_word' id='word_1_148' title='bbox 1373 2005 1427 2044; x_wconf 90' lang='lat' dir='ltr'>non</span> <span class='ocrx_word' id='word_1_149' title='bbox 1450 1983 1618 2063; x_wconf 71' lang='lat' dir='ltr'>solumque</span> <span class='ocrx_word' id='word_1_150' title='bbox 1633 1984 1658 2042; x_wconf 91' lang='lat' dir='ltr'>in</span> 
     </span>
    </p>

    <p class='ocr_par' dir='ltr' id='par_1_9' title="bbox 115 2078 1658 2172">
     <span class='ocr_line' id='line_1_15' title="bbox 115 2078 1658 2172; baseline -0.014 -12"><span class='ocrx_word' id='word_1_151' title='bbox 115 2120 195 2160; x_wconf 87' lang='lat' dir='ltr'>nemo</span> <span class='ocrx_word' id='word_1_152' title='bbox 208 2096 343 2171; x_wconf 82' lang='lat' dir='ltr'>turbetur,</span> <span class='ocrx_word' id='word_1_153' title='bbox 352 2112 437 2172; x_wconf 90' lang='lat' dir='ltr'>neque</span> <span class='ocrx_word' id='word_1_154' title='bbox 447 2088 564 2150; x_wconf 89' lang='lat' dir='ltr'>sermoni</span> <span class='ocrx_word' id='word_1_155' title='bbox 578 2100 669 2147; x_wconf 91' lang='lat' dir='ltr'>nostro</span> <span class='ocrx_word' id='word_1_156' title='bbox 679 2085 771 2162; x_wconf 86' lang='lat' dir='ltr'>aliqua</span> <span class='ocrx_word' id='word_1_157' title='bbox 783 2080 855 2143; x_wconf 82' lang='lat' dir='ltr'>oria·</span> <span class='ocrx_word' id='word_1_158' title='bbox 908 2091 979 2138; x_wconf 88' lang='lat' dir='ltr'>terra</span> <span class='ocrx_word' id='word_1_159' title='bbox 992 2093 1064 2155; x_wconf 90' lang='lat' dir='ltr'>sunt,</span> <span class='ocrx_word' id='word_1_160' title='bbox 1072 2078 1120 2138; x_wconf 89' lang='lat' dir='ltr'>sed</span> <span class='ocrx_word' id='word_1_161' title='bbox 1132 2092 1159 2138; x_wconf 89' lang='lat' dir='ltr'>et</span> <span class='ocrx_word' id='word_1_162' title='bbox 1173 2099 1234 2157; x_wconf 76' lang='lat' dir='ltr'>qua</span> <span class='ocrx_word' id='word_1_163' title='bbox 1246 2079 1274 2138; x_wconf 88' lang='lat' dir='ltr'>in</span> <span class='ocrx_word' id='word_1_164' title='bbox 1287 2079 1371 2157; x_wconf 84' lang='lat' dir='ltr'>caelis,</span> <span class='ocrx_word' id='word_1_165' title='bbox 1381 2093 1408 2138; x_wconf 90' lang='lat' dir='ltr'>et</span> <span class='ocrx_word' id='word_1_166' title='bbox 1422 2092 1534 2138; x_wconf 88' lang='lat' dir='ltr'>terrena</span> <span class='ocrx_word' id='word_1_167' title='bbox 1547 2080 1658 2138; x_wconf 75' lang='lat' dir='ltr'>celesti-</span> 
     </span>
    </p>

    <p class='ocr_par' dir='ltr' id='par_1_10' title="bbox 114 2174 1658 2272">
     <span class='ocr_line' id='line_1_16' title="bbox 114 2174 1658 2272; baseline -0.016 -16"><span class='ocrx_word' id='word_1_168' title='bbox 114 2209 161 2257; x_wconf 88' lang='lat' dir='ltr'>tur</span> <span class='ocrx_word' id='word_1_169' title='bbox 181 2190 357 2272; x_wconf 76' lang='lat' dir='ltr'>interruptio,</span> <span class='ocrx_word' id='word_1_170' title='bbox 369 2187 416 2249; x_wconf 84' lang='lat' dir='ltr'>sed</span> <span class='ocrx_word' id='word_1_171' title='bbox 438 2200 470 2245; x_wconf 91' lang='lat' dir='ltr'>ut</span> <span class='ocrx_word' id='word_1_172' title='bbox 491 2182 643 2244; x_wconf 90' lang='lat' dir='ltr'>obedientia</span> <span class='ocrx_word' id='word_1_173' title='bbox 661 2178 858 2260; x_wconf 87' lang='lat' dir='ltr'>discipulorum</span> <span class='ocrx_word' id='word_1_174' title='bbox 908 2175 961 2234; x_wconf 91' lang='lat' dir='ltr'>bus</span> <span class='ocrx_word' id='word_1_175' title='bbox 974 2175 1097 2233; x_wconf 78' lang='lat' dir='ltr'>sociaret.</span> <span class='ocrx_word' id='word_1_176' title='bbox 1113 2176 1166 2233; x_wconf 92' lang='lat' dir='ltr'>Pro</span> <span class='ocrx_word' id='word_1_177' title='bbox 1181 2195 1246 2254; x_wconf 86' lang='lat' dir='ltr'>pace</span> <span class='ocrx_word' id='word_1_178' title='bbox 1263 2174 1420 2252; x_wconf 90' lang='lat' dir='ltr'>loquimur,</span> <span class='ocrx_word' id='word_1_179' title='bbox 1436 2195 1490 2254; x_wconf 94' lang='lat' dir='ltr'>pro</span> <span class='ocrx_word' id='word_1_180' title='bbox 1506 2195 1562 2254; x_wconf 82' lang='lat' dir='ltr'>qua</span> <span class='ocrx_word' id='word_1_181' title='bbox 1577 2174 1658 2234; x_wconf 88' lang='lat' dir='ltr'>Filius</span> 
     </span>
    </p>

    <p class='ocr_par' dir='ltr' id='par_1_11' title="bbox 114 2269 1658 2362">
     <span class='ocr_line' id='line_1_17' title="bbox 114 2269 1658 2362; baseline -0.012 -13"><span class='ocrx_word' id='word_1_182' title='bbox 114 2301 216 2350; x_wconf 86' lang='lat' dir='ltr'>crescat</span> <span class='ocrx_word' id='word_1_183' title='bbox 232 2286 261 2345; x_wconf 91' lang='lat' dir='ltr'>in</span> <span class='ocrx_word' id='word_1_184' title='bbox 275 2285 364 2356; x_wconf 82' lang='lat' dir='ltr'>vobis,</span> <span class='ocrx_word' id='word_1_185' title='bbox 378 2296 405 2342; x_wconf 89' lang='lat' dir='ltr'>et</span> <span class='ocrx_word' id='word_1_186' title='bbox 414 2295 545 2362; x_wconf 87' lang='lat' dir='ltr'>quantum</span> <span class='ocrx_word' id='word_1_187' title='bbox 559 2279 686 2337; x_wconf 81' lang='lat' dir='ltr'>affectum</span> <span class='ocrx_word' id='word_1_188' title='bbox 696 2275 768 2356; x_wconf 84' lang='lat' dir='ltr'>patri</span> <span class='ocrx_word' id='word_1_189' title='bbox 781 2273 856 2332; x_wconf 82' lang='lat' dir='ltr'>dele·</span> <span class='ocrx_word' id='word_1_190' title='bbox 897 2269 963 2330; x_wconf 75' lang='lat' dir='ltr'>-Itu&#39;</span> <span class='ocrx_word' id='word_1_191' title='bbox 972 2290 1067 2350; x_wconf 87' lang='lat' dir='ltr'>passus</span> <span class='ocrx_word' id='word_1_192' title='bbox 1076 2283 1126 2341; x_wconf 88' lang='lat' dir='ltr'>est,</span> <span class='ocrx_word' id='word_1_193' title='bbox 1139 2283 1250 2350; x_wconf 90' lang='lat' dir='ltr'>propter</span> <span class='ocrx_word' id='word_1_194' title='bbox 1265 2291 1347 2348; x_wconf 88' lang='lat' dir='ltr'>quam</span> <span class='ocrx_word' id='word_1_195' title='bbox 1361 2270 1518 2329; x_wconf 80' lang='lat' dir='ltr'>crucifixus</span> <span class='ocrx_word' id='word_1_196' title='bbox 1532 2284 1608 2330; x_wconf 89' lang='lat' dir='ltr'>estet</span> <span class='ocrx_word' id='word_1_197' title='bbox 1622 2292 1658 2330; x_wconf 89' lang='lat' dir='ltr'>se-</span> 
     </span>
    </p>

    <p class='ocr_par' dir='ltr' id='par_1_12' title="bbox 69 2364 1658 2463">
     <span class='ocr_line' id='line_1_18' title="bbox 69 2364 1658 2463; baseline -0.016 -13"><span class='ocrx_word' id='word_1_198' title='bbox 69 2385 190 2461; x_wconf 82' lang='lat' dir='ltr'>tttratis,</span> <span class='ocrx_word' id='word_1_199' title='bbox 211 2393 350 2463; x_wconf 74' lang='lat' dir='ltr'>appareat.</span> <span class='ocrx_word' id='word_1_200' title='bbox 375 2378 512 2438; x_wconf 80' lang='lat' dir='ltr'>Adornate</span> <span class='ocrx_word' id='word_1_201' title='bbox 525 2397 580 2452; x_wconf 91' lang='lat' dir='ltr'>me,</span> <span class='ocrx_word' id='word_1_202' title='bbox 603 2373 667 2449; x_wconf 90' lang='lat' dir='ltr'>lilii,</span> <span class='ocrx_word' id='word_1_203' title='bbox 685 2385 712 2431; x_wconf 91' lang='lat' dir='ltr'>et</span> <span class='ocrx_word' id='word_1_204' title='bbox 727 2369 859 2451; x_wconf 81' lang='lat' dir='ltr'>imponite</span> <span class='ocrx_word' id='word_1_205' title='bbox 909 2364 1109 2447; x_wconf 85' lang='lat' dir='ltr'>pultus,quam</span> <span class='ocrx_word' id='word_1_206' title='bbox 1128 2364 1206 2426; x_wconf 88' lang='lat' dir='ltr'>nobis</span> <span class='ocrx_word' id='word_1_207' title='bbox 1223 2386 1274 2445; x_wconf 90' lang='lat' dir='ltr'>pro</span> <span class='ocrx_word' id='word_1_208' title='bbox 1295 2365 1370 2425; x_wconf 92' lang='lat' dir='ltr'>omni</span> <span class='ocrx_word' id='word_1_209' title='bbox 1393 2364 1561 2425; x_wconf 87' lang='lat' dir='ltr'>hereditatis</span> <span class='ocrx_word' id='word_1_210' title='bbox 1582 2387 1658 2425; x_wconf 87' lang='lat' dir='ltr'>censu</span> 
     </span>
    </p>

    <p class='ocr_par' dir='ltr' id='par_1_13' title="bbox 112 2459 1658 2545">
     <span class='ocr_line' id='line_1_19' title="bbox 112 2459 1658 2545; baseline -0.012 -6"><span class='ocrx_word' id='word_1_211' title='bbox 112 2475 354 2540; x_wconf 85' lang='lat' dir='ltr'>mihiobedicntiae</span> <span class='ocrx_word' id='word_1_212' title='bbox 370 2486 466 2534; x_wconf 70' lang='lat' dir='ltr'>vestrae</span> <span class='ocrx_word' id='word_1_213' title='bbox 481 2467 710 2544; x_wconf 86' lang='lat' dir='ltr'>coronam,iacite</span> <span class='ocrx_word' id='word_1_214' title='bbox 726 2486 770 2524; x_wconf 91' lang='lat' dir='ltr'>me</span> <span class='ocrx_word' id='word_1_215' title='bbox 783 2462 858 2545; x_wconf 91' lang='lat' dir='ltr'>apud</span> <span class='ocrx_word' id='word_1_216' title='bbox 910 2459 1032 2539; x_wconf 89' lang='lat' dir='ltr'>reliquit,</span> <span class='ocrx_word' id='word_1_217' title='bbox 1048 2473 1074 2518; x_wconf 91' lang='lat' dir='ltr'>et</span> <span class='ocrx_word' id='word_1_218' title='bbox 1091 2460 1166 2521; x_wconf 81' lang='lat' dir='ltr'>velut</span> <span class='ocrx_word' id='word_1_219' title='bbox 1188 2482 1298 2519; x_wconf 90' lang='lat' dir='ltr'>murum</span> <span class='ocrx_word' id='word_1_220' title='bbox 1322 2460 1453 2520; x_wconf 83' lang='lat' dir='ltr'>Ecclesiae</span> <span class='ocrx_word' id='word_1_221' title='bbox 1474 2461 1567 2539; x_wconf 83' lang='lat' dir='ltr'>dedit,</span> <span class='ocrx_word' id='word_1_222' title='bbox 1581 2483 1658 2541; x_wconf 87' lang='lat' dir='ltr'>quam</span> 
     </span>
    </p>

    <p class='ocr_par' dir='ltr' id='par_1_14' title="bbox 111 2554 1657 2650">
     <span class='ocr_line' id='line_1_20' title="bbox 111 2554 1657 2650; baseline -0.012 -17"><span class='ocrx_word' id='word_1_223' title='bbox 111 2592 204 2634; x_wconf 87' lang='lat' dir='ltr'>omnes</span> <span class='ocrx_word' id='word_1_224' title='bbox 216 2573 328 2632; x_wconf 87' lang='lat' dir='ltr'>beatum</span> <span class='ocrx_word' id='word_1_225' title='bbox 334 2566 466 2650; x_wconf 85' lang='lat' dir='ltr'>judicari,</span> <span class='ocrx_word' id='word_1_226' title='bbox 480 2580 507 2625; x_wconf 90' lang='lat' dir='ltr'>ct</span> <span class='ocrx_word' id='word_1_227' title='bbox 520 2563 673 2624; x_wconf 81' lang='lat' dir='ltr'>doctrinam</span> <span class='ocrx_word' id='word_1_228' title='bbox 693 2582 781 2620; x_wconf 86' lang='lat' dir='ltr'>meam</span> <span class='ocrx_word' id='word_1_229' title='bbox 798 2580 858 2618; x_wconf 86' lang='lat' dir='ltr'>ma·</span> <span class='ocrx_word' id='word_1_230' title='bbox 911 2568 1017 2615; x_wconf 83' lang='lat' dir='ltr'>scutum</span> <span class='ocrx_word' id='word_1_231' title='bbox 1035 2554 1180 2614; x_wconf 81' lang='lat' dir='ltr'>adversum</span> <span class='ocrx_word' id='word_1_232' title='bbox 1203 2554 1345 2614; x_wconf 89' lang='lat' dir='ltr'>diabolum</span> <span class='ocrx_word' id='word_1_233' title='bbox 1368 2555 1481 2636; x_wconf 89' lang='lat' dir='ltr'>posuit,</span> <span class='ocrx_word' id='word_1_234' title='bbox 1495 2577 1581 2634; x_wconf 87' lang='lat' dir='ltr'>quam</span> <span class='ocrx_word' id='word_1_235' title='bbox 1600 2557 1657 2636; x_wconf 83' lang='lat' dir='ltr'>gla-</span> 
     </span>
    </p>

    <p class='ocr_par' dir='ltr' id='par_1_15' title="bbox 113 2648 1656 2746">
     <span class='ocr_line' id='line_1_21' title="bbox 113 2648 1656 2746; baseline -0.01 -21"><span class='ocrx_word' id='word_1_236' title='bbox 113 2664 299 2746; x_wconf 77' lang='lat' dir='ltr'>gnificateper</span> <span class='ocrx_word' id='word_1_237' title='bbox 313 2658 496 2721; x_wconf 78' lang='lat' dir='ltr'>obedientiam</span> <span class='ocrx_word' id='word_1_238' title='bbox 508 2669 626 2716; x_wconf 80' lang='lat' dir='ltr'>vestram</span> <span class='ocrx_word' id='word_1_239' title='bbox 636 2651 858 2732; x_wconf 87' lang='lat' dir='ltr'>secundumapo-</span> <span class='ocrx_word' id='word_1_240' title='bbox 911 2649 989 2710; x_wconf 91' lang='lat' dir='ltr'>dium</span> <span class='ocrx_word' id='word_1_241' title='bbox 1008 2649 1153 2709; x_wconf 83' lang='lat' dir='ltr'>adversum</span> <span class='ocrx_word' id='word_1_242' title='bbox 1175 2649 1311 2709; x_wconf 77' lang='lat' dir='ltr'>demones</span> <span class='ocrx_word' id='word_1_243' title='bbox 1331 2648 1423 2724; x_wconf 87' lang='lat' dir='ltr'>dedit,</span> <span class='ocrx_word' id='word_1_244' title='bbox 1437 2671 1524 2729; x_wconf 86' lang='lat' dir='ltr'>quarn</span> <span class='ocrx_word' id='word_1_245' title='bbox 1551 2667 1656 2733; x_wconf 87' lang='lat' dir='ltr'>portum</span> 
     </span>
    </p>

    <p class='ocr_par' dir='ltr' id='par_1_16' title="bbox 6 2748 1658 2834">
     <span class='ocr_line' id='line_1_22' title="bbox 6 2748 1658 2834; baseline -0.005 -13"><span class='ocrx_word' id='word_1_246' title='bbox 6 2803 37 2834; x_wconf 53' lang='grc' dir='ltr'>η,</span> <span class='ocrx_word' id='word_1_247' title='bbox 53 2786 90 2834; x_wconf 71' lang='grc'>,3,</span> <span class='ocrx_word' id='word_1_248' title='bbox 115 2759 177 2822; x_wconf 87' lang='lat' dir='ltr'>stoli</span> <span class='ocrx_word' id='word_1_249' title='bbox 185 2759 299 2832; x_wconf 88' lang='lat' dir='ltr'>monita,</span> <span class='ocrx_word' id='word_1_250' title='bbox 307 2754 564 2816; x_wconf 76' lang='lat' dir='ltr'>dioentis20tedtte</span> <span class='ocrx_word' id='word_1_251' title='bbox 570 2751 858 2830; x_wconf 73' lang='lat' dir='ltr'>prepositionestris,</span> <span class='ocrx_word' id='word_1_252' title='bbox 899 2748 1168 2827; x_wconf 78' lang='lat' dir='ltr'>¹tranquillissimum</span> <span class='ocrx_word' id='word_1_253' title='bbox 1188 2748 1317 2808; x_wconf 87' lang='lat' dir='ltr'>fidelibus</span> <span class='ocrx_word' id='word_1_254' title='bbox 1340 2750 1504 2827; x_wconf 81' lang='lat' dir='ltr'>collocavit,</span> <span class='ocrx_word' id='word_1_255' title='bbox 1517 2773 1604 2829; x_wconf 91' lang='lat' dir='ltr'>quam</span> <span class='ocrx_word' id='word_1_256' title='bbox 1620 2773 1658 2811; x_wconf 76' lang='lat' dir='ltr'>re·</span> 
     </span>
    </p>

    <p class='ocr_par' dir='ltr' id='par_1_17' title="bbox 103 2843 1658 2933">
     <span class='ocr_line' id='line_1_23' title="bbox 103 2843 1658 2933; baseline -0.006 -18"><span class='ocrx_word' id='word_1_257' title='bbox 103 2867 145 2933; x_wconf 23' lang='lat' dir='ltr'>*et</span> <span class='ocrx_word' id='word_1_258' title='bbox 158 2858 355 2932; x_wconf 88' lang='lat' dir='ltr'>obtemperate</span> <span class='ocrx_word' id='word_1_259' title='bbox 372 2854 414 2910; x_wconf 88' lang='lat' dir='ltr'>eis</span> <span class='ocrx_word' id='word_1_260' title='bbox 422 2873 434 2919; x_wconf 89' lang='lat'><em>;</em></span> <span class='ocrx_word' id='word_1_261' title='bbox 453 2851 524 2928; x_wconf 80' lang='lat' dir='ltr'>quia</span> <span class='ocrx_word' id='word_1_262' title='bbox 538 2850 594 2926; x_wconf 89' lang='lat' dir='ltr'>ipsi</span> <span class='ocrx_word' id='word_1_263' title='bbox 615 2845 794 2924; x_wconf 81' lang='lat' dir='ltr'>pervigilant</span> <span class='ocrx_word' id='word_1_264' title='bbox 804 2865 859 2922; x_wconf 94' lang='lat' dir='ltr'>pro</span> <span class='ocrx_word' id='word_1_265' title='bbox 911 2843 1129 2925; x_wconf 85' lang='lat' dir='ltr'>propitiationem</span> <span class='ocrx_word' id='word_1_266' title='bbox 1141 2844 1178 2903; x_wconf 92' lang='lat' dir='ltr'>ad</span> <span class='ocrx_word' id='word_1_267' title='bbox 1188 2847 1277 2904; x_wconf 87' lang='lat' dir='ltr'>Deum</span> <span class='ocrx_word' id='word_1_268' title='bbox 1291 2844 1379 2915; x_wconf 84' lang='lat' dir='ltr'>dedit,</span> <span class='ocrx_word' id='word_1_269' title='bbox 1394 2866 1479 2923; x_wconf 60' lang='lat' dir='ltr'>mam</span> <span class='ocrx_word' id='word_1_270' title='bbox 1495 2845 1658 2907; x_wconf 88' lang='lat' dir='ltr'>delictorum</span> 
     </span>
    </p>

    <p class='ocr_par' dir='ltr' id='par_1_18' title="bbox 114 2938 1658 3025">
     <span class='ocr_line' id='line_1_24' title="bbox 114 2938 1658 3025; baseline -0.004 -18"><span class='ocrx_word' id='word_1_271' title='bbox 114 2950 211 3020; x_wconf 78' lang='lat' dir='ltr'>uobis,</span> <span class='ocrx_word' id='word_1_272' title='bbox 228 2948 315 3025; x_wconf 86' lang='lat' dir='ltr'>quasi</span> <span class='ocrx_word' id='word_1_273' title='bbox 331 2963 385 3022; x_wconf 89' lang='lat' dir='ltr'>pro</span> <span class='ocrx_word' id='word_1_274' title='bbox 403 2943 562 3000; x_wconf 79' lang='lat' dir='ltr'>animabus</span> <span class='ocrx_word' id='word_1_275' title='bbox 580 2941 690 2997; x_wconf 82' lang='lat' dir='ltr'>uestris</span> <span class='ocrx_word' id='word_1_276' title='bbox 712 2941 858 2996; x_wconf 86' lang='lat' dir='ltr'>rationem</span> <span class='ocrx_word' id='word_1_277' title='bbox 911 2938 1108 2998; x_wconf 86' lang='lat' dir='ltr'>absolutionem</span> <span class='ocrx_word' id='word_1_278' title='bbox 1125 2939 1269 3016; x_wconf 85' lang='lat' dir='ltr'>concessit:</span> <span class='ocrx_word' id='word_1_279' title='bbox 1283 2961 1334 3019; x_wconf 92' lang='lat' dir='ltr'>pro</span> <span class='ocrx_word' id='word_1_280' title='bbox 1349 2939 1401 2997; x_wconf 86' lang='lat' dir='ltr'>bac</span> <span class='ocrx_word' id='word_1_281' title='bbox 1414 2960 1482 3020; x_wconf 80' lang='lat' dir='ltr'>ergo</span> <span class='ocrx_word' id='word_1_282' title='bbox 1500 2941 1610 3021; x_wconf 77' lang='lat' dir='ltr'>legatus</span> <span class='ocrx_word' id='word_1_283' title='bbox 1626 2941 1658 3001; x_wconf 86' lang='lat' dir='ltr'>ad</span> 
     </span>
    </p>

    <p class='ocr_par' dir='ltr' id='par_1_19' title="bbox 115 3030 1658 3116">
     <span class='ocr_line' id='line_1_25' title="bbox 115 3030 1658 3116; baseline -0.002 -16"><span class='ocrx_word' id='word_1_284' title='bbox 115 3041 268 3100; x_wconf 79' lang='lat' dir='ltr'>reddituri.</span> <span class='ocrx_word' id='word_1_285' title='bbox 280 3038 418 3115; x_wconf 78' lang='lat' dir='ltr'>Haecergo</span> <span class='ocrx_word' id='word_1_286' title='bbox 428 3053 592 3116; x_wconf 79' lang='lat' dir='ltr'>praemoneo,</span> <span class='ocrx_word' id='word_1_287' title='bbox 602 3051 636 3090; x_wconf 90' lang='lat' dir='ltr'>ne</span> <span class='ocrx_word' id='word_1_288' title='bbox 646 3030 708 3108; x_wconf 88' lang='lat' dir='ltr'>quis</span> <span class='ocrx_word' id='word_1_289' title='bbox 721 3031 859 3111; x_wconf 89' lang='lat' dir='ltr'>superbiat</span> <span class='ocrx_word' id='word_1_290' title='bbox 911 3057 961 3098; x_wconf 87' lang='lat' dir='ltr'>vos</span> <span class='ocrx_word' id='word_1_291' title='bbox 978 3033 1077 3094; x_wconf 91' lang='lat' dir='ltr'>missus</span> <span class='ocrx_word' id='word_1_292' title='bbox 1095 3055 1166 3093; x_wconf 89' lang='lat' dir='ltr'>sum.</span> <span class='ocrx_word' id='word_1_293' title='bbox 1176 3034 1267 3093; x_wconf 90' lang='lat' dir='ltr'>Nolite</span> <span class='ocrx_word' id='word_1_294' title='bbox 1286 3033 1355 3093; x_wconf 89' lang='lat' dir='ltr'>mibi</span> <span class='ocrx_word' id='word_1_295' title='bbox 1371 3035 1495 3094; x_wconf 87' lang='lat' dir='ltr'>incutere</span> <span class='ocrx_word' id='word_1_296' title='bbox 1510 3036 1658 3116; x_wconf 89' lang='lat' dir='ltr'>pudorem,</span> 
     </span>
    </p>

    <p class='ocr_par' dir='ltr' id='par_1_20' title="bbox 116 3123 1656 3210">
     <span class='ocr_line' id='line_1_26' title="bbox 116 3123 1656 3210; baseline -0.003 -16"><span class='ocrx_word' id='word_1_297' title='bbox 116 3135 145 3195; x_wconf 87' lang='lat' dir='ltr'>in</span> <span class='ocrx_word' id='word_1_298' title='bbox 159 3131 394 3193; x_wconf 86' lang='lat' dir='ltr'>commonitionem</span> <span class='ocrx_word' id='word_1_299' title='bbox 413 3142 542 3188; x_wconf 87' lang='lat' dir='ltr'>nostram.</span> <span class='ocrx_word' id='word_1_300' title='bbox 557 3128 636 3186; x_wconf 91' lang='lat' dir='ltr'>Pater</span> <span class='ocrx_word' id='word_1_301' title='bbox 650 3123 721 3184; x_wconf 89' lang='lat' dir='ltr'>enim</span> <span class='ocrx_word' id='word_1_302' title='bbox 743 3146 813 3198; x_wconf 89' lang='lat' dir='ltr'>sum,</span> <span class='ocrx_word' id='word_1_303' title='bbox 831 3140 858 3185; x_wconf 91' lang='lat' dir='ltr'>et</span> <span class='ocrx_word' id='word_1_304' title='bbox 910 3129 994 3189; x_wconf 91' lang='lat' dir='ltr'>nolite</span> <span class='ocrx_word' id='word_1_305' title='bbox 1003 3128 1162 3210; x_wconf 81' lang='lat' dir='ltr'>legationem</span> <span class='ocrx_word' id='word_1_306' title='bbox 1175 3150 1262 3187; x_wconf 88' lang='lat' dir='ltr'>meam</span> <span class='ocrx_word' id='word_1_307' title='bbox 1276 3127 1386 3205; x_wconf 83' lang='lat' dir='ltr'>loedare,</span> <span class='ocrx_word' id='word_1_308' title='bbox 1396 3130 1565 3208; x_wconf 78' lang='lat' dir='ltr'>acquiescite</span> <span class='ocrx_word' id='word_1_309' title='bbox 1580 3132 1656 3202; x_wconf 84' lang='lat' dir='ltr'>miti,</span> 
     </span>
    </p>

    <p class='ocr_par' dir='ltr' id='par_1_21' title="bbox 116 3217 1658 3302">
     <span class='ocr_line' id='line_1_27' title="bbox 116 3217 1658 3302; baseline -0.003 -14"><span class='ocrx_word' id='word_1_310' title='bbox 116 3248 222 3288; x_wconf 83' lang='lat' dir='ltr'>necesse</span> <span class='ocrx_word' id='word_1_311' title='bbox 231 3239 271 3285; x_wconf 87' lang='lat' dir='ltr'>est</span> <span class='ocrx_word' id='word_1_312' title='bbox 281 3246 324 3285; x_wconf 91' lang='lat' dir='ltr'>me</span> <span class='ocrx_word' id='word_1_313' title='bbox 334 3224 400 3283; x_wconf 86' lang='lat' dir='ltr'>liliis</span> <span class='ocrx_word' id='word_1_314' title='bbox 409 3222 552 3282; x_wconf 83' lang='lat' dir='ltr'>consilium</span> <span class='ocrx_word' id='word_1_315' title='bbox 562 3219 691 3280; x_wconf 86' lang='lat' dir='ltr'>suadere:</span> <span class='ocrx_word' id='word_1_316' title='bbox 704 3219 778 3297; x_wconf 89' lang='lat' dir='ltr'>quod</span> <span class='ocrx_word' id='word_1_317' title='bbox 787 3220 859 3281; x_wconf 88' lang='lat' dir='ltr'>enim</span> <span class='ocrx_word' id='word_1_318' title='bbox 910 3241 1001 3302; x_wconf 78' lang='lat' dir='ltr'>quaeso</span> <span class='ocrx_word' id='word_1_319' title='bbox 1017 3220 1169 3281; x_wconf 79' lang='lat' dir='ltr'>voslllulta</span> <span class='ocrx_word' id='word_1_320' title='bbox 1181 3217 1287 3278; x_wconf 91' lang='lat' dir='ltr'>dudum</span> <span class='ocrx_word' id='word_1_321' title='bbox 1301 3219 1390 3279; x_wconf 88' lang='lat' dir='ltr'>tristia</span> <span class='ocrx_word' id='word_1_322' title='bbox 1402 3234 1477 3300; x_wconf 75' lang='lat' dir='ltr'>gesta</span> <span class='ocrx_word' id='word_1_323' title='bbox 1489 3235 1556 3283; x_wconf 89' lang='lat' dir='ltr'>sunt</span> <span class='ocrx_word' id='word_1_324' title='bbox 1569 3224 1598 3282; x_wconf 90' lang='lat' dir='ltr'>in</span> <span class='ocrx_word' id='word_1_325' title='bbox 1609 3224 1658 3283; x_wconf 88' lang='lat' dir='ltr'>Ec·</span> 
     </span>
    </p>

    <p class='ocr_par' dir='ltr' id='par_1_22' title="bbox 117 3314 1658 3401">
     <span class='ocr_line' id='line_1_28' title="bbox 117 3314 1658 3401; baseline -0.002 -19"><span class='ocrx_word' id='word_1_326' title='bbox 117 3320 312 3382; x_wconf 85' lang='lat' dir='ltr'>incarnalibus</span> <span class='ocrx_word' id='word_1_327' title='bbox 323 3319 448 3401; x_wconf 87' lang='lat' dir='ltr'>patribus</span> <span class='ocrx_word' id='word_1_328' title='bbox 459 3329 554 3376; x_wconf 89' lang='lat' dir='ltr'>natura</span> <span class='ocrx_word' id='word_1_329' title='bbox 568 3315 665 3392; x_wconf 89' lang='lat' dir='ltr'>carnis,</span> <span class='ocrx_word' id='word_1_330' title='bbox 676 3315 729 3374; x_wconf 90' lang='lat' dir='ltr'>hoc</span> <span class='ocrx_word' id='word_1_331' title='bbox 739 3314 767 3373; x_wconf 92' lang='lat' dir='ltr'>in</span> <span class='ocrx_word' id='word_1_332' title='bbox 781 3315 859 3375; x_wconf 89' lang='lat' dir='ltr'>nobis</span> <span class='ocrx_word' id='word_1_333' title='bbox 911 3318 1001 3394; x_wconf 86' lang='lat' dir='ltr'>clesia,</span> <span class='ocrx_word' id='word_1_334' title='bbox 1012 3320 1101 3378; x_wconf 86' lang='lat' dir='ltr'>Deum</span> <span class='ocrx_word' id='word_1_335' title='bbox 1122 3314 1260 3392; x_wconf 85' lang='lat' dir='ltr'>confiteor,</span> <span class='ocrx_word' id='word_1_336' title='bbox 1276 3315 1325 3373; x_wconf 88' lang='lat' dir='ltr'>sed</span> <span class='ocrx_word' id='word_1_337' title='bbox 1344 3335 1398 3375; x_wconf 92' lang='lat' dir='ltr'>non</span> <span class='ocrx_word' id='word_1_338' title='bbox 1410 3316 1496 3377; x_wconf 87' lang='lat' dir='ltr'>laudo</span> <span class='ocrx_word' id='word_1_339' title='bbox 1513 3321 1658 3399; x_wconf 88' lang='lat' dir='ltr'>perturba·</span> 
     </span>
    </p>

    <p class='ocr_par' dir='ltr' id='par_1_23' title="bbox 117 3406 1659 3497">
     <span class='ocr_line' id='line_1_29' title="bbox 117 3406 1659 3497; baseline -0.004 -21"><span class='ocrx_word' id='word_1_340' title='bbox 117 3416 203 3497; x_wconf 78' lang='lat' dir='ltr'>gratia</span> <span class='ocrx_word' id='word_1_341' title='bbox 216 3414 336 3495; x_wconf 86' lang='lat' dir='ltr'>Spiritus</span> <span class='ocrx_word' id='word_1_342' title='bbox 348 3414 414 3495; x_wconf 80' lang='lat' dir='ltr'>agit.</span> <span class='ocrx_word' id='word_1_343' title='bbox 426 3417 505 3474; x_wconf 85' lang='lat' dir='ltr'>Pater</span> <span class='ocrx_word' id='word_1_344' title='bbox 516 3432 589 3490; x_wconf 90' lang='lat' dir='ltr'>sum,</span> <span class='ocrx_word' id='word_1_345' title='bbox 600 3423 626 3470; x_wconf 90' lang='lat' dir='ltr'>et</span> <span class='ocrx_word' id='word_1_346' title='bbox 638 3423 713 3491; x_wconf 90' lang='lat' dir='ltr'>pater</span> <span class='ocrx_word' id='word_1_347' title='bbox 722 3408 802 3469; x_wconf 87' lang='lat' dir='ltr'>nimis</span> <span class='ocrx_word' id='word_1_348' title='bbox 814 3431 858 3469; x_wconf 91' lang='lat' dir='ltr'>su·</span> <span class='ocrx_word' id='word_1_349' title='bbox 912 3409 1007 3486; x_wconf 88' lang='lat' dir='ltr'>tiones,</span> <span class='ocrx_word' id='word_1_350' title='bbox 1019 3407 1163 3467; x_wconf 84' lang='lat' dir='ltr'>seditiones</span> <span class='ocrx_word' id='word_1_351' title='bbox 1182 3426 1235 3465; x_wconf 91' lang='lat' dir='ltr'>non</span> <span class='ocrx_word' id='word_1_352' title='bbox 1250 3406 1409 3485; x_wconf 87' lang='lat' dir='ltr'>amplector.</span> <span class='ocrx_word' id='word_1_353' title='bbox 1425 3407 1481 3467; x_wconf 80' lang='lat' dir='ltr'>sed</span> <span class='ocrx_word' id='word_1_354' title='bbox 1501 3410 1659 3470; x_wconf 88' lang='lat' dir='ltr'>omittamus</span> 
     </span>
    </p>

    <p class='ocr_par' dir='ltr' id='par_1_24' title="bbox 116 3500 1657 3591">
     <span class='ocr_line' id='line_1_30' title="bbox 116 3500 1657 3591; baseline -0.003 -22"><span class='ocrx_word' id='word_1_355' title='bbox 116 3531 166 3591; x_wconf 83' lang='lat' dir='ltr'>per</span> <span class='ocrx_word' id='word_1_356' title='bbox 179 3508 250 3569; x_wconf 85' lang='lat' dir='ltr'>lilios</span> <span class='ocrx_word' id='word_1_357' title='bbox 271 3523 395 3585; x_wconf 75' lang='lat' dir='ltr'>ueniens,</span> <span class='ocrx_word' id='word_1_358' title='bbox 409 3508 447 3568; x_wconf 92' lang='lat' dir='ltr'>ita</span> <span class='ocrx_word' id='word_1_359' title='bbox 469 3520 500 3565; x_wconf 91' lang='lat' dir='ltr'>ut</span> <span class='ocrx_word' id='word_1_360' title='bbox 523 3505 682 3585; x_wconf 73' lang='lat' dir='ltr'>sanguinem</span> <span class='ocrx_word' id='word_1_361' title='bbox 704 3525 795 3564; x_wconf 90' lang='lat' dir='ltr'>meum</span> <span class='ocrx_word' id='word_1_362' title='bbox 810 3525 860 3585; x_wconf 91' lang='lat' dir='ltr'>pro</span> <span class='ocrx_word' id='word_1_363' title='bbox 908 3505 968 3584; x_wconf 88' lang='lat' dir='ltr'>jam</span> <span class='ocrx_word' id='word_1_364' title='bbox 978 3500 1195 3579; x_wconf 72' lang='lat' dir='ltr'>baec3doeinite,</span> <span class='ocrx_word' id='word_1_365' title='bbox 1205 3500 1395 3579; x_wconf 87' lang='lat' dir='ltr'>conquiescite,</span> <span class='ocrx_word' id='word_1_366' title='bbox 1408 3503 1535 3565; x_wconf 91' lang='lat' dir='ltr'>cohibete</span> <span class='ocrx_word' id='word_1_367' title='bbox 1543 3507 1657 3580; x_wconf 86' lang='lat' dir='ltr'>animos,</span> 
     </span>
    </p>

    <p class='ocr_par' dir='ltr' id='par_1_25' title="bbox 116 3595 1659 3684">
     <span class='ocr_line' id='line_1_31' title="bbox 116 3595 1659 3684; baseline -0.003 -20"><span class='ocrx_word' id='word_1_368' title='bbox 116 3602 197 3664; x_wconf 81' lang='lat' dir='ltr'>vobis</span> <span class='ocrx_word' id='word_1_369' title='bbox 210 3603 323 3663; x_wconf 73' lang='lat' dir='ltr'>l&#39;undem</span> <span class='ocrx_word' id='word_1_370' title='bbox 334 3615 444 3684; x_wconf 86' lang='lat' dir='ltr'>paratus</span> <span class='ocrx_word' id='word_1_371' title='bbox 454 3600 516 3661; x_wconf 89' lang='lat' dir='ltr'>sim.</span> <span class='ocrx_word' id='word_1_372' title='bbox 528 3599 564 3659; x_wconf 89' lang='lat' dir='ltr'>Et</span> <span class='ocrx_word' id='word_1_373' title='bbox 575 3601 602 3658; x_wconf 90' lang='lat' dir='ltr'>in</span> <span class='ocrx_word' id='word_1_374' title='bbox 615 3599 667 3658; x_wconf 84' lang='lat' dir='ltr'>ltoc</span> <span class='ocrx_word' id='word_1_375' title='bbox 678 3619 731 3658; x_wconf 90' lang='lat' dir='ltr'>non</span> <span class='ocrx_word' id='word_1_376' title='bbox 742 3610 781 3658; x_wconf 89' lang='lat' dir='ltr'>est</span> <span class='ocrx_word' id='word_1_377' title='bbox 791 3598 858 3658; x_wconf 88' lang='lat' dir='ltr'>mihi</span> <span class='ocrx_word' id='word_1_378' title='bbox 913 3600 1044 3658; x_wconf 80' lang='lat' dir='ltr'>refrenate</span> <span class='ocrx_word' id='word_1_379' title='bbox 1059 3595 1244 3655; x_wconf 91' lang='lat' dir='ltr'>iracundiam:</span> <span class='ocrx_word' id='word_1_380' title='bbox 1259 3597 1359 3655; x_wconf 83' lang='lat' dir='ltr'>sufficit</span> <span class='ocrx_word' id='word_1_381' title='bbox 1370 3599 1428 3677; x_wconf 88' lang='lat' dir='ltr'>jam</span> <span class='ocrx_word' id='word_1_382' title='bbox 1438 3599 1515 3676; x_wconf 91' lang='lat' dir='ltr'>quod</span> <span class='ocrx_word' id='word_1_383' title='bbox 1523 3600 1659 3660; x_wconf 82' lang='lat' dir='ltr'>laborarit</span> 
     </span>
    </p>

    <p class='ocr_par' dir='ltr' id='par_1_26' title="bbox 119 3684 1659 3779">
     <span class='ocr_line' id='line_1_32' title="bbox 119 3684 1659 3779; baseline -0.003 -21"><span class='ocrx_word' id='word_1_384' title='bbox 119 3696 215 3778; x_wconf 69' lang='lat' dir='ltr'>gratia.</span> <span class='ocrx_word' id='word_1_385' title='bbox 229 3699 383 3779; x_wconf 76' lang='lat' dir='ltr'>Apostolica</span> <span class='ocrx_word' id='word_1_386' title='bbox 393 3695 465 3755; x_wconf 89' lang='lat' dir='ltr'>enim</span> <span class='ocrx_word' id='word_1_387' title='bbox 475 3696 521 3755; x_wconf 83' lang='lat' dir='ltr'>lex</span> <span class='ocrx_word' id='word_1_388' title='bbox 531 3684 583 3768; x_wconf 69' lang='lat' dir='ltr'>est,</span> <span class='ocrx_word' id='word_1_389' title='bbox 594 3707 620 3754; x_wconf 92' lang='lat' dir='ltr'>et</span> <span class='ocrx_word' id='word_1_390' title='bbox 633 3693 743 3754; x_wconf 91' lang='lat' dir='ltr'>Domini</span> <span class='ocrx_word' id='word_1_391' title='bbox 755 3714 859 3774; x_wconf 86' lang='lat' dir='ltr'>praece·</span> <span class='ocrx_word' id='word_1_392' title='bbox 914 3693 1045 3769; x_wconf 85' lang='lat' dir='ltr'>Ecclesia,</span> <span class='ocrx_word' id='word_1_393' title='bbox 1060 3691 1124 3750; x_wconf 85' lang='lat' dir='ltr'>finis</span> <span class='ocrx_word' id='word_1_394' title='bbox 1137 3691 1183 3768; x_wconf 88' lang='lat' dir='ltr'>sit,</span> <span class='ocrx_word' id='word_1_395' title='bbox 1198 3690 1305 3750; x_wconf 89' lang='lat' dir='ltr'>desinat</span> <span class='ocrx_word' id='word_1_396' title='bbox 1318 3692 1438 3753; x_wconf 89' lang='lat' dir='ltr'>turbatio</span> <span class='ocrx_word' id='word_1_397' title='bbox 1453 3717 1460 3750; x_wconf 76' lang='grc' dir='ltr'><strong>ε</strong></span> <span class='ocrx_word' id='word_1_398' title='bbox 1476 3693 1530 3755; x_wconf 94' lang='lat' dir='ltr'>boc</span> <span class='ocrx_word' id='word_1_399' title='bbox 1548 3696 1620 3755; x_wconf 91' lang='lat' dir='ltr'>enim</span> <span class='ocrx_word' id='word_1_400' title='bbox 1634 3709 1659 3755; x_wconf 92' lang='lat' dir='ltr'>et</span> 
     </span>
    </p>

    <p class='ocr_par' dir='ltr' id='par_1_27' title="bbox 12 3785 1655 3874">
     <span class='ocr_line' id='line_1_33' title="bbox 12 3785 1655 3874; baseline -0.004 -17"><span class='ocrx_word' id='word_1_401' title='bbox 12 3832 34 3857; x_wconf 67' lang='lat' dir='ltr'>a.</span> <span class='ocrx_word' id='word_1_402' title='bbox 52 3825 88 3857; x_wconf 82' lang='grc' dir='ltr'>ιο.</span> <span class='ocrx_word' id='word_1_403' title='bbox 119 3791 861 3874; x_wconf 85' lang='lat' dir='ltr'>ptumdicentis:Pastorbonusanimamsuamponit</span> <span class='ocrx_word' id='word_1_404' title='bbox 915 3793 972 3849; x_wconf 88' lang='lat' dir='ltr'>Deo</span> <span class='ocrx_word' id='word_1_405' title='bbox 986 3788 1128 3870; x_wconf 91' lang='lat' dir='ltr'>placitum,</span> <span class='ocrx_word' id='word_1_406' title='bbox 1146 3800 1171 3846; x_wconf 91' lang='lat' dir='ltr'>et</span> <span class='ocrx_word' id='word_1_407' title='bbox 1183 3785 1306 3866; x_wconf 88' lang='lat' dir='ltr'>piissimo</span> <span class='ocrx_word' id='word_1_408' title='bbox 1318 3787 1437 3867; x_wconf 88' lang='lat' dir='ltr'>principi</span> <span class='ocrx_word' id='word_1_409' title='bbox 1450 3804 1594 3870; x_wconf 88' lang='lat' dir='ltr'>acceptum</span> <span class='ocrx_word' id='word_1_410' title='bbox 1607 3806 1655 3851; x_wconf 79' lang='lat' dir='ltr'>est.</span> 
     </span>
    </p>

    <p class='ocr_par' dir='ltr' id='par_1_28' title="bbox 116 3881 1657 3966">
     <span class='ocr_line' id='line_1_34' title="bbox 116 3881 1657 3966; baseline -0.001 -21"><span class='ocrx_word' id='word_1_411' title='bbox 116 3889 280 3966; x_wconf 82' lang='lat' dir='ltr'>proovibus</span> <span class='ocrx_word' id='word_1_412' title='bbox 288 3890 360 3945; x_wconf 92' lang='lat' dir='ltr'>suis.</span> <span class='ocrx_word' id='word_1_413' title='bbox 369 3885 425 3947; x_wconf 77' lang='lat' dir='ltr'>sat</span> <span class='ocrx_word' id='word_1_414' title='bbox 431 3900 458 3945; x_wconf 94' lang='lat' dir='ltr'>et</span> <span class='ocrx_word' id='word_1_415' title='bbox 466 3905 514 3944; x_wconf 85' lang='lat' dir='ltr'>ros</span> <span class='ocrx_word' id='word_1_416' title='bbox 522 3883 616 3944; x_wconf 88' lang='lat' dir='ltr'>eadem</span> <span class='ocrx_word' id='word_1_417' title='bbox 623 3884 703 3943; x_wconf 79' lang='lat' dir='ltr'>facite</span> <span class='ocrx_word' id='word_1_418' title='bbox 711 3904 761 3963; x_wconf 92' lang='lat' dir='ltr'>pro</span> <span class='ocrx_word' id='word_1_419' title='bbox 768 3884 858 3944; x_wconf 78' lang='lat' dir='ltr'>nobisr</span> <span class='ocrx_word' id='word_1_420' title='bbox 915 3886 1029 3965; x_wconf 87' lang='lat' dir='ltr'>Oportet</span> <span class='ocrx_word' id='word_1_421' title='bbox 1043 3883 1115 3940; x_wconf 89' lang='lat' dir='ltr'>enim</span> <span class='ocrx_word' id='word_1_422' title='bbox 1130 3896 1156 3941; x_wconf 92' lang='lat' dir='ltr'>et</span> <span class='ocrx_word' id='word_1_423' title='bbox 1168 3883 1278 3961; x_wconf 78' lang='lat' dir='ltr'>regibus</span> <span class='ocrx_word' id='word_1_424' title='bbox 1290 3881 1411 3957; x_wconf 89' lang='lat' dir='ltr'>obedire,</span> <span class='ocrx_word' id='word_1_425' title='bbox 1424 3882 1546 3943; x_wconf 82' lang='lat' dir='ltr'>maxime</span> <span class='ocrx_word' id='word_1_426' title='bbox 1560 3906 1622 3944; x_wconf 93' lang='lat' dir='ltr'>cum</span> <span class='ocrx_word' id='word_1_427' title='bbox 1633 3902 1657 3944; x_wconf 91' lang='lat' dir='ltr'>et</span> 
     </span>
    </p>

    <p class='ocr_par' dir='ltr' id='par_1_29' title="bbox 6 3976 1696 4154">
     <span class='ocr_line' id='line_1_35' title="bbox 21 3976 1656 4058; baseline -0.001 -18"><span class='ocrx_word' id='word_1_428' title='bbox 21 3978 23 3982; x_wconf 62' lang='grc'>’</span> <span class='ocrx_word' id='word_1_429' title='bbox 120 3980 202 4041; x_wconf 90' lang='lat' dir='ltr'>simili</span> <span class='ocrx_word' id='word_1_430' title='bbox 213 3999 329 4057; x_wconf 89' lang='lat' dir='ltr'>namque</span> <span class='ocrx_word' id='word_1_431' title='bbox 338 4000 400 4058; x_wconf 80' lang='lat' dir='ltr'>erga</span> <span class='ocrx_word' id='word_1_432' title='bbox 411 4000 460 4038; x_wconf 92' lang='lat' dir='ltr'>nos</span> <span class='ocrx_word' id='word_1_433' title='bbox 469 3977 589 4039; x_wconf 81' lang='lat' dir='ltr'>devincti</span> <span class='ocrx_word' id='word_1_434' title='bbox 598 3978 662 4037; x_wconf 89' lang='lat' dir='ltr'>estis</span> <span class='ocrx_word' id='word_1_435' title='bbox 672 3979 780 4037; x_wconf 81' lang='lat' dir='ltr'>affectu.</span> <span class='ocrx_word' id='word_1_436' title='bbox 789 3981 859 4038; x_wconf 88' lang='lat' dir='ltr'>Nam</span> <span class='ocrx_word' id='word_1_437' title='bbox 913 3977 966 4058; x_wconf 90' lang='lat' dir='ltr'>ipsi</span> <span class='ocrx_word' id='word_1_438' title='bbox 977 3977 1160 4057; x_wconf 86' lang='lat' dir='ltr'>obtemperent</span> <span class='ocrx_word' id='word_1_439' title='bbox 1174 3976 1358 4035; x_wconf 82' lang='lat' dir='ltr'>ecclesiasticis</span> <span class='ocrx_word' id='word_1_440' title='bbox 1368 3976 1486 4054; x_wconf 79' lang='lat' dir='ltr'>legibus.</span> <span class='ocrx_word' id='word_1_441' title='bbox 1499 3979 1576 4038; x_wconf 92' lang='lat' dir='ltr'>Dicit</span> <span class='ocrx_word' id='word_1_442' title='bbox 1587 3981 1656 4039; x_wconf 91' lang='lat' dir='ltr'>enim</span> 
     </span>
     <span class='ocr_line' id='line_1_36' title="bbox 6 4070 1696 4154; baseline -0.003 -18"><span class='ocrx_word' id='word_1_443' title='bbox 6 4119 37 4146; x_wconf 80' lang='lat' dir='ltr'>m.</span> <span class='ocrx_word' id='word_1_444' title='bbox 59 4101 95 4150; x_wconf 69' lang='grc'>,6,</span> <span class='ocrx_word' id='word_1_445' title='bbox 118 4087 145 4136; x_wconf 89' lang='lat' dir='ltr'>et</span> <span class='ocrx_word' id='word_1_446' title='bbox 163 4074 280 4134; x_wconf 87' lang='lat' dir='ltr'>Paulum</span> <span class='ocrx_word' id='word_1_447' title='bbox 298 4072 390 4132; x_wconf 86' lang='lat' dir='ltr'>audite</span> <span class='ocrx_word' id='word_1_448' title='bbox 409 4070 477 4150; x_wconf 88' lang='lat' dir='ltr'>quid</span> <span class='ocrx_word' id='word_1_449' title='bbox 494 4070 571 4130; x_wconf 88' lang='lat' dir='ltr'>dicit.</span> <span class='ocrx_word' id='word_1_450' title='bbox 591 4071 737 4147; x_wconf 80' lang='lat' dir='ltr'>Salutate,</span> <span class='ocrx_word' id='word_1_451' title='bbox 758 4071 858 4150; x_wconf 87' lang='lat' dir='ltr'>inquit,</span> <span class='ocrx_word' id='word_1_452' title='bbox 912 4073 1067 4154; x_wconf 87' lang='lat' dir='ltr'>apostolus:</span> <span class='ocrx_word' id='word_1_453' title='bbox 1084 4074 1271 4151; x_wconf 81' lang='lat' dir='ltr'>Principibus</span> <span class='ocrx_word' id='word_1_454' title='bbox 1291 4084 1320 4130; x_wconf 88' lang='lat' dir='ltr'>et</span> <span class='ocrx_word' id='word_1_455' title='bbox 1334 4076 1529 4151; x_wconf 83' lang='lat' dir='ltr'>potestatibus</span> <span class='ocrx_word' id='word_1_456' title='bbox 1544 4077 1696 4134; x_wconf 67' lang='lat' dir='ltr'>subdititii</span> 
     </span>
    </p>

    <p class='ocr_par' dir='ltr' id='par_1_30' title="bbox 2 4161 1654 4250">
     <span class='ocr_line' id='line_1_37' title="bbox 2 4161 1654 4250; baseline 0.003 -26"><span class='ocrx_word' id='word_1_457' title='bbox 2 4161 28 4224; x_wconf 75' lang='grc'>4·</span> <span class='ocrx_word' id='word_1_458' title='bbox 118 4168 292 4231; x_wconf 86' lang='lat' dir='ltr'>Priscillam</span> <span class='ocrx_word' id='word_1_459' title='bbox 316 4179 345 4227; x_wconf 90' lang='lat' dir='ltr'>et</span> <span class='ocrx_word' id='word_1_460' title='bbox 368 4166 527 4246; x_wconf 76' lang='lat' dir='ltr'>Aquilam,</span> <span class='ocrx_word' id='word_1_461' title='bbox 553 4166 704 4246; x_wconf 83' lang='lat' dir='ltr'>adjutores</span> <span class='ocrx_word' id='word_1_462' title='bbox 727 4187 805 4226; x_wconf 89' lang='lat' dir='ltr'>meos</span> <span class='ocrx_word' id='word_1_463' title='bbox 828 4171 861 4226; x_wconf 89' lang='lat' dir='ltr'>in</span> <span class='ocrx_word' id='word_1_464' title='bbox 913 4180 1014 4228; x_wconf 86' lang='lat' dir='ltr'>estote.</span> <span class='ocrx_word' id='word_1_465' title='bbox 1029 4168 1138 4239; x_wconf 90' lang='lat' dir='ltr'>Quanto</span> <span class='ocrx_word' id='word_1_466' title='bbox 1159 4165 1246 4244; x_wconf 74' lang='lat' dir='ltr'>magis</span> <span class='ocrx_word' id='word_1_467' title='bbox 1270 4166 1396 4245; x_wconf 78' lang='lat' dir='ltr'>religioso</span> <span class='ocrx_word' id='word_1_468' title='bbox 1419 4166 1552 4249; x_wconf 91' lang='lat' dir='ltr'>principi,</span> <span class='ocrx_word' id='word_1_469' title='bbox 1568 4184 1654 4250; x_wconf 84' lang='lat' dir='ltr'>etpro</span> 
     </span>
    </p>

    <p class='ocr_par' dir='ltr' id='par_1_31' title="bbox 119 4260 1655 4347">
     <span class='ocr_line' id='line_1_38' title="bbox 119 4260 1655 4347; baseline 0 -23"><span class='ocrx_word' id='word_1_470' title='bbox 119 4263 247 4335; x_wconf 75' lang='lat' dir='ltr'>cbristo,</span> <span class='ocrx_word' id='word_1_471' title='bbox 265 4268 316 4341; x_wconf 78' lang='lat' dir='ltr'>oui</span> <span class='ocrx_word' id='word_1_472' title='bbox 325 4282 380 4342; x_wconf 91' lang='lat' dir='ltr'>pro</span> <span class='ocrx_word' id='word_1_473' title='bbox 393 4264 497 4320; x_wconf 86' lang='lat' dir='ltr'>anima</span> <span class='ocrx_word' id='word_1_474' title='bbox 510 4279 576 4318; x_wconf 87' lang='lat' dir='ltr'>mea</span> <span class='ocrx_word' id='word_1_475' title='bbox 588 4279 659 4319; x_wconf 88' lang='lat' dir='ltr'>suas</span> <span class='ocrx_word' id='word_1_476' title='bbox 672 4265 798 4321; x_wconf 74' lang='lat' dir='ltr'>cervim</span> <span class='ocrx_word' id='word_1_477' title='bbox 808 4283 860 4342; x_wconf 90' lang='lat' dir='ltr'>po·</span> <span class='ocrx_word' id='word_1_478' title='bbox 913 4261 1035 4323; x_wconf 83' lang='lat' dir='ltr'>Ecclesia</span> <span class='ocrx_word' id='word_1_479' title='bbox 1048 4260 1237 4347; x_wconf 82' lang='lat' dir='ltr'>laboranti?Si</span> <span class='ocrx_word' id='word_1_480' title='bbox 1250 4282 1314 4340; x_wconf 78' lang='lat' dir='ltr'>ergo</span> <span class='ocrx_word' id='word_1_481' title='bbox 1325 4261 1477 4342; x_wconf 78' lang='lat' dir='ltr'>preparavi</span> <span class='ocrx_word' id='word_1_482' title='bbox 1490 4264 1598 4325; x_wconf 87' lang='lat' dir='ltr'>animos</span> <span class='ocrx_word' id='word_1_483' title='bbox 1610 4287 1655 4326; x_wconf 82' lang='lat' dir='ltr'>re·</span> 
     </span>
    </p>

    <p class='ocr_par' dir='ltr' id='par_1_32' title="bbox 117 4353 1655 4440">
     <span class='ocr_line' id='line_1_39' title="bbox 117 4353 1655 4440; baseline 0 -21"><span class='ocrx_word' id='word_1_484' title='bbox 117 4371 249 4419; x_wconf 84' lang='lat' dir='ltr'>suerunt.</span> <span class='ocrx_word' id='word_1_485' title='bbox 261 4357 338 4416; x_wconf 86' lang='lat' dir='ltr'>Sicut</span> <span class='ocrx_word' id='word_1_486' title='bbox 351 4355 424 4417; x_wconf 89' lang='lat' dir='ltr'>enim</span> <span class='ocrx_word' id='word_1_487' title='bbox 434 4353 582 4436; x_wconf 90' lang='lat' dir='ltr'>pulchrum</span> <span class='ocrx_word' id='word_1_488' title='bbox 602 4366 641 4413; x_wconf 81' lang='lat' dir='ltr'>est</span> <span class='ocrx_word' id='word_1_489' title='bbox 654 4368 789 4435; x_wconf 85' lang='lat' dir='ltr'>pastorem</span> <span class='ocrx_word' id='word_1_490' title='bbox 810 4377 860 4437; x_wconf 92' lang='lat' dir='ltr'>pro</span> <span class='ocrx_word' id='word_1_491' title='bbox 913 4370 983 4417; x_wconf 88' lang='lat' dir='ltr'>stros</span> <span class='ocrx_word' id='word_1_492' title='bbox 994 4357 1032 4417; x_wconf 90' lang='lat' dir='ltr'>ad</span> <span class='ocrx_word' id='word_1_493' title='bbox 1044 4355 1242 4437; x_wconf 88' lang='lat' dir='ltr'>suscipiendam</span> <span class='ocrx_word' id='word_1_494' title='bbox 1258 4356 1418 4435; x_wconf 76' lang='lat' dir='ltr'>legationem</span> <span class='ocrx_word' id='word_1_495' title='bbox 1431 4377 1531 4431; x_wconf 90' lang='lat' dir='ltr'>meam,</span> <span class='ocrx_word' id='word_1_496' title='bbox 1544 4360 1655 4440; x_wconf 88' lang='lat' dir='ltr'>recipito</span> 
     </span>
    </p>

    <p class='ocr_par' dir='ltr' id='par_1_33' title="bbox 116 4448 1654 4532">
     <span class='ocr_line' id='line_1_40' title="bbox 116 4448 1654 4532; baseline 0.001 -20"><span class='ocrx_word' id='word_1_497' title='bbox 116 4452 215 4514; x_wconf 84' lang='lat' dir='ltr'>ovibus</span> <span class='ocrx_word' id='word_1_498' title='bbox 238 4450 374 4511; x_wconf 87' lang='lat' dir='ltr'>immolari</span> <span class='ocrx_word' id='word_1_499' title='bbox 390 4473 397 4508; x_wconf 83' lang='lat' dir='ltr'>r</span> <span class='ocrx_word' id='word_1_500' title='bbox 414 4450 452 4509; x_wconf 82' lang='lat' dir='ltr'>ita</span> <span class='ocrx_word' id='word_1_501' title='bbox 471 4468 581 4509; x_wconf 85' lang='lat' dir='ltr'>rursum</span> <span class='ocrx_word' id='word_1_502' title='bbox 602 4448 750 4528; x_wconf 91' lang='lat' dir='ltr'>pulchrum</span> <span class='ocrx_word' id='word_1_503' title='bbox 768 4464 809 4510; x_wconf 89' lang='lat' dir='ltr'>est</span> <span class='ocrx_word' id='word_1_504' title='bbox 832 4465 860 4512; x_wconf 92' lang='lat' dir='ltr'>et</span> <span class='ocrx_word' id='word_1_505' title='bbox 911 4452 1024 4511; x_wconf 79' lang='lat' dir='ltr'>fratrem</span> <span class='ocrx_word' id='word_1_506' title='bbox 1044 4465 1164 4511; x_wconf 90' lang='lat' dir='ltr'>nostrum</span> <span class='ocrx_word' id='word_1_507' title='bbox 1184 4450 1361 4512; x_wconf 87' lang='lat' dir='ltr'>Severianum</span> <span class='ocrx_word' id='word_1_508' title='bbox 1383 4450 1549 4532; x_wconf 89' lang='lat' dir='ltr'>episcopum.</span> <span class='ocrx_word' id='word_1_509' title='bbox 1562 4453 1654 4514; x_wconf 84' lang='lat' dir='ltr'>Habeo</span> 
     </span>
    </p>

    <p class='ocr_par' dir='ltr' id='par_1_34' title="bbox 116 4543 1652 4628">
     <span class='ocr_line' id='line_1_41' title="bbox 116 4543 1652 4628; baseline 0.001 -20"><span class='ocrx_word' id='word_1_510' title='bbox 116 4565 208 4608; x_wconf 85' lang='lat' dir='ltr'>ovesa</span> <span class='ocrx_word' id='word_1_511' title='bbox 219 4557 325 4627; x_wconf 87' lang='lat' dir='ltr'>pastore</span> <span class='ocrx_word' id='word_1_512' title='bbox 334 4565 383 4605; x_wconf 92' lang='lat' dir='ltr'>nec</span> <span class='ocrx_word' id='word_1_513' title='bbox 393 4558 479 4605; x_wconf 89' lang='lat' dir='ltr'>morte</span> <span class='ocrx_word' id='word_1_514' title='bbox 488 4543 605 4625; x_wconf 77' lang='lat' dir='ltr'>sejungi.</span> <span class='ocrx_word' id='word_1_515' title='bbox 617 4544 686 4603; x_wconf 87' lang='lat' dir='ltr'>Cum</span> <span class='ocrx_word' id='word_1_516' title='bbox 700 4543 772 4604; x_wconf 91' lang='lat' dir='ltr'>enim</span> <span class='ocrx_word' id='word_1_517' title='bbox 783 4544 858 4606; x_wconf 90' lang='lat' dir='ltr'>inse-</span> <span class='ocrx_word' id='word_1_518' title='bbox 913 4547 1028 4626; x_wconf 78' lang='lat' dir='ltr'>gratiam</span> <span class='ocrx_word' id='word_1_519' title='bbox 1045 4545 1117 4624; x_wconf 90' lang='lat' dir='ltr'>quod</span> <span class='ocrx_word' id='word_1_520' title='bbox 1134 4566 1284 4606; x_wconf 91' lang='lat' dir='ltr'>sermonem</span> <span class='ocrx_word' id='word_1_521' title='bbox 1302 4566 1393 4605; x_wconf 90' lang='lat' dir='ltr'>meum</span> <span class='ocrx_word' id='word_1_522' title='bbox 1410 4545 1540 4606; x_wconf 88' lang='lat' dir='ltr'>laudibus</span> <span class='ocrx_word' id='word_1_523' title='bbox 1558 4570 1652 4628; x_wconf 90' lang='lat' dir='ltr'>prose-</span> 
     </span>
    </p>

    <p class='ocr_par' dir='ltr' id='par_1_35' title="bbox 116 4638 1653 4722">
     <span class='ocr_line' id='line_1_42' title="bbox 116 4638 1653 4722; baseline 0.003 -23"><span class='ocrx_word' id='word_1_524' title='bbox 116 4640 251 4720; x_wconf 83' lang='lat' dir='ltr'>parabiles</span> <span class='ocrx_word' id='word_1_525' title='bbox 260 4639 361 4701; x_wconf 81' lang='lat' dir='ltr'>luerint</span> <span class='ocrx_word' id='word_1_526' title='bbox 369 4642 405 4701; x_wconf 90' lang='lat' dir='ltr'>ab</span> <span class='ocrx_word' id='word_1_527' title='bbox 413 4661 455 4716; x_wconf 86' lang='lat' dir='ltr'>eo,</span> <span class='ocrx_word' id='word_1_528' title='bbox 464 4638 710 4722; x_wconf 86' lang='lat' dir='ltr'>lupumdiabolum</span> <span class='ocrx_word' id='word_1_529' title='bbox 719 4661 772 4700; x_wconf 93' lang='lat' dir='ltr'>non</span> <span class='ocrx_word' id='word_1_530' title='bbox 781 4641 859 4703; x_wconf 89' lang='lat' dir='ltr'>time·</span> <span class='ocrx_word' id='word_1_531' title='bbox 912 4642 989 4722; x_wconf 86' lang='lat' dir='ltr'>qunti</span> <span class='ocrx_word' id='word_1_532' title='bbox 998 4640 1275 4702; x_wconf 77' lang='lat' dir='ltr'>estislledistismihi</span> <span class='ocrx_word' id='word_1_533' title='bbox 1283 4641 1386 4701; x_wconf 81' lang='lat' dir='ltr'>linctus</span> <span class='ocrx_word' id='word_1_534' title='bbox 1394 4639 1653 4703; x_wconf 75' lang='lat' dir='ltr'>obedientiaemunc</span> 
     </span>
    </p>

    <p class='ocr_par' dir='ltr' id='par_1_36' title="bbox 114 4730 1653 4816">
     <span class='ocr_line' id='line_1_43' title="bbox 114 4730 1653 4816; baseline 0.005 -25"><span class='ocrx_word' id='word_1_535' title='bbox 114 4730 193 4792; x_wconf 87' lang='lat' dir='ltr'>bunt.</span> <span class='ocrx_word' id='word_1_536' title='bbox 204 4734 303 4792; x_wconf 84' lang='lat' dir='ltr'>Murus</span> <span class='ocrx_word' id='word_1_537' title='bbox 319 4731 391 4792; x_wconf 90' lang='lat' dir='ltr'>enim</span> <span class='ocrx_word' id='word_1_538' title='bbox 400 4733 520 4793; x_wconf 88' lang='lat' dir='ltr'>caritatis</span> <span class='ocrx_word' id='word_1_539' title='bbox 535 4731 641 4792; x_wconf 88' lang='lat' dir='ltr'>firmior</span> <span class='ocrx_word' id='word_1_540' title='bbox 655 4731 858 4811; x_wconf 81' lang='lat' dir='ltr'>cstadamante3</span> <span class='ocrx_word' id='word_1_541' title='bbox 911 4758 955 4797; x_wconf 91' lang='lat' dir='ltr'>me</span> <span class='ocrx_word' id='word_1_542' title='bbox 971 4757 1060 4798; x_wconf 89' lang='lat' dir='ltr'>semen</span> <span class='ocrx_word' id='word_1_543' title='bbox 1075 4736 1178 4795; x_wconf 91' lang='lat' dir='ltr'>bonum</span> <span class='ocrx_word' id='word_1_544' title='bbox 1189 4737 1310 4816; x_wconf 81' lang='lat' dir='ltr'>gratulor</span> <span class='ocrx_word' id='word_1_545' title='bbox 1323 4732 1476 4796; x_wconf 80' lang='lat' dir='ltr'>seminasse.</span> <span class='ocrx_word' id='word_1_546' title='bbox 1493 4737 1565 4797; x_wconf 91' lang='lat' dir='ltr'>Eoce</span> <span class='ocrx_word' id='word_1_547' title='bbox 1582 4738 1653 4798; x_wconf 91' lang='lat' dir='ltr'>enim</span> 
     </span>
    </p>

    <p class='ocr_par' dir='ltr' id='par_1_37' title="bbox 5 4826 1653 4911">
     <span class='ocr_line' id='line_1_44' title="bbox 5 4826 1653 4911; baseline 0.008 -30"><span class='ocrx_word' id='word_1_548' title='bbox 5 4857 36 4883; x_wconf 64' lang='lat' dir='ltr'>a.</span> <span class='ocrx_word' id='word_1_549' title='bbox 54 4840 89 4890; x_wconf 70' lang='grc' dir='ltr'>ιε.</span> <span class='ocrx_word' id='word_1_550' title='bbox 115 4827 158 4886; x_wconf 82' lang='lat' dir='ltr'>Et</span> <span class='ocrx_word' id='word_1_551' title='bbox 159 4826 264 4908; x_wconf 86' lang='lat' dir='ltr'>srater</span> <span class='ocrx_word' id='word_1_552' title='bbox 273 4848 339 4888; x_wconf 87' lang='lat' dir='ltr'>cum</span> <span class='ocrx_word' id='word_1_553' title='bbox 348 4829 510 4908; x_wconf 74' lang='lat' dir='ltr'>adiuvatur</span> <span class='ocrx_word' id='word_1_554' title='bbox 519 4849 538 4887; x_wconf 92' lang='lat' dir='ltr'>a</span> <span class='ocrx_word' id='word_1_555' title='bbox 539 4828 652 4910; x_wconf 80' lang='lat' dir='ltr'>fratre,</span> <span class='ocrx_word' id='word_1_556' title='bbox 666 4832 720 4888; x_wconf 84' lang='lat' dir='ltr'>erit</span> <span class='ocrx_word' id='word_1_557' title='bbox 730 4833 805 4890; x_wconf 90' lang='lat' dir='ltr'>sicut</span> <span class='ocrx_word' id='word_1_558' title='bbox 816 4835 859 4890; x_wconf 88' lang='lat' dir='ltr'>ci·</span> <span class='ocrx_word' id='word_1_559' title='bbox 912 4831 1002 4893; x_wconf 84' lang='lat' dir='ltr'>statim</span> <span class='ocrx_word' id='word_1_560' title='bbox 1025 4831 1154 4891; x_wconf 80' lang='lat' dir='ltr'>frumenti</span> <span class='ocrx_word' id='word_1_561' title='bbox 1177 4831 1329 4911; x_wconf 87' lang='lat' dir='ltr'>manipulos</span> <span class='ocrx_word' id='word_1_562' title='bbox 1353 4830 1490 4910; x_wconf 74' lang='lat' dir='ltr'>colligam.</span> <span class='ocrx_word' id='word_1_563' title='bbox 1511 4833 1653 4894; x_wconf 86' lang='lat' dir='ltr'>Retribuat</span> 
     </span>
    </p>

    <p class='ocr_par' dir='ltr' id='par_1_38' title="bbox 1 4918 1651 5004">
     <span class='ocr_line' id='line_1_45' title="bbox 1 4918 1651 5004; baseline 0.009 -32"><span class='ocrx_word' id='word_1_564' title='bbox 1 4933 3 4944; x_wconf 73' lang='grc'>’</span> <span class='ocrx_word' id='word_1_565' title='bbox 116 4920 193 4976; x_wconf 75' lang='lat' dir='ltr'>ritas</span> <span class='ocrx_word' id='word_1_566' title='bbox 202 4922 317 4978; x_wconf 88' lang='lat' dir='ltr'>munita</span> <span class='ocrx_word' id='word_1_567' title='bbox 326 4931 354 4977; x_wconf 90' lang='lat' dir='ltr'>et</span> <span class='ocrx_word' id='word_1_568' title='bbox 355 4920 461 4999; x_wconf 75' lang='lat' dir='ltr'>firma.</span> <span class='ocrx_word' id='word_1_569' title='bbox 480 4918 545 4977; x_wconf 75' lang='lat' dir='ltr'>Haec</span> <span class='ocrx_word' id='word_1_570' title='bbox 555 4932 645 4978; x_wconf 89' lang='lat' dir='ltr'>autem</span> <span class='ocrx_word' id='word_1_571' title='bbox 665 4919 812 5000; x_wconf 77' lang='lat' dir='ltr'>praemitto,</span> <span class='ocrx_word' id='word_1_572' title='bbox 828 4934 858 4980; x_wconf 92' lang='lat' dir='ltr'>ut</span> <span class='ocrx_word' id='word_1_573' title='bbox 913 4924 990 4986; x_wconf 85' lang='lat' dir='ltr'>vobis</span> <span class='ocrx_word' id='word_1_574' title='bbox 999 4925 1133 4984; x_wconf 88' lang='lat' dir='ltr'>Dominus</span> <span class='ocrx_word' id='word_1_575' title='bbox 1146 4923 1290 5004; x_wconf 73' lang='lat' dir='ltr'>praemium</span> <span class='ocrx_word' id='word_1_576' title='bbox 1301 4922 1651 5003; x_wconf 80' lang='lat' dir='ltr'>benignitatis,etobedien·</span> 
     </span>
    </p>

    <p class='ocr_par' dir='ltr' id='par_1_39' title="bbox 115 5010 1651 5101">
     <span class='ocr_line' id='line_1_46' title="bbox 115 5010 1651 5101; baseline 0.009 -34"><span class='ocrx_word' id='word_1_577' title='bbox 115 5027 177 5067; x_wconf 87' lang='lat' dir='ltr'>oum</span> <span class='ocrx_word' id='word_1_578' title='bbox 197 5012 272 5070; x_wconf 89' lang='lat' dir='ltr'>omui</span> <span class='ocrx_word' id='word_1_579' title='bbox 287 5012 395 5088; x_wconf 75' lang='lat' dir='ltr'>affoetu,</span> <span class='ocrx_word' id='word_1_580' title='bbox 409 5033 470 5091; x_wconf 84' lang='lat' dir='ltr'>quae</span> <span class='ocrx_word' id='word_1_581' title='bbox 483 5010 612 5088; x_wconf 86' lang='lat' dir='ltr'>dicimus,</span> <span class='ocrx_word' id='word_1_582' title='bbox 628 5012 759 5093; x_wconf 87' lang='lat' dir='ltr'>audiatis,</span> <span class='ocrx_word' id='word_1_583' title='bbox 773 5035 859 5096; x_wconf 89' lang='lat' dir='ltr'>oeque</span> <span class='ocrx_word' id='word_1_584' title='bbox 911 5019 956 5080; x_wconf 79' lang='lat' dir='ltr'>tiae</span> <span class='ocrx_word' id='word_1_585' title='bbox 973 5017 1133 5079; x_wconf 85' lang='lat' dir='ltr'>mercedem.</span> <span class='ocrx_word' id='word_1_586' title='bbox 1149 5019 1230 5078; x_wconf 87' lang='lat' dir='ltr'>Nunc</span> <span class='ocrx_word' id='word_1_587' title='bbox 1243 5017 1316 5076; x_wconf 92' lang='lat' dir='ltr'>enim</span> <span class='ocrx_word' id='word_1_588' title='bbox 1336 5038 1428 5077; x_wconf 84' lang='lat' dir='ltr'>veram</span> <span class='ocrx_word' id='word_1_589' title='bbox 1441 5018 1560 5079; x_wconf 88' lang='lat' dir='ltr'>bostiam</span> <span class='ocrx_word' id='word_1_590' title='bbox 1581 5022 1651 5101; x_wconf 86' lang='lat' dir='ltr'>pacis</span> 
     </span>
    </p>

    <p class='ocr_par' dir='ltr' id='par_1_40' title="bbox 112 5099 1652 5195">
     <span class='ocr_line' id='line_1_47' title="bbox 112 5099 1652 5195; baseline 0.003 -24"><span class='ocrx_word' id='word_1_591' title='bbox 112 5099 857 5189; x_wconf 64' lang='lat' dir='ltr'>fflquibvetlmmincipitlperlurberi.leoquimurrem,</span> <span class='ocrx_word' id='word_1_592' title='bbox 912 5115 1050 5176; x_wconf 87' lang='lat' dir='ltr'>obtulistis</span> <span class='ocrx_word' id='word_1_593' title='bbox 1061 5118 1129 5193; x_wconf 90' lang='lat' dir='ltr'>Deo,</span> <span class='ocrx_word' id='word_1_594' title='bbox 1135 5113 1200 5195; x_wconf 89' lang='lat' dir='ltr'>quia</span> <span class='ocrx_word' id='word_1_595' title='bbox 1218 5134 1297 5173; x_wconf 88' lang='lat' dir='ltr'>ncrno</span> <span class='ocrx_word' id='word_1_596' title='bbox 1309 5113 1433 5173; x_wconf 84' lang='lat' dir='ltr'>turbatus</span> <span class='ocrx_word' id='word_1_597' title='bbox 1446 5129 1485 5174; x_wconf 82' lang='lat' dir='ltr'>est</span> <span class='ocrx_word' id='word_1_598' title='bbox 1495 5113 1591 5176; x_wconf 88' lang='lat' dir='ltr'>audito</span> <span class='ocrx_word' id='word_1_599' title='bbox 1601 5116 1652 5175; x_wconf 87' lang='lat' dir='ltr'>hoc</span> 
     </span>
    </p>

    <p class='ocr_par' dir='ltr' id='par_1_41' title="bbox 112 5193 1650 5286">
     <span class='ocr_line' id='line_1_48' title="bbox 112 5193 1650 5286; baseline -0.001 -16"><span class='ocrx_word' id='word_1_600' title='bbox 112 5193 313 5274; x_wconf 64' lang='lat' dir='ltr'>‘lmmdlbnum</span> <span class='ocrx_word' id='word_1_601' title='bbox 320 5212 361 5258; x_wconf 64' lang='lat'>⁶³¹</span> <span class='ocrx_word' id='word_1_602' title='bbox 370 5198 398 5259; x_wconf 66' lang='lat'>5¹¹</span> <span class='ocrx_word' id='word_1_603' title='bbox 409 5199 642 5280; x_wconf 65' lang='lat' dir='ltr'>ecclelialoqui,et</span> <span class='ocrx_word' id='word_1_604' title='bbox 651 5204 856 5286; x_wconf 77' lang='lat' dir='ltr'>qtnmdignum</span> <span class='ocrx_word' id='word_1_605' title='bbox 909 5206 1028 5284; x_wconf 90' lang='lat' dir='ltr'>nomine,</span> <span class='ocrx_word' id='word_1_606' title='bbox 1039 5206 1158 5268; x_wconf 84' lang='lat' dir='ltr'>sedeam</span> <span class='ocrx_word' id='word_1_607' title='bbox 1172 5205 1283 5267; x_wconf 66' lang='lat' dir='ltr'>coritae</span> <span class='ocrx_word' id='word_1_608' title='bbox 1291 5204 1443 5286; x_wconf 75' lang='lat' dir='ltr'>suscipitis,</span> <span class='ocrx_word' id='word_1_609' title='bbox 1455 5205 1537 5266; x_wconf 89' lang='lat' dir='ltr'>simul</span> <span class='ocrx_word' id='word_1_610' title='bbox 1548 5222 1576 5268; x_wconf 93' lang='lat' dir='ltr'>ut</span> <span class='ocrx_word' id='word_1_611' title='bbox 1591 5229 1650 5268; x_wconf 83' lang='lat' dir='ltr'>ser·</span> 
     </span>
    </p>
   </div>
   <div class='ocr_carea' id='block_1_6' title="bbox 0 0 1891 5992">
    <p class='ocr_par' dir='ltr' id='par_1_42' title="bbox 0 0 1891 5992">
     <span class='ocr_line' id='line_1_49' title="bbox 0 0 1891 5992; baseline 0 0"><span class='ocrx_word' id='word_1_612' title='bbox 0 0 1891 5992; x_wconf 95' lang='lat' dir='ltr'> </span> 
     </span>
    </p>
   </div>
  </div>
 </body>
</html>
