3764 5992
103 418 171 507 372
415 436 444 483 s.
472 435 612 484 rosums
638 433 817 482 cnnrsosr.
849 432 1004 483 tuentur.
1033 433 1304 482 cousrsnrtuor.

142 565 172 620 θ.
193 561 242 620 vis
257 574 285 618 tu
306 559 472 638 intelligere,
488 572 587 637 quanto
601 580 644 617 res
663 558 699 617 sit
714 557 817 618 vidua?
836 562 853 608 θ
911 558 1005 619 Βούλει
1024 564 1117 638 μαθεῖν
1139 558 1200 618 ὅσον
1223 557 1281 617 ἐστὶ
1300 557 1390 639 χήρας
1412 559 1470 624 πῶς
1494 559 1527 615 lo

103 673 183 730 quum
198 650 232 710 sit
245 650 320 732 apud
339 653 424 709 Deum
446 649 547 708 honore
563 648 644 728 digna
669 663 695 709 et
714 670 816 723 amore,
869 653 908 730 τῷ
922 653 998 731 Θεῷ,
1015 650 1061 709 καὶ
1080 650 1224 731 ἐπέραστος
1234 650 1279 708 καλ
1297 649 1444 728 συνήγορος
1461 647 1527 727 μεγί

104 758 185 822 utque
196 763 365 822 summopere
376 762 424 800 suo
434 739 520 822 possit
531 740 604 821 apud
621 742 707 799 Deum
721 753 816 820 patro·
869 740 929 809 τοὺς
940 741 1197 815 καταδικασθέντας,
1216 738 1337 807 καὶτοὺς
1353 739 1528 818 ἀπεγνιισμίν

103 835 174 894 cinio
184 836 298 914 juvare,
310 847 335 891 et
353 854 415 890 cum
436 831 556 912 primum
573 832 747 912 apperuerit,
759 832 818 912 jam
868 830 928 900 τοὺς
944 832 1095 912 παρρησίαν
1109 833 1158 891 οιίκ
1177 832 1286 912 ἔροντας
1297 831 1360 904 ,καί
1383 829 1447 897 τοὺς
1461 834 1527 890 latre

103 925 258 1001 damnatos,
280 923 401 983 animum
420 921 628 1004 despondentes,
644 922 747 982 hiscere
765 943 818 981 non
871 924 961 1001 μένους
981 928 1019 1002 τῷ
1041 927 1103 1006 Θεῷ
1120 924 1166 983 καί
1181 923 1269 994 πάσης
1292 922 1486 1004 ἐστερημένους
1505 922 1527 979 ἀν

103 1018 242 1090 audentes,
258 1015 365 1075 odiosos
383 1017 456 1090 Deo,
478 1015 551 1073 omni
573 1014 753 1074 excusationis
771 1035 819 1095 spe
871 1027 981 1096 φανεῖσα
1000 1015 1140 1098 ἐξαρπάζει
1161 1015 1208 1076 καί
1222 1014 1418 1087 καταλλάττει,
1432 1013 1480 1073 καὶ
1500 1014 1527 1071 οὐ

104 1108 229 1190 spoliatos
241 1106 408 1176 liberarr·‚ac
420 1105 603 1183 reconciliare,
615 1126 699 1184 neque
711 1105 819 1164 reniam
870 1108 979 1188 γνώμην
991 1111 1078 1175 αὐτοῖς
1092 1108 1194 1186 κομίζει
1210 1107 1299 1186 μόνον,
1310 1106 1369 1168 οὐδὲ
1384 1103 1527 1184 εἰπαλλαγθΙ

104 1212 208 1258 tantum
229 1198 373 1277 impetrare
388 1211 414 1256 et
431 1196 565 1277 supplicio
582 1196 714 1270 eximere,
731 1197 777 1255 sed
792 1209 818 1255 et
872 1199 943 1278 ρίας,
959 1199 1028 1259 ἀλλὰ
1047 1200 1091 1259 καὶ
1110 1200 1212 1272 πολλὴν
1223 1199 1272 1271 τὴν
1286 1197 1440 1278 παρρησίαν
1453 1196 1527 1256 καὶτ

104 1289 218 1348 multam
242 1288 370 1347 fiduciam
392 1309 424 1346 ac
443 1286 613 1367 splendorem
629 1287 781 1365 acquirere,
792 1300 819 1346 et
871 1289 1007 1369 πράτητα,
1028 1291 1073 1348 καὶ
1096 1293 1149 1349 τῶν
1171 1292 1288 1361 ἡλιακῶν
1311 1288 1427 1350 ἀκτίνων
1448 1292 1527 1367 καθαρ

103 1382 167 1441 solis
178 1381 261 1440 radiis
280 1380 402 1461 puriores
415 1377 543 1450 reddere,
554 1378 617 1437 licet
630 1378 752 1437 omnium
764 1378 819 1437 sint
871 1379 1022 1462 ἐργάζεται,
1037 1381 1087 1440 κάν
1107 1381 1231 1441 ἁπάντων
1245 1370 1296 1441 drot
1314 1377 1527 1461 κατεῤῥυπωμέν

103 1472 257 1533 mortalium
272 1469 556 1530 sordidissimittudi
569 1472 655 1528 Deum
668 1470 757 1550 ipsum
770 1472 818 1532 Ju·
870 1474 915 1531 λον
937 1472 1095 1555 ἀνθρώπωνς
1113 1472 1240 1533 Ἄκουσον
1260 1475 1339 1532 αὐτοῦ
1366 1477 1413 1530 τοῦ
1432 1472 1527 1531 Θεοῦ]

2 1584 15 1628 ·,
46 1616 51 1625 .
103 1564 175 1623 daeos
196 1563 236 1622 sic
249 1562 445 1640 alloquentem:
459 1563 532 1621 Cum
549 1563 739 1621 extenderitis
755 1583 819 1620 ma·
835 1583 854 1630 c
870 1565 935 1644 πρὸς
950 1563 1106 1632 Ἰουδαίους·
1123 1563 1210 1625 Ὅταν
1230 1563 1277 1632 τὰς
1289 1571 1382 1643 χεῖρας
1405 1565 1479 1639 ὑμῶν
1493 1564 1527 1620 ἐκ·

104 1677 158 1714 nus
182 1667 313 1725 vestros,
329 1665 458 1712 avertam
473 1653 573 1711 oculos
590 1673 699 1712 measa
713 1655 817 1712 vobis.-
871 1657 1030 1739 ἀποστράφοι
1042 1654 1102 1723 τοδς
1117 1653 1266 1736 ὀφθαλμούς
1282 1676 1333 1732 μου
1353 1657 1398 1734 ἀφ’
1417 1658 1492 1730 ὑμῶν
1505 1677 1526 1697 ·=

103 1751 129 1806 si
150 1746 414 1824 multiplicaveritis
438 1748 620 1820 orationem,
639 1765 700 1802 non
724 1765 816 1804 exeu-
871 1747 965 1820 θάνητε
985 1749 1033 1820 τὴν
1054 1749 1157 1821 δέησιν,
1172 1750 1220 1808 οὐκ
1239 1746 1427 1824 εἷσακοθσομσι
1444 1748 1516 1822 ὑμῶν

103 1841 184 1898 diam
193 1859 266 1898 vos:
279 1858 383 1896 manus
395 1841 473 1896 enim
486 1851 593 1897 vestrm
604 1842 748 1918 sanguine
755 1839 818 1918 ple·
870 1848 957 1920 χεῖρες
967 1843 1041 1916 ὑμῶν
1057 1839 1168 1917 αἵματος
1179 1838 1297 1919 πλήρεις.
1308 1837 1378 1897 Ἀλλ’
1391 1839 1463 1914 ὅμως
1474 1836 1526 1894 rod·-

104 1952 149 1989 noe
160 1943 240 1990 sunt.
255 1932 378 1988 Attamen
391 1929 434 1988 his
447 1929 582 1988 sceleratis
595 1928 756 2007 homicidis,
768 1953 817 2010 pu·
873 1939 986 2013 μιαροῖς,
1001 1941 1054 1998 τοῖς
1068 1930 1249 2010 ἀνδροφόνοις,
1261 1937 1315 1996 τοῖς
1338 1927 1526 2007 ἀπερρησιάστι

102 2020 166 2080 dore
177 2021 286 2081 suffusis
294 2065 302 2092 ‚
311 2021 458 2100 ignominia
469 2020 567 2079 notatis
580 2042 608 2080 sc
617 2022 817 2082 reconciliatum
872 2021 1049 2100 ἡτιμωμίνοις
1062 2021 1253 2102 ἐπαγγελλεται
1272 2019 1514 2092 καταλλάττεσθαι,

103 2114 137 2172 iri
150 2113 307 2194 pollicetur,
315 2111 337 2171 si
352 2111 455 2171 allectis
471 2110 571 2192 injuria
580 2112 672 2173 viduis
683 2113 817 2173 auxilium
872 2112 978 2185 θήσειαν
999 2114 1183 2191 ἀδικουμέναις
1203 2111 1309 2193 χήραις.
1333 2110 1412 2170 Μετά
1426 2109 1478 2189 γάρ
1496 2110 1525 2168 rb

1 2215 5 2224 '
50 2248 56 2261 .
102 2205 198 2264 serant.
209 2205 356 2282 Postquam
369 2203 441 2262 enim
455 2202 542 2271 dixit,
558 2200 705 2264 Avertam
718 2206 818 2266 oculos
872 2202 1042 2285 Ἀποστρέψιυ
1057 2203 1117 2272 τοὺς
1130 2201 1281 2284 ὀφθαλμούς
1293 2202 1474 2281 μου,κα“ιοθκ
1489 2206 1526 2262 εἰσ

19 2304 22 2319 “
37 2311 42 2321 ·
103 2318 196 2369 meos,
208 2309 235 2354 et
245 2317 304 2354 non
314 2295 491 2366 exaudiam,
501 2293 589 2373 inquit
599 2317 605 2350 :
615 2295 755 2355 Iudicate
763 2317 819 2376 pu·
872 2319 932 2371 μαι,
945 2296 1030 2376 φησί·
1044 2295 1158 2376 Κρίνατε
1170 2299 1290 2375 ὀρφανῷ,
1301 2293 1348 2353 καί
1359 2292 1519 2353 δικαιώσατε

100 2389 186 2468 pitto,
192 2400 221 2447 et
225 2386 388 2470 justificate
398 2385 521 2445 videam
526 2430 537 2458 ,
551 2397 580 2444 et
591 2390 708 2460 venite,
719 2400 748 2447 et
759 2389 818 2448 dis·
871 2388 916 2447 καὶ
930 2390 1019 2460 δεῦτε,
1033 2388 1079 2448 καί
1093 2389 1291 2467 διαλεχθῶμεν·
1308 2384 1354 2445 καί
1377 2383 1423 2445 tls
1443 2373 1526 2444 ὦσινι

100 2494 250 2561 putemus,·
267 2491 295 2538 et
311 2481 338 2537 ιε’
352 2479 465 2556 suerint
482 2491 606 2556 peccata
624 2493 725 2538 vestra
747 2501 819 2559 qua-
871 2481 1001 2562 ἁμαρτίαι
1014 2485 1050 2550 ὡς
1061 2484 1210 2559 φοινικοῦν,
1222 2483 1258 2546 ῶς
1269 2477 1348 2559 χιόνα
1361 2480 1489 2537 λευκανῶ.
1504 2471 1525 2536 E

102 2577 129 2633 si
144 2574 342 2653 pboem'ceum,
354 2573 430 2629 sieut
445 2573 541 2628 nivem
562 2571 716 2631 dealbabo.
734 2571 818 2632 Vides
837 2595 856 2641 n
872 2594 921 2642 σην
934 2572 990 2653 ἔχει
1008 2572 1118 2651 δύναμιν
1132 2578 1149 2645 ἡ
1165 2571 1252 2652 χήρας
1263 2577 1314 2630 ποῶ
1327 2567 1376 2640 τὴν
1399 2575 1525 2650 προστασί

103 2677 231 2742 quantam
249 2661 346 2721 habeat
365 2660 449 2720 vidua
472 2661 648 2741 potestatem?
668 2661 715 2720 ubi
738 2683 818 2722 suum
872 2662 1003 2724 δείκνυται
1020 2664 1068 2738 τὴν
1085 2667 1195 2737 ίαοτῆς,
1207 2664 1238 2721 οὗ
1250 2660 1324 2744 παρὰ
1346 2661 1455 2741 ἄρχοντι
1474 2659 1520 2719 καί

103 2754 224 2815 ostendat
247 2753 394 2828 auxilium,
410 2773 462 2811 non
476 2751 550 2832 apud
575 2752 763 2832 magistratum
774 2755 819 2815 vel
871 2759 924 2814 τῶν
938 2756 982 2815 ἐπὶ
997 2759 1118 2834 τῆςγῆς,
1132 2754 1201 2812 ἀλλά
1225 2755 1289 2835 παρ’
1310 2755 1383 2832 αὐτῷ
1404 2756 1443 2833 τῷ
1459 2756 1511 2810 τῶν

104 2866 204 2925 regem,
212 2844 259 2924 qui
265 2843 438 2903 dominantur
449 2843 477 2901 in
488 2843 576 2916 terris,
585 2843 633 2903 scd
644 2844 718 2924 opud
729 2845 818 2927 ipsum
874 2849 990 2926 βασιλεῖς
1005 2847 1090 2920 πόσην
1110 2844 1219 2905 δύναται
1237 2847 1387 2904 καταλῦσαι
1399 2841 1495 2923 ἀργὴν,
1507 2867 1524 2903 κ

104 2936 232 2994 caelorum
247 2934 365 3014 Regem?
379 2947 506 3012 quantam
528 2934 612 3015 possit
628 2935 697 2995 iram
711 2936 815 3012 sedare,
873 2936 915 3008 ξαι
926 2939 1117 3011 τδνΔεαπότην
1131 2945 1185 3006 τοῖς
1199 2935 1292 2996 ἀνίατα
1305 2934 1484 3009 νενοσηκόσιν,
1497 2934 1525 3004 ἐξ·

104 3043 135 3081 ac
150 3022 297 3082 Dominum
315 3019 388 3095 illis,
402 3020 449 3098 qui
463 3019 607 3082 incurabili
622 3025 717 3085 morbo
727 3025 817 3088 infecti
871 3033 1001 3112 τιμωρίας
1018 3031 1162 3112 ἀφορήτου,
1178 3028 1266 3110 ψυχὴν
1281 3032 1410 3108 βαφιῖσαν
1430 3032 1468 3108 τῷ
1481 3030 1525 3086 τῶ·

104 3111 481 3196 sunt‚placure,intolerabili
492 3114 628 3195 supplicio
637 3116 752 3198 eripere,
761 3119 818 3178 ani·
871 3123 997 3201 πημάτων
1022 3127 1096 3203 ῥνπῷ
1112 3126 1160 3193 τῆς
1179 3123 1286 3192 κηλῖδος
1308 3122 1439 3179 ἔκπλῦναι
1461 3117 1525 3177 ἐκείι

105 3226 177 3264 mom
191 3204 316 3265 sordibus
327 3203 451 3263 obrutum
460 3219 629 3285 peccatorum
640 3207 676 3266 ab
685 3209 818 3289 ejusmodi
871 3215 937 3295 πρὸς
959 3214 1007 3289 τὴν
1039 3215 1121 3296 άκραν
1147 3213 1254 3292 ἀγαγεῖν
1279 3210 1461 3291 καθαρότητος
1489 3210 1525 3268 lli

104 3298 165 3359 labe
177 3308 398 3379 prrrgarc,atque
407 3296 443 3354 ad
456 3317 588 3356 summam
598 3299 743 3380 puritatem
756 3323 818 3383 per·
871 3311 1077 3389 καταφρονῶμεν
1106 3306 1191 3388 χήρας
1216 3305 1352 3384 γυναικὸς,
1378 3303 1449 3363 ἀλλὰ
1472 3313 1525 3363 πᾶα

103 3391 220 3450 ducere?
230 3390 271 3449 Ne
284 3387 368 3467 igitur
381 3386 519 3446 mulierem
535 3387 646 3449 viduam
662 3405 816 3453 contemna-
872 3400 954 3474 αὐτ-λι
987 3398 1139 3476 ἐπιμέλειαν
1172 3395 1352 3475 ἐπιδείξωμεν.
1387 3394 1524 3474 Προοτάπι

105 3504 179 3557 mus,
191 3481 237 3540 sed
251 3500 356 3540 omnem
375 3478 403 3537 in
423 3477 497 3538 illam
513 3480 723 3542 sollicitudinem
739 3484 818 3543 cxlii·
871 3493 942 3551 ἐστιν
957 3492 1067 3564 ptum<
1078 3488 1161 3570 χήρα.
1176 3485 1299 3556 Ἄξιονδὲ
1316 3485 1476 3554 ἐπιστάντος
1487 3487 1524 3545 ῖδε

104 3575 224 3636 beamus.
233 3574 346 3632 Patrona
358 3584 446 3630 nostru
457 3584 575 3652 τιμῷτο
587 3593 648 3632 rere
660 3572 819 3636 vitasset
872 3581 950 3650 ποίας
962 3586 1075 3643 ἐνταῦθα
1086 3580 1172 3662 χήρας
1182 3577 1256 3660 φησί.
1271 3577 1324 3640 Καὶ
1342 3576 1395 3660 γάρ
1417 3577 1463 3636 καλ
1483 3581 1524 3638 ἔτι

104 3690 191 3750 operae
206 3666 322 3748 pretium
335 3665 417 3725 fiterit
437 3679 466 3724 ut
484 3679 584 3726 attente
605 3668 818 3748 consideremus,
835 3683 855 3733 n
875 3696 919 3757 ραι
931 3673 1069 3755 λε’γονται,
1089 3678 1117 3734 αί
1135 3676 1170 3739 εἰς
1192 3669 1322 3730 εθτίλειαν
1343 3668 1460 3749 ἐσχάτην
1482 3694 1524 3729 κα

104 3759 139 3820 de
148 3781 201 3838 qua
212 3757 321 3817 tandem
332 3757 415 3817 vidua
427 3757 478 3817 hoc
492 3759 552 3818 looo
563 3760 646 3820 verba
661 3760 738 3822 fiant.
748 3765 820 3823 Nam
874 3791 936 3839 παι,
954 3765 1000 3826 καί
1015 3762 1243 3846 ἐγγεγραμμέναι,
1262 3760 1307 3821 καί
1331 3762 1362 3819 lx
1381 3764 1434 3818 τῶν
1459 3761 1524 3819 ἐκκλ

106 3865 132 3910 et
145 3849 199 3909 itlae
212 3848 300 3908 riduae
311 3848 589 3927 dicuntur‚quaecum
600 3852 626 3911 in
636 3873 770 3914 summam
781 3855 822 3915 in·
874 3863 927 3918 κῶν
950 3856 1107 3938 τρεφόμενοι
1128 3853 1284 3937 χρημάτων,
1309 3851 1430 3930 καθάπερ
1456 3841 1503 3910 οὗν

107 3939 220 4001 ciderint
233 3952 375 4018 egestatem
389 3953 415 3998 et
429 3940 456 4000 in
470 3942 640 4002 matriculam
654 3945 745 4006 relatae
758 3948 821 4009 fue-
875 3949 1038 4011 ἀποστόλων.
1052 3947 1175 4024 Ἐγένετο
1187 3944 1255 4027 γὰρ,
1275 3942 1358 4024 φησί,
1376 3941 1524 4022 γογγυσμὸς

106 4032 204 4091 rintex
215 4029 399 4089 ecclesiasticis
408 4031 531 4110 pecuniis
540 4032 659 4110 aluntur,
666 4052 822 4116 prouttem-
875 4047 927 4102 τῶν
941 4041 1141 4112 Ἑλληνιστῶν,
1154 4037 1194 4096 bn
1207 4040 1421 4116 παρεθεωροῦντο
1436 4037 1464 4093 ἐν
1480 4036 1515 4112 τῇ

2 4179 8 4189 ,
38 4177 43 4188 .
75 4175 81 4188 .
106 4121 219 4204 poribus
235 4119 417 4201 apostolorum
430 4120 520 4180 fiebat.
538 4126 664 4184 Factum
679 4142 723 4189 est
736 4130 822 4208 enim,
875 4135 1087 4214 τῇκαθημερινῇ
1102 4133 1129 4189 αἱ
1145 4133 1228 4210 χῆραι
1242 4130 1336 4186 αὐτῶν.
1355 4127 1418 4206 Οὐχ
1430 4115 1511 4185 αὗται

109 4216 211 4296 inquit,
224 4216 440 4273 murmurinter
452 4214 582 4288 Groecos,
591 4238 624 4275 eo
638 4221 718 4298 quod
727 4222 823 4302 despi-
875 4231 958 4309 χῆραι
970 4222 1106 4301 λέγονται,
1120 4219 1190 4280 ἀλλά
1203 4223 1341 4292 κάκεῖναι,
1356 4220 1384 4275 αἱ
1400 4216 1514 4294 μηδενὸς

108 4321 242 4370 cerentur
253 4310 285 4365 ἰιι
295 4308 456 4365 ministerio
473 4309 645 4387 quotidiano
661 4313 763 4372 viduor
776 4336 823 4374 eo·
877 4340 970 4396 μενοι,
985 4316 1043 4373 ἀλλ’
1058 4311 1181 4394 εὐπορίας
1195 4307 1389 4381 ἀπολαύουσαι,
1410 4306 1457 4367 καί
1477 4311 1523 4367 οίιι1

107 4401 282 4478 rum.Ncque
291 4418 355 4458 vero
365 4396 453 4456 solum
463 4397 521 4457 istae
529 4399 620 4459 viduae
631 4399 823 4481 dicuutnr‚sod
877 4411 1007 4481 ςπῶπαι,
1020 4405 1065 4465 τδν
1087 4402 1115 4464 bl
1136 4401 1410 4485 ἀνδραάποάαλοῦσαι
1428 4396 1518 4477 μόνον.

108 4506 133 4553 ct
144 4492 272 4570 ittaque
290 4488 364 4548 nulla
374 4488 464 4571 inopia
474 4491 633 4570 pressae,sed
647 4493 822 4558 facultatibus
876 4491 921 4561 σάν
935 4499 997 4583 περὶ
1007 4498 1083 4565 ποίας
1097 4495 1183 4576 χήρας
1194 4491 1305 4554 ἐνταῦθά
1317 4514 1382 4573 φησι
1392 4490 1496 4570 λέγων·
1510 4493 1523 4552 l

107 4585 283 4657 abundantes,
289 4603 350 4640 cum
357 4581 449 4640 domui
459 4582 576 4662 praesint,
583 4584 709 4645 maritum
717 4600 821 4649 tanturn
844 4648 854 4687 γ
876 4593 1026 4674 παλεγέσθω
1041 4589 1078 4671 μὴ
1093 4589 1207 4649 ἐλάττων
1222 4589 1287 4646 ίτῶν
1301 4583 1428 4656 ἐξήκοντα
1439 4606 1523 4662 γεγονι

107 4671 418 4735 amiseruntvideamus
427 4672 666 4752 ergo‚deqnanarn
678 4649 868 4750 ιίιίυειίιοοῦι3
878 4683 939 4767 περί
958 4688 1006 4755 τῆς
1028 4680 1152 4759 δεομένης
1173 4676 1292 4759 βοηθείας
1316 4675 1361 4734 καὶ
1380 4674 1475 4754 χρείαν
1496 4678 1523 4754 ἐγ

8 4801 58 4828 ππ
68 4787 100 4827 ιι-
109 4768 167 4827 loco
181 4766 264 4826 vcrlm
276 4764 368 4841 saciat,
379 4763 447 4823 dum
458 4765 506 4836 ait,
519 4768 614 4827 thtm
626 4768 755 4849 eligatur
763 4794 823 4832 non
878 4775 1104 4847 θιικλησιαστικῶν
1128 4770 1269 4850 τρέφεσθαι
1291 4766 1456 4847 γρημάτων,
1479 4763 1498 4837 ἢ

2 4864 52 4891 ‘⁰¹¹'
64 4864 101 4890 '¹⁸'
110 4864 205 4918 minor
218 4861 306 4917 annis
320 4860 474 4937 sexaginta
480 4878 535 4927 ,ιο
552 4856 587 4917 de
601 4881 630 4918 ea
646 4881 705 4938 quae
718 4862 824 4924 auxilio
878 4868 1012 4932 ἀνενδεοῦς
1035 4864 1080 4924 καὶ
1095 4866 1122 4922 ἐν
1143 4861 1252 4943 εὐπορίᾳ
1266 4859 1370 4931 <donst
1389 4859 1509 4929 Εὔδηλον

110 4948 238 5028 indigeat,
248 4961 273 5007 et
284 4969 365 5025 quum
375 4968 442 5027 opus
454 4947 489 5006 sit
501 4969 535 5007 ex
546 4950 732 5013 ecclesiasticis
741 4975 823 5035 pecu-
878 4956 986 5029 ταύτης.
999 4955 1069 5035 Περὶ
1083 4953 1131 5033 μὲν
1144 4954 1195 5031 γὰρ
1210 4950 1310 5023 ἐκείνης
1329 4948 1392 5008 ὅταν
1405 4948 1490 5028 λέγῃ,
1507 4972 1523 5006 τ

109 5041 162 5099 niis
174 5041 264 5113 ali‚an
277 5040 311 5098 de
324 5062 353 5099 ea
368 5061 428 5118 quae
442 5040 553 5099 minime
564 5042 655 5123 indiga
666 5043 751 5122 sit‚et
764 5049 823 5130 opi·
878 5048 1108 5131 διαφθειρομένης,
1131 5047 1161 5103 οὔ
1182 5043 1276 5124 χρόνον
1294 5040 1413 5115 τίθησιν,
1438 5044 1488 5101 aba
1513 5043 1523 5098 α’

109 5132 680 5213 buscircumlluat?llauddubiumquinde
688 5137 824 5201 tourtam
878 5146 986 5202 ἀπαιτεῖ
997 5139 1102 5220 τρόπων
1114 5161 1120 5174 ·
1132 5138 1191 5196 ἀλλ’
1207 5137 1313 5208 ἁπλῶς,
1327 5132 1362 5193 El
1371 5156 1414 5202 τις
1424 5132 1518 5198 πιοτδς

107 5223 142 5283 de
155 5223 201 5283 illu
216 5223 324 5301 quidem
340 5244 401 5282 cum
419 5224 618 5304 loquitur,quae
629 5228 821 5292 someronlici-
878 5232 956 5313 φησί,
969 5230 1053 5311 γήρας
1076 5229 1146 5308 ἔχει,
1169 5225 1317 5309 ἐπαρκείτω
1340 5227 1448 5295 αὐταῖς,
1470 5223 1516 5283 ml
