3810 6000
334 412 481 464 SELECTA
508 414 552 463 EX
579 413 676 463 nonis
701 414 836 464 flnuutct
863 410 986 462 savinii
1011 411 1053 459 BT
1071 408 1265 459 ettonnonts
1290 407 1411 459 nuum.

108 544 268 608 Augtutanus
280 557 350 590 nunt.
364 542 406 591 27.
420 536 513 598 Debita
525 549 564 590 est
578 537 716 590 Antiochia
727 548 787 604 post
796 553 851 590 mm

109 633 165 682 quta
176 615 289 681 pronime
300 612 424 664 collocata
438 615 560 667 ostilam
575 630 605 664 ex
619 612 774 664 Bibliotheca
786 612 851 663 Coll.

108 693 168 741 novi
179 691 328 742 oxoniensis
339 689 501 755 descriptam,
523 705 552 740 ex
575 688 640 743 Cod.
654 691 699 740 lls.
720 689 745 739 in
756 687 853 738 Biblio-

60 792 65 798 ·
109 765 184 816 theca
196 769 314 817 Bavarica
327 762 526 817 emendavimus.

143 843 173 889 A.
188 844 229 893 13.
241 852 267 895 τὸ
279 851 389 908 γενναίως.
401 843 465 906 Lege
473 847 510 894 nal
519 845 572 908 ntpl
583 848 623 892 τοῦ
631 847 743 903 γενναίως.

143 915 171 968 Ρ.
182 918 240 969 318.
252 918 279 966 B.
296 919 320 968 5.
333 923 355 984 ᾖ.
372 912 477 965 Videtur
492 910 632 978 abundare,
644 926 689 962 aut
704 908 854 962 mutandum

109 990 135 1038 in
148 993 201 1042 δέοι.
539 1027 548 1034 -

144 1064 171 1112 Ρ.
184 1066 241 1115 814.
257 1065 285 1113 A.
301 1065 339 1112 ll.
354 1070 391 1116 καὶ
403 1067 489 1121 ταύτην
504 1066 621 1129 ὑπομεῖναι
634 1071 675 1122 τὴν
687 1067 852 1130 ἀσχημοσύνην.

109 1137 224 1189 Ualesius
236 1139 303 1188 lirino
319 1137 403 1189 locum
416 1136 506 1204 procul
515 1137 584 1187 omni
604 1135 684 1187 dubio
706 1147 854 1201 corruptum

108 1211 147 1263 sie
158 1212 341 1264 restituendum
355 1226 441 1279 putat:
450 1219 569 1279 ὑπομεῖναι
576 1222 618 1272 τὴν
626 1217 792 1280 emporium,
800 1217 855 1279 βολ-

110 1294 188 1340 λονται
200 1301 301 1352 γαμῆσαι
313 1294 397 1350 πάλιν,
409 1294 500 1356 βέλτιον
520 1296 573 1358 πρλν
591 1294 628 1342 tsi
643 1294 711 1341 τοῦτο
728 1292 799 1340 tiens
816 1296 855 1340 τοῦ

110 1370 185 1427 γάμον
197 1370 295 1428 ἔχεσθαι,
306 1370 320 1422 ἡ
333 1372 374 1422 τὰς
384 1370 440 1431 πρὸς
451 1371 489 1416 τὸν
496 1371 593 1431 Χριστὸν
605 1373 766 1421 καταπατῆσαι
777 1369 854 1423 συνθο-

110 1452 166 1493 αας·
180 1443 209 1495 ὧς
222 1445 240 1489 el
251 1449 294 1501 μή.

145 1513 171 1561 Ρ.
186 1516 242 1563 318.
254 1515 285 1574 Ι),
300 1514 323 1562 5.
339 1525 406 1576 ζωήν,
421 1515 478 1564 Non
490 1510 601 1580 quadrat
612 1510 671 1562 lruic
683 1510 748 1564 loco.

284 1662 484 1714 HENRICI
504 1661 684 1717 SAVILII

227 1789 276 1837 Aa
286 1786 426 1838 Homiliam
438 1789 465 1835 in
474 1786 577 1836 Heliam
589 1798 615 1838 et
624 1787 737 1837 viduam.

144 1923 173 1974 P.
188 1923 243 1973 828.
256 1919 346 1971 Oratio
359 1918 412 1970 lraec
424 1918 497 1970 hona
508 1937 566 1970 cum
584 1921 671 1987 primis
683 1932 749 1970 notae
761 1918 855 1971 descri-

110 2007 156 2063 pta
168 2008 206 2047 est
222 2014 252 2045 ex
265 1998 310 2046 ills.
330 2005 353 2048 tv
369 2001 449 2064 Χαλκῇ
461 2008 518 2061 νήσῳ
530 2001 685 2060 Χαλκηδόνος,
696 2013 775 2062 nupue
787 1995 855 2047 aliud

112 2084 231 2138 praterea
245 2068 392 2137 suppetebat
408 2068 544 2135 exemplar,
556 2083 583 2120 ut
604 2074 696 2122 mirum
712 2089 763 2123 non
774 2071 856 2123 situli-

110 2166 161 2213 qua
173 2164 299 2212 superesse
308 2143 477 2212 emendanda,
488 2145 603 2213 quamvis
613 2164 704 2213 patrea,
720 2165 855 2217 eaquenon

111 2239 196 2286 magni
208 2224 339 2272 momenti.

146 2299 174 2351 P.
188 2299 246 2348 336.
261 2300 291 2347 D.
303 2299 327 2347 3.
345 2305 483 2366 μοααρίζῃς.
500 2295 587 2347 Melius
601 2299 748 2350 conveniret
759 2307 855 2355 talasi-

111 2384 161 2445 ςῃς.
177 2378 186 2396 ”
199 2371 372 2423 Vetisimilius
384 2371 482 2420 dicatur
496 2370 537 2421 liic
549 2369 688 2422 tollendam
700 2392 753 2424 esse
774 2393 855 2444 nega-

112 2448 203 2496 tionem
214 2458 248 2514 μὴ
259 2457 320 2496 ante
329 2455 473 2516 paxapigpe,
487 2445 669 2513 legendumque
680 2452 716 2500 isa
726 2460 857 2518 μαααρίζῃς

111 2532 204 2580 πενίαν,
225 2527 260 2572 1να
272 2530 306 2585 μὴ
319 2528 438 2589 θαυμάζῃς
448 2526 554 2574 πλοῦτον.
568 2519 631 2569 Nun
643 2521 709 2570 ent'm
728 2523 764 2573 ita
767 2523 856 2590 stacilo

112 2607 234 2668 τσλανίζῃς
242 2599 269 2648 in
281 2606 411 2667 μσαοιρὶςῃς
422 2600 515 2648 mutari
523 2601 612 2675 potitii.

213 2749 340 2803 NOTAE
364 2747 563 2802 HENIlICI
582 2748 759 2803 SAVILII

205 2875 239 2923 In
250 2874 390 2924 Homiliam
402 2873 434 2923 de
436 2873 582 2942 statutorum
593 2874 703 2938 deliciis,
715 2887 761 2926 etc.

146 3009 174 3057 P.
188 3009 245 3059 887.
259 3007 290 3057 D.
310 3007 442 3073 Descripta
453 3008 479 3058 in
489 3025 561 3057 usum
574 3019 689 3058 nostrum
709 3008 777 3060 Perae
788 3009 856 3060 Con·

112 3085 251 3147 annotinop.
265 3092 345 3142 Γνηοὲα
357 3082 446 3148 procul
455 3079 547 3146 dubio,
557 3080 603 3134 nisi
611 3085 632 3133 si
639 3086 806 3151 lragmentum
819 3098 857 3136 est

111 3167 214 3216 alterius
235 3167 367 3230 orationis,
389 3165 459 3232 quod
482 3168 576 3217 nescio.
590 3167 668 3218 *Non
686 3167 856 3236 fragmentum

112 3254 157 3303 est,
165 3242 214 3291 sed
223 3241 337 3291 omnibus
346 3243 400 3291 suis
408 3241 525 3309 partibus
538 3241 663 3304 absoluta,
674 3253 702 3292 ut
709 3255 734 3293 et
745 3261 779 3294 ex
792 3248 857 3295 serie

112 3330 136 3366 et
151 3335 182 3366 ex
199 3315 265 3368 Mas.
278 3318 359 3383 Regio
366 3328 389 3366 et
399 3315 546 3367 Colbertt'no
557 3320 678 3384 arguitur.

146 3391 173 3442 P.
192 3393 250 3442 333.
268 3393 297 3441 A.
317 3394 341 3440 7.
359 3389 428 3455 Quid
443 3393 464 3441 si
482 3409 528 3457 pro
539 3402 603 3462 παρά
621 3391 732 3458 legamus
749 3394 857 3448 nanos?

116 3464 232 3517 ’Omnes
254 3465 320 3515 Mas.
343 3475 408 3538 napa
432 3466 537 3532 habeta,
558 3485 617 3535 quie
633 3471 793 3535 praepositio,
811 3473 879 3521 etei.

114 3540 161 3588 lroc
174 3556 218 3588 usu
230 3543 312 3590 minus
322 3541 504 3609 frequentata,
521 3541 648 3611 quadrans
661 3559 735 3609 posse
746 3544 855 3595 videtur.

146 3616 175 3664 P.
188 3617 246 3669 ³42.
265 3616 288 3664 D
311 3618 351 3667 10.
370 3623 455 3676 καλὼς
474 3625 613 3680 ἀτενίζοντας
631 3624 687 3678 ἦσαν
706 3630 858 3688 πορευομένου

113 3697 191 3743 αὐτοῦ.
201 3689 421 3756 Autexpungenda
429 3690 556 3765 suntlraec,
563 3691 752 3759 auteupplenda
760 3711 858 3747 excon-

113 3777 182 3814 textu
195 3767 282 3815 citato.
300 3765 443 3819 ‘Sententia
455 3778 519 3816 certe
527 3769 631 3817 omnino
647 3784 738 3818 manca
749 3770 856 3821 videtur.

146 3843 176 3894 E.
192 3845 215 3892 l.
229 3843 316 3908 Forte,
330 3850 353 3896 ln
365 3849 406 3896 τοῦ
417 3849 486 3897 arisai
498 3857 641 3913 φυράματος.

283 3987 483 4043 HENRICI
499 3986 683 4042 SAthtt

139 4105 174 4155 In
187 4104 335 4173 Homiliam,
349 4108 420 4177 quod
433 4124 484 4158 non
494 4118 609 4176 oporteat
616 4105 839 4176 peceatasratmm

422 4192 548 4260 evulgare.

146 4322 174 4371 P.
184 4324 275 4375 3⁴14A.
286 4324 540 4375 Hancoratlouemex
548 4321 704 4375 Bibliotheca
715 4324 859 4393 Augustaua

115 4394 269 4462 descriptam
278 4396 377 4459 damus,
390 4416 464 4466 quam
480 4401 557 4450 etiam
569 4416 615 4465 pro
628 4417 684 4452 vera
697 4412 723 4451 et
740 4417 857 4467 germana

114 4471 228 4536 agnoscit
236 4475 323 4537 suprius
334 4472 428 4523 anobis
435 4473 579 4524 nominatus
588 4473 724 4542 Catalogua
734 4477 858 4532 Ᾰιιοιισιο-

113 4561 161 4594 nus
171 4562 278 4597 numero
290 4549 321 4597 48
333 4573 337 4600 :
347 4549 402 4614 jure
413 4549 514 4599 merito.
533 4546 622 4597 'Hane
631 4566 690 4599 vem
706 4547 859 4618 catalogum

113 4621 292 4687 Augrtstanum
299 4626 392 4691 soepius
408 4633 578 4681 memoratum,
587 4620 666 4672 habes
674 4640 751 4687 supra
758 4625 784 4673 in
793 4627 860 4673 notis

115 4696 151 4747 ad
162 4696 258 4746 calcem
268 4701 358 4763 positis
366 4697 449 4764 [larrjns
461 4696 509 4748 Ed.
518 4716 545 4763 p.
557 4699 729 4764 {037-l039]‚
753 4701 858 4748 Tomol.

150 4770 188 4837 [P.
202 4774 259 4822 848.
270 4774 299 4825 A.
309 4773 333 4822 3.
344 4774 408 4823 Ante
416 4781 439 4826 1ν
447 4784 546 4840 στόματι
557 4768 702 4823 addidimus
709 4777 762 4825 ἀλλ’
772 4771 857 4825 eC0d.

114 4853 164 4900 748
178 4848 234 4899 Par.
248 4847 323 4914 lleg.]

149 4923 177 4974 P.
191 4922 249 4973 850.
266 4923 294 4971 A.
314 4924 354 4972 12.
367 4926 403 4976 διὰ
416 4929 561 4991 σεμνοτέρας.
576 4922 628 4974 ὁδοῦ
641 4931 686 4971 aut
702 4919 752 4972 tale
765 4919 859 4989 aliquid

115 4997 199 5048 deesse
211 4994 320 5046 videtur.
333 5000 388 5050 ’διὰ
401 5005 538 5068 σεμνοτέροις
550 4993 711 5065 subintellige
719 4998 803 5059 πῦλης,
818 4996 863 5047 vel

115 5077 175 5128 aiat.
189 5071 240 5122 Est
250 5080 400 5132 ἀποσιώπησις
412 5071 590 5137 Chariostorno
600 5087 652 5121 non
664 5073 759 5140 ignota.

149 5148 188 5213 [t‘.
203 5145 262 5198 852.
273 5146 303 5196 C.
315 5148 340 5197 8.
353 5145 471 5200 Dedimus
483 5155 575 5202 κινοῦσιν
586 5163 599 5198 e
613 5145 677 5199 cot.
688 5147 748 5198 748.
763 5144 862 5199 lideba-

117 5222 192 5274 lratu'r
205 5221 323 5286 κινοῦσιν]

1559 409 1641 459 1011

1068 561 1269 618 HENRICI
1284 561 1466 619 SAVILII

1003 703 1037 753 In
1056 704 1204 767 Humiliam,
1217 706 1274 755 Non
1288 721 1339 755 esse
1352 704 1546 771 desperandum.

937 855 966 906 P.
977 854 1035 905 854.
1045 855 1077 908 D.
1087 851 1286 904 ExBibliothecn
1296 854 1472 911 ltlonasteriiS.
1481 858 1614 912 Trinitatis
1623 861 1649 912 in

906 928 986 981 insula
998 927 1088 978 Chalae
1099 944 1173 993 super
1184 929 1258 992 Bosp.
1269 927 1383 979 Thraciae
1395 931 1521 998 descripta
1536 954 1541 983 :
1556 938 1650 1002 ipsam.

905 1023 953 1072 que
962 1016 989 1054 ut
1000 1013 1089 1069 γνησίαν
1096 1003 1349 1071 agnoscitCatalogus
1357 1008 1513 1072 Augustanus
1525 1027 1597 1061 num.
1606 1017 1647 1063 44.

940 1082 967 1132 P.
982 1082 1085 1132 3331).
1102 1081 1141 1132 l0.
1156 1080 1222 1146 Lege
1237 1086 1265 1138 ὡς
1277 1090 1318 1141 τὴν
1327 1087 1408 1142 ἑαυτῆς
1419 1089 1488 1152 pileis
1506 1091 1650 1156 nspalim'a

906 1160 979 1222 pianr,
990 1163 1028 1207 καὶ
1039 1167 1116 1221 τιμᾷς,
1129 1158 1187 1206 οὕτω
1200 1162 1257 1218 τίμα
1269 1166 1319 1204 etc.
1327 1155 1450 1208 llalesius.
1461 1159 1556 1211 ’Hanc
1567 1160 1651 1212 lectio-

907 1248 962 1280 nem
973 1242 1093 1298 sequutus
1112 1232 1189 1279 estin
1211 1229 1307 1279 Latina
1329 1234 1533 1299 interpretatione
1551 1237 1651 1288 Planta

906 1308 1027 1359 Ducoeus.
1036 1309 1116 1359 Locus
1128 1318 1221 1366 tamen,
1230 1317 1305 1371 otest,
1314 1320 1371 1374 apte
1380 1322 1462 1376 potest
1471 1314 1508 1361 sic
1515 1315 1648 1380 explicari,

906 1391 936 1443 ὥς
948 1393 989 1442 τὴν
1001 1389 1081 1441 ἑαυτῆς
1097 1390 1155 1450 φίλει
1171 1391 1278 1452 sepelis,
1290 1387 1308 1436 ὧ
1320 1389 1398 1449 γύναι·
1412 1393 1448 1437 nni
1470 1395 1489 1439 sl
1500 1402 1577 1454 τιμᾷς,
1591 1395 1650 1442 οὕτω

907 1466 1015 1523 ripaeis
1032 1462 1119 1526 ἄνδρα.
1133 1457 1170 1508 Ut
1182 1457 1262 1523 ipsum
1277 1470 1353 1523 caput
1367 1469 1437 1509 tuum
1450 1462 1530 1512 virum
1547 1480 1603 1513 ama
1613 1478 1649 1528 ,o

908 1532 1005 1595 mulier,
1019 1545 1044 1582 ut
1055 1535 1075 1582 si
1089 1532 1151 1583 colis
1159 1546 1235 1599 caput
1245 1545 1325 1593 tuum,
1335 1537 1371 1584 sic
1379 1534 1447 1584 illum
1460 1536 1524 1587 cole.

940 1610 968 1659 P.
982 1610 1039 1662 361,
1052 1610 1081 1661 A.
1095 1610 1118 1661 l.
1137 1615 1211 1676 ὠχήν.
1225 1611 1274 1660 Pro
1286 1617 1352 1677 ιῦχήν
1362 1608 1458 1677 aliquid
1471 1610 1540 1663 aliud
1556 1613 1649 1665 substi-

906 1687 1038 1740 tuendum.

981 1840 1124 1895 NOTAE
1151 1840 1361 1895 unitate!
1381 1843 1569 1896 SAVILII

941 1985 992 2037 Ad
1003 1985 1145 2036 Homiliam
1161 1992 1187 2036 in
1206 1986 1281 2046 iliud,
1296 1989 1326 2038 ln
1339 1986 1428 2038 faciem
1441 1990 1516 2041 Petro
1529 1989 1616 2042 restiti.

941 2128 969 2177 P.
984 2129 1042 2178 882.
1053 2123 1272 2176 liancorationem
1280 2128 1489 2192 interpraecipuas
1498 2127 1652 2199 Chrysosto-

908 2204 943 2252 rni
955 2200 1028 2251 facilc
1041 2199 1232 2264 numerandam,
1244 2197 1277 2249 ab
1289 2203 1434 2265 Augustano
1443 2201 1566 2270 Catalogo
1580 2222 1649 2256 num.

909 2287 940 2337 85
953 2285 1081 2352 agnitam,
1094 2285 1119 2333 iu
1136 2280 1230 2333 Codice
1251 2283 1373 2333 Davarico
1389 2292 1502 2355 ἀκλραλον
1513 2284 1652 2352 deprehen-

908 2375 971 2422 sam,
984 2356 1138 2423 explevimus
1159 2368 1185 2408 et
1196 2368 1314 2408 accurate
1325 2358 1502 2426 castigat-imus
1522 2378 1552 2411 ex
1563 2363 1652 2415 Manu·

907 2435 1003 2499 scripto
1015 2431 1153 2485 doctissimi
1162 2435 1299 2484 Frontonis
1309 2435 1401 2484 Ducaei.
1416 2436 1526 2485 Accessit
1538 2449 1596 2502 post
1605 2455 1651 2489 cx·

908 2526 997 2560 cusum
1018 2507 1111 2558 librum
1134 2508 1282 2560 aSamuele
1309 2508 1397 2560 Slndio
1420 2527 1478 2561 meo
1496 2508 1651 2577 descriptum

908 2581 1137 2648 Constantinopoli,
1159 2600 1188 2632 ex
1207 2600 1258 2648 quo
1272 2582 1387 2649 quandam
1407 2587 1583 2650 excerpsimus,
1600 2603 1652 2638 non

908 2655 1122 2709 contemnendum
1135 2657 1318 2723 apographum,
1331 2656 1400 2723 quod
1412 2660 1438 2707 in
1451 2656 1489 2708 his
1502 2663 1568 2711 notis
1577 2661 1651 2713 litera

908 2735 937 2784 C·
952 2732 1116 2796 signavimus.
1132 2729 1326 2797 VideEpistolas
1335 2728 1491 2784 adversarias
1503 2735 1651 2805 Hieronymi

909 2818 931 2859 et
945 2804 1084 2873 Augustini,
1103 2807 1146 2872 qui
1159 2803 1191 2855 de
1203 2804 1251 2857 hoc
1264 2808 1330 2856 Petri
1342 2803 1411 2857 iacto
1422 2823 1453 2857 ex
1465 2807 1521 2871 linc,
1535 2822 1563 2860 ut
1578 2808 1651 2861 vide·

908 2893 959 2943 tur,
973 2882 1077 2931 loannis
1087 2883 1166 2931 nostri
1178 2882 1293 2931 oratione
1308 2883 1440 2932 materiam
1455 2882 1569 2952 litigandi
1580 2903 1652 2939 sum·

909 2968 1004 3009 serunt.

942 3031 1023 3081 Varia
1030 3027 1151 3080 lectiones
1161 3027 1262 3096 hujusce
1267 3027 1368 3081 Codicis
1377 3029 1652 3102 constantinopolitani

908 3111 945 3158 sic
955 3103 989 3155 ad
999 3102 1122 3156 Editionis
1133 3115 1225 3154 nostris
1238 3119 1354 3154 numeros
1366 3118 1496 3170 aptantur.

940 3182 969 3235 P.
981 3184 1039 3235 852.
1052 3182 1081 3230 A.
1094 3181 1118 3230 8.
1133 3183 1195 3244 ὑμῶν
1206 3177 1321 3230 deoat.A.
1333 3180 1372 3228 ll.
1387 3184 1416 3232 ὧν
1427 3185 1498 3248 iuste.
1509 3183 1538 3236 ll.
1553 3185 1577 3234 8.
1590 3208 1652 3252 ym-

908 3266 1158 3325 ptsmsipisdntipyr.
1176 3256 1205 3306 C.
1222 3257 1246 3305 9.
1267 3259 1355 3308 τούτου.
1375 3256 1404 3306 C.
1425 3264 1502 3311 sirei.
1523 3258 1593 3309 ibid.
1615 3271 1652 3316 sal

909 3339 1043 3402 nodrpunros
1058 3345 1140 3400 χειρῶν
1156 3337 1192 3381 καὶ
1210 3344 1255 3381 τῶν
1273 3339 1353 3382 ο1οἱκων
1371 3336 1496 3399 ταχύτερον
1515 3341 1651 3391 κατενθὺνεε.
1724 3333 1727 3337 ’

909 3409 941 3460 D.
954 3411 980 3457 4.
992 3415 1090 3472 ἔγνωμεν
1102 3409 1125 3455 ti
1136 3411 1213 3457 τοῦτο.
1226 3404 1256 3452 C.
1275 3409 1318 3469 tyn
1328 3407 1371 3469 piu
1383 3412 1418 3457 oiri
1432 3410 1521 3471 τούτου,
1532 3407 1651 3472 ponendo
1727 3452 1737 3470 ,

908 3492 967 3548 post
976 3489 1054 3550 πείρας
1065 3479 1108 3531 lin.
1122 3495 1174 3544 seq.
1188 3484 1318 3539 οιιήλαοοα.

941 3554 970 3605 P.
984 3557 1042 3607 868.
1060 3557 1088 3604 A.
1103 3555 1127 3603 3.
1143 3559 1230 3621 λιπαρὰ
1247 3561 1284 3606 asti
1295 3558 1375 3618 adsitas
1383 3557 1445 3620 ὑμῶν
1457 3562 1515 3609 lero
1527 3565 1541 3617 ἡ
1552 3568 1650 3631 ἄρουρα,

910 3635 968 3684 ὥστε
979 3634 1125 3698 ὑποδὲχισθαι
1140 3635 1178 3682 κα1
1189 3634 1389 3692 attentantem.
1409 3629 1426 3679 l.
1440 3634 1464 3690 3.
1479 3640 1530 3701 ntpl
1542 3649 1587 3687 τῶν
1598 3658 1650 3703 fax.

909 3703 927 3756 l.
939 3709 980 3756 l2.
989 3710 1148 3775 iynyepplsne.
1155 3706 1183 3757 B.
1193 3705 1233 3753 l2.
1244 3709 1395 3773 καλπρόθολοι
1405 3703 1476 3754 deest
1483 3704 1507 3755 ln
1516 3708 1545 3757 C.
1555 3709 1611 3758 Mox
1620 3709 1650 3760 C.

909 3783 935 3832 4.
945 3786 1105 3845 π1ι1οινὴμῶν.
1112 3780 1145 3828 D.
1157 3779 1181 3829 8.
1193 3786 1270 3831 τοῦτο.
1279 3787 1301 3831 τ1
1311 3782 1334 3829 δὲ
1341 3781 1400 3833 εἶπεν
1410 3777 1536 3849 ἔμπροσθεν
1548 3792 1651 3848 τάντιιν;

943 3854 971 3903 Ρ.
986 3855 1044 3905 stt.
1058 3855 1086 3902 A.
1107 3855 1132 3902 4.
1150 3864 1183 3919 τῷ
1200 3857 1258 3919 λόγῳ
1273 3856 1415 3906 statuemus
1432 3862 1471 3908 τλν
1489 3862 1592 3922 θεμέλιον
1611 3866 1653 3912 τοῦ

911 3936 956 3993 νοῦ,
970 3934 1013 3981 ἵνα.
1026 3925 1043 3977 l.
1053 3928 1077 3977 6.
1091 3933 1142 3992 ἅμα
1155 3943 1202 3992 pro
1215 3932 1284 3980 ἀλλὰ.
1299 3924 1316 3977 l.
1331 3929 1503 3991 1Ι.1πι8ολαίς.
1516 3933 1544 3982 B·
1557 3936 1581 3986 6.
1595 3942 1654 3995 τίνος

910 4006 948 4057 οὖν
959 4009 1031 4056 trenes
1042 4010 1103 4055 κατὰ
1111 4012 1240 4073 πρόσωπον,
1251 4000 1304 4051 haec
1316 4000 1408 4054 desunt
1418 4004 1443 4054 in
1454 4005 1484 4058 C.

942 4082 969 4131 P.
979 4082 1036 4131 885.
1048 4080 1078 4132 Ε.
1089 4080 1114 4130 8.
1126 4085 1199 4133 αὐτῶν
1213 4086 1247 4133 ἔτι
1256 4076 1404 4134 nail.bid.l.
1412 4084 1436 4130 3.
1444 4080 1506 4143 haec,
1516 4090 1653 4152 ὡμολόγησε

910 4165 972 4224 μετὰ
983 4162 1120 4227 παρρησ1ας,
1130 4153 1229 4206 desunt.

944 4234 972 4283 P.
986 4234 1044 4283 369.
1056 4233 1085 4279 A.
1099 4234 1122 4280 5.
1136 4239 1274 4295 ἐπικειμένης
1289 4237 1327 4282 ιια1
1337 4228 1417 4281 deest.

945 4309 973 4358 Ρ.
983 4308 1041 4359 373.
1050 4308 1080 4358 E·
1090 4308 1115 4356 3.
1128 4310 1231 4360 revelare
1241 4304 1313 4356 deest
1321 4306 1347 4356 in
1358 4308 1388 4358 C.

945 4383 995 4433 '‘l'n
1008 4383 1112 4451 reliquis
1123 4380 1211 4431 Codex
1223 4381 1268 4431 ille
1287 4380 1581 4452 Constantinopolitanae
1597 4402 1654 4437 eum

912 4457 991 4508 Edita
1002 4468 1086 4507 nostro
1096 4456 1227 4506 consentit.

944 4533 973 4582 P.
988 4534 1086 4584 stan.
1097 4534 1121 4582 7.
1132 4532 1198 4597 Lege
1205 4540 1252 4597 ἄρα
1260 4533 1313 4583 sine
1322 4532 1527 4600 interrogatione.
1539 4531 1596 4587 'Sic
1605 4533 1654 4582 nti-

913 4624 962 4675 que
975 4605 1148 4674 corrigendum
1159 4607 1284 4656 existimo.

1000 4738 1136 4794 NOTAE
1158 4739 1365 4797 HEFRICI
1384 4737 1570 4794 SAVtttt

1078 4856 1278 4921 Annonariam
1291 4872 1318 4921 in
1329 4869 1490 4938 Eutropium.

947 4989 975 5039 P.
985 4989 1043 5040 881.
1061 4988 1228 5040 Meminerant
1240 4987 1314 5054 hujus
1325 4985 1448 5039 orationis
1463 4989 1653 5049 Socratesllist.

914 5062 1095 5116 Ecclesiastico
1116 5063 1161 5116 lib.
1174 5066 1198 5129 7,
1221 5081 1277 5129 cap.
1285 5065 1309 5128 6,
1329 5062 1374 5114 iol.
1389 5065 1447 5129 255,
1461 5066 1490 5127 B,
1510 5065 1579 5123 Edit.
1588 5068 1654 5122 llob.

913 5138 1045 5206 Stephani,
1058 5151 1083 5190 et
1094 5140 1249 5191 sozomenus
1261 5136 1305 5190 lib.
1318 5142 1342 5189 s.
1354 5158 1377 5190 c.
1389 5142 1414 5204 7,
1423 5139 1466 5191 fol.
1476 5143 1535 5209 tos,
1546 5147 1576 5210 A,
1594 5163 1657 5212 quos

916 5212 981 5282 pide,
993 5217 1051 5282 qaria
1063 5213 1121 5268 huic
1136 5215 1246 5267 sermoni
1258 5212 1366 5265 multum
1378 5212 1441 5266 lucis
1452 5214 1578 5271 adierunt.
1596 5219 1661 5272 Vide
