3810 6000
434 465 479 512 na
505 464 619 511 nncuu
645 459 789 509 urtnruu
814 454 962 503 alienun.
991 452 1156 503 enarrans
1182 451 1338 501 uolnera.
1608 429 1648 497 τί

111 592 187 664 κότος,
201 591 248 650 καί
262 590 350 670 λέγων
375 589 461 649 οὕτω·
478 591 619 670 Παράδοτε
640 587 685 647 τδν
707 590 822 644 τοιοῦτον
838 581 877 658 τῷ
934 589 1053 669 accipere
1070 589 1292 666 consolationem,
1310 589 1374 668 quia
1394 588 1420 647 in
1435 589 1488 648 vita
1510 610 1557 647 sua
1579 587 1650 646 mala

111 693 200 763 ποτανᾷ
215 687 252 751 τίς
265 683 377 762 ὄλεθρον
389 686 437 754 τῆς
449 681 559 763 σαρκὸς,
572 679 615 739 ίνα
628 680 659 740 τό
672 682 777 754 πνεῦμα
791 676 875 752 σωθῇ
895 685 914 734 Ε
933 694 1080 761 acceperat.
1099 681 1226 741 Declarat
1241 695 1267 740 et
1282 680 1383 740 Paulus
1395 681 1430 740 ad
1450 679 1604 740 Corinthios
1616 678 1651 738 de

110 774 156 834 Καί
174 773 277 855 ἐτέρους
296 775 326 834 δὲ
340 774 534 852 upupa-enaim<
545 770 780 851 παραμυθούμενος
795 765 878 834 οὕτως
933 773 1091 832 fornicatore
1111 770 1247 832 scribens:
1270 775 1390 833 Tradite
1412 775 1489 832 tunc
1504 774 1651 831 hominem
1664 785 1799 833 uvares.

108 865 187 943 ἔλεγε·
200 865 256 926 Διὰ
274 868 474 943 τοῦτοένθμῑν
488 863 581 924 πολλοὶ
599 867 714 928 ἀσθενεῖς
731 859 777 920 καί
791 859 878 939 dilw-
933 878 1047 926 satane
1061 868 1092 922 in
1105 869 1227 924 exitium
1251 869 1359 940 earnis,
1373 878 1405 925 ut
1422 868 1542 944 spiritus
1555 885 1651 922 serve-
1719 876 1722 880 ’
1764 882 1769 887 ·

108 980 171 1030 στω,
191 958 239 1016 καί
256 963 408 1035 κοιμῶνται
428 955 523 1016 ἱκανοί.
544 957 579 1014 Εἰ
591 952 642 1033 γδιρ
659 952 765 1024 ίαοτοθς
779 948 879 1030 ἐκρίνο·
934 969 991 1015 tur.
1004 955 1040 1013 Et
1050 954 1118 1014 alios
1130 955 1177 1034 qui
1187 970 1364 1036 peccaverant
1373 956 1522 1030 consolans,
1532 954 1567 1014 ad
1576 955 1653 1014 hunc

109 1072 160 1125 μιν,
173 1051 221 1108 οιίκ
241 1048 275 1107 ἂν
289 1049 466 1128 ἐκρινόμεθα·
487 1045 635 1126 κρινόμενοι
647 1045 676 1104 δὲ
697 1045 749 1104 ὑπὸ
764 1040 879 1122 Κυρίου,
935 1045 1045 1106 modum
1059 1047 1141 1106 verba
1157 1047 1239 1105 sarrit:
1255 1048 1326 1105 Ideo
1345 1052 1378 1106 iu
1396 1050 1482 1107 uobis
1502 1049 1589 1106 multi
1603 1051 1651 1105 in·
1665 1063 1686 1092 ¹·
1703 1053 1754 1092 cor.
1766 1055 1803 1088 ¹¹·

110 1141 298 1218 παιδευόμεθα,
313 1140 359 1200 ἵνα
373 1140 411 1218 μὴ
434 1140 480 1200 σὺν
493 1143 532 1220 τῷ
552 1136 645 1219 πόσμαρ
664 1139 877 1216 κατακριθῶμεν.
927 1139 1015 1220 firmi
1029 1151 1058 1197 et
1073 1143 1183 1218 oegrott',
1206 1152 1235 1198 et
1246 1140 1395 1198 dormiunt
1414 1142 1500 1198 multi
1514 1165 1520 1198 ι
1534 1145 1561 1199 si
1574 1109 1754 1199 enitit³¹'³²'
1814 1128 1816 1133 ,

111 1234 141 1291 El
151 1235 178 1290 δὲ
188 1234 358 1312 πειρασμὸς,
373 1231 419 1293 καί
432 1231 521 1306 νόσος,
538 1230 583 1290 καί
600 1229 741 1302 ἀσθένεια,
755 1227 802 1288 καί
815 1249 881 1306 σαρ-
937 1252 988 1290 nos
1007 1235 1083 1310 ipsos
1091 1232 1303 1310 judicaremus,
1324 1252 1384 1290 nou
1394 1236 1496 1312 utique
1505 1233 1653 1312 judicare*

111 1325 149 1391 κός
160 1326 285 1406 ὄλεθρος,
309 1321 544 1407 δπερέἀόωλήτως
556 1323 732 1402 ὑπομένομεν,
745 1325 793 1381 οὐκ
807 1320 881 1381 αὐτοὶ
937 1343 1011 1381 mur.
1024 1324 1097 1382 Cum
1105 1325 1408 1403 autemjudicamura
1421 1327 1656 1396 Domino,custi·

111 1417 363 1488 κατοσπωάζοντις,
384 1416 516 1495 λογίζεται
538 1419 602 1492 ἡμῖν
617 1416 655 1481 είς
671 1413 804 1492 ἁμαρτίας
823 1411 881 1471 διοί-
935 1435 1050 1494 gnmur,
1072 1427 1103 1473 ut
1120 1435 1179 1472 nou
1191 1435 1256 1472 cum
1276 1415 1331 1473 hoc
1343 1416 1451 1473 mundo
1468 1417 1653 1474 damnemur.

112 1511 188 1580 λυτιν,
208 1511 306 1588 πολλῷ
332 1510 433 1584 μᾶλλον
455 1505 663 1586 κατορθώματα,
687 1504 756 1585 ἅπερ
781 1503 883 1570 ίκόντες
899 1555 922 1594 ,0
937 1505 966 1564 si
978 1519 1067 1565 autem
1083 1507 1249 1581 tentationes,
1261 1506 1361 1583 morbi,
1377 1506 1553 1582 infirmitates,
1565 1521 1591 1566 et
1601 1528 1658 1565 ear·

113 1598 152 1656 ml
168 1599 362 1669 απωδιίζοντες
384 1599 574 1679 μετερχόμεθα.
599 1597 669 1658 Ἀλλ’
692 1588 765 1665 οὗτος
785 1594 882 1677 ἔρημος
900 1609 920 1656 A
938 1598 979 1657 nis
991 1597 1116 1669 exitium,
1133 1620 1193 1677 quae
1204 1620 1253 1658 nec
1266 1598 1373 1672 studio,
1388 1620 1435 1661 nec
1460 1599 1599 1660 voluntate
1609 1621 1657 1681 pa-

115 1691 156 1766 μὲν
169 1693 272 1768 ἀγαθοῦ
281 1692 381 1758 παντὸς
393 1683 436 1766 ῆν,
447 1691 551 1773 φορτίον
567 1691 595 1750 δὲ
604 1689 806 1771 ἁμαρτημάτων
821 1687 884 1768 dipti-
938 1691 1031 1764 timur,
1049 1691 1219 1771 imputantur
1240 1690 1316 1750 nobis
1331 1692 1367 1750 ad
1388 1705 1557 1772 peecatorum
1573 1692 1659 1752 aboli-

116 1806 185 1860 ρητον
198 1773 270 1863 εἶχε·
289 1782 335 1842 διδ
348 1785 428 1842 τοῦτό
450 1807 528 1862 φησι,
544 1782 590 1855 Μὴ
604 1781 709 1862 ἔχοντος
723 1787 800 1842 αὐτοῦ
815 1785 884 1840 ἀπο·
939 1783 1050 1852 tionem,
1065 1782 1152 1840 multo
1170 1783 1257 1860 magis
1273 1783 1433 1857 rectefacta,
1449 1804 1509 1861 ηοω
1522 1783 1660 1842 voluntate

117 1877 214 1946 δοῦναι,
226 1876 367 1936 ἐκέλευσεν
378 1878 455 1937 αὐτὸν
467 1881 614 1956 πραθῆναι·
626 1875 684 1936 ὅθεν
700 1875 818 1954 μάλιστά
828 1878 884 1934 ἔστι
940 1888 966 1933 et
979 1874 1069 1959 studio
1085 1874 1279 1954 persequimur.
1291 1874 1362 1934 Huic
1379 1888 1470 1933 autem
1480 1874 1601 1933 omnium
1613 1874 1663 1933 bo·

117 1972 154 2024 τοῦ
170 1966 303 2028 δεσπόταν
315 1967 366 2039 τὴν
380 1967 579 2050 φιλανθρωπίαν
594 1972 768 2045 καταμαθεῖν,
784 1965 825 2024 ὅτι
839 1964 885 2024 καί
940 1988 1036 2026 norum
1049 1965 1139 2047 inopia
1157 1980 1223 2038 erat,
1241 1987 1310 2025 onus
1320 1981 1410 2026 contra
1422 1980 1592 2046 peccatorum
1604 1987 1662 2025 ma·

118 2059 317 2137 τδλογοθέοιον
346 2061 473 2134 ἐποίησε,
498 2061 544 2119 καί
572 2064 706 2139 πραθῆναι
729 2058 882 2118 ἐκέλευσεν·
942 2059 1059 2129 ximum,
1082 2071 1109 2116 et
1123 2058 1227 2117 sarcina
1254 2058 1445 2139 importabilis.
1461 2058 1566 2116 Idcirco
1582 2057 1660 2129 dicit,

120 2152 248 2233 ἀμφότερα
274 2151 328 2231 γδρ
352 2157 437 2210 ταῦτα
465 2152 621 2231 εἰργάσατο,
647 2151 716 2210 ὥστε
743 2151 820 2210 αὐτόν
847 2149 884 2226 μὴ
942 2153 1011 2211 Non
1022 2152 1147 2209 lubente
1161 2151 1214 2208 illo
1234 2152 1313 2208 unde
1329 2151 1472 2222 redderet,
1493 2142 1584 2230 jussit
1597 2139 1761 2208 eumlletde.
1778 2155 1813 2204 ιθ

119 2248 252 2322 πραθῆναι.
276 2244 364 2303 Πόθεν
391 2249 470 2304 τοῦτο
493 2245 585 2317 δῆλον,
598 2243 663 2302 Ἀπὸ
681 2249 728 2302 τοῦ
740 2243 829 2309 πίλους
842 2266 848 2280 ·
863 2243 886 2301 εί
943 2243 1131 2302 venumdari.
1154 2241 1200 2300 Ex
1213 2241 1265 2300 hoc
1282 2241 1451 2321 potissimum
1470 2241 1531 2300 licet
1554 2240 1664 2301 Dondni
1675 2221 1714 2268 ²⁵·

121 2334 163 2413 ll?
175 2338 312 2415 πραθῆθαῑ
327 2337 405 2397 αὖῐθθ
420 2335 551 2412 ἷθθίδοτθ,
564 2334 604 2403 τίς
617 2340 632 2394 θ
644 2335 753 2395 κωδίων
776 2326 826 2409 ile,
848 2332 887 2400 τίς
943 2338 1140 2399 humanitatem
1151 2338 1313 2420 perdiscere,
1328 2338 1400 2418 quod
1412 2353 1438 2398 et
1447 2339 1576 2397 rationem
1589 2338 1665 2397 insti·

121 2428 304 2501 θίθονδῑῖοθῖ
944 2433 1008 2511 tuit,
1021 2447 1048 2492 et
1059 2431 1222 2494 venumdari
1230 2433 1314 2513 jussit
1326 2455 1333 2488 t
1346 2431 1429 2492 ambo
1444 2430 1517 2490 enim
1533 2432 1585 2492 ista
1597 2431 1666 2489 faeta

945 2539 1010 2586 sunt
1025 2524 1053 2583 in
1071 2545 1132 2582 eum
1150 2523 1248 2597 finem,
1267 2536 1297 2580 ut
1325 2543 1381 2582 non
1401 2521 1570 2581 venderetur.
1587 2521 1667 2581 Unde

945 2616 976 2679 id
990 2615 1098 2695 liquet?
1120 2617 1140 2673 Α
1159 2636 1247 2675 rerum
1269 2614 1346 2673 exitu
1364 2637 1371 2670 .·
1392 2613 1497 2673 sienim
1512 2615 1666 2693 voluisset,

948 2709 1009 2787 quis
1021 2708 1139 2783 obicem,
1153 2710 1215 2785 quis
1228 2705 1453 2787 impedimentum
1471 2706 1630 2766 attulisset?

155 2798 235 2867 Τίνος
259 2790 306 2861 οὖν
333 2800 421 2860 ἕνεκεν
446 2800 579 2875 ἐκέλευσε,
596 2800 632 2879 μὴ
661 2801 763 2880 μίλλων
788 2808 890 2870 nescim
987 2803 1016 2861 6.
1038 2799 1177 2878 Quorsum
1192 2797 1276 2879 igitur
1302 2797 1489 2859 venditionem
1510 2798 1666 2879 imperavit,

125 2890 173 2949 Ἱνα
199 2889 304 2972 αὐξήσῃ
331 2891 377 2951 τὸν
403 2892 501 2973 μόθον·
521 2894 565 2953 τδν
589 2892 711 2974 δδρόὸον
731 2891 829 2964 ηὔξησε
848 2888 892 2950 διὰ
946 2915 1009 2954 eum
1024 2892 1093 2952 nihil
1106 2891 1160 2950 tale
1170 2891 1256 2949 lacere
1265 2890 1476 2950 statuissettUt
1487 2904 1596 2971 augeret
1606 2912 1665 2951 me·

123 2985 164 3051 τῆς
191 2986 323 3057 ἀπειλῆς,
354 2983 398 3043 ίνα
432 2984 509 3044 αὐτόν
544 2989 580 3051 είς
607 2985 742 3067 ἱκετηρίαν
769 2983 890 3063 tesana·
910 2983 1609 3063 13tumemetumveroauxitperminas,uteum
1633 2982 1669 3044 ad

59 3076 63 3082 ’
124 3077 154 3141 nt<
181 3075 322 3156 ἱκετηρίαν
348 3076 388 3135 u
418 3077 496 3135 αὐτὸν
527 3076 658 3151 ἐνέὸαλςν,
690 3076 734 3136 ἵνα
769 3075 891 3156 ἀφορμὴν
945 3077 1168 3160 supplicationem
1187 3076 1375 3156 compelleret;
1390 3076 1426 3134 ad
1444 3077 1668 3157 supplicationem

121 3166 184 3245 λα’όη
202 3168 411 3249 συγχωρήσεως.
426 3165 557 3227 Ἠδιίνατο
577 3167 690 3248 μὲνγὰρ
708 3167 754 3228 καί
769 3168 821 3247 πρθ
843 3171 891 3238 τῆς
944 3170 1086 3251 compulit,
1094 3182 1124 3227 ut
1135 3166 1299 3227 occasionem
1311 3165 1443 3226 donandae
1453 3167 1539 3228 venia
1550 3168 1669 3228 haberet.

122 3260 311 3338 παρακλήσεις
333 3259 412 3318 αι’ντδν
438 3263 557 3340 ἀφεῖναι,
584 3262 642 3319 ἀλλ’
668 3260 712 3318 ίνα
731 3259 769 3337 μὴ
782 3260 890 3341 χείρονα
944 3263 1050 3321 Poterat
1065 3275 1092 3319 et
1117 3274 1179 3319 ante
1193 3258 1408 3340 deprecationem
1423 3281 1485 3318 eum
1500 3259 1617 3320 liberum
1634 3262 1669 3321 ab

121 3351 278 3429 ίργότητοιι,
292 3358 369 3410 τοῦτο
390 3354 438 3410 οὐκ
462 3351 592 3424 ἐποίησεν.
616 3351 747 3412 Ἠδύνατο
768 3351 814 3410 καί
839 3351 891 3429 πρὸ
944 3375 996 3413 aere
1012 3354 1100 3413 alieno
1111 3351 1259 3427 dimittere,
1277 3350 1324 3409 sed
1335 3372 1369 3410 ne
1383 3351 1446 3410 inde
1463 3352 1542 3410 illum
1554 3352 1667 3413 deterio-

121 3447 159 3499 re]
180 3442 337 3519 λογοθεσίου
352 3448 463 3514 ποιῆσαι
487 3443 535 3515 τὴν
558 3443 737 3524 συγχώρησιν,
761 3446 819 3502 ἀλλ’
847 3442 891 3502 ἵνα
945 3467 1002 3505 τοττι
1016 3447 1125 3522 laceret,
1144 3445 1180 3503 ita
1194 3443 1325 3522 sogessit.
1343 3443 1450 3503 Poterat
1466 3459 1527 3503 ante
1540 3447 1670 3505 rationem

121 3534 154 3610 μὴ
175 3534 221 3593 τὸν
240 3534 319 3613 ὄγκον
333 3537 434 3614 ἀγνοῶν
449 3538 501 3594 τῶν
522 3536 732 3616 ἁμαρτημάτων,
748 3540 889 3616 ἀπανθρω-
944 3537 1041 3596 initam
1051 3535 1158 3596 veniam
1168 3534 1323 3612 concedere,
1335 3534 1381 3595 sed
1394 3557 1426 3593 ne
1438 3536 1563 3614 ignorans
1573 3537 1671 3596 molem

121 3626 226 3708 πότερος
251 3627 361 3703 γένηται
384 3628 429 3686 καὶ
452 3627 584 3707 ὠμότερος
606 3627 667 3709 περὶ
689 3627 748 3696 τοθς
768 3627 891 3701 πλησίον,
944 3629 1076 3687 scelerum
1092 3648 1214 3697 suorum,
1232 3625 1407 3684 inhumanior
1420 3639 1444 3683 ct
1459 3625 1595 3684 crudelior
1608 3648 1672 3705 erga

121 3719 159 3778 lii
182 3726 263 3778 τοῦτο
288 3720 365 3779 αὐτόν
391 3720 517 3801 πρότερον
547 3720 648 3789 ἐδίδαξε
669 3721 700 3780 τδ
725 3721 831 3800 μέγεθος
845 3728 891 3782 τοῦ
945 3720 1084 3800 proximos
1099 3732 1178 3791 esset,
1191 3716 1251 3775 ideo
1266 3715 1307 3774 illi
1324 3717 1400 3797 prius
1413 3715 1670 3778 declaravitsuide·

120 3813 225 3892 χρέους,
244 3813 294 3870 καί
316 3812 377 3870 τότε
403 3817 504 3892 ἀφῆκεν
524 3814 603 3872 ἅπαν.
629 3816 663 3874 Ei
685 3814 797 3894 γδιρτοῧ
815 3816 890 3893 λογο-
945 3813 996 3872 biti
1014 3811 1241 3892 magnitudinem,
1264 3831 1296 3869 ac
1318 3822 1376 3868 tum
1404 3808 1515 3868 demum
1528 3810 1553 3868 ei
1568 3810 1671 3870 remisit

119 3905 203 3963 θεσίου
226 3902 386 3982 γενομένου,
400 3905 446 3962 καί
469 3911 516 3964 τοῦ
532 3905 707 3986 όφειλήματος
731 3905 891 3987 δειχθέντος,
947 3905 1049 3964 omnia.
1077 3907 1148 3963 Nam
1166 3902 1189 3961 si
1212 3901 1306 3962 habita
1332 3901 1435 3960 ratione
1459 3922 1490 3959 ac
1512 3923 1564 3960 rere
1584 3901 1671 3961 alieno

119 3995 232 4065 καὶτῆς
253 3997 367 4065 ἀπειλῆς
391 3996 592 4076 ἐπενεχθείσης,
615 3998 728 4069 καὶτῆς
749 3998 894 4071 καταδίκης
949 4010 1169 4074 commonstrato,
1192 3995 1327 4074 minisque
1351 3994 1445 4072 illatis,
1461 4009 1487 4053 et
1506 3995 1671 4054 condemna-

120 4088 264 4167 γενομένης
287 4087 386 4160 δήλης,
407 4090 440 4160 ἣν
466 4093 606 4167 θπομαῖναι
629 4090 727 4157 δίκαιος
747 4081 790 4162 ἦν,
813 4091 896 4157 οὕτως
913 4098 933 4146 C
950 4090 1023 4150 tione
1035 4088 1266 4170 proposita,quam
1279 4086 1409 4147 sustinere
1429 4088 1591 4161 merehatur,
1605 4085 1672 4146 adeo

121 4183 211 4262 ἄγριος
239 4179 287 4239 καί
310 4179 383 4257 ὠμὸς
409 4180 470 4260 περί
495 4182 541 4241 τὸν
565 4181 704 4242 σόνδουλον
728 4181 844 4261 ἐγίνετο·
874 4182 897 4241 τί
953 4186 1024 4243 ierus
1033 4196 1059 4240 et
1067 4181 1187 4240 crudelis
1203 4180 1254 4238 tuit
1264 4179 1393 4239 adversus
1404 4200 1485 4238 suum
1496 4199 1656 4237 conservum
1663 4198 1672 4250 ;

122 4274 202 4349 μηδὲν
223 4272 325 4332 restet
354 4270 449 4342 ίξίόη,
465 4279 516 4333 ποῦ
537 4277 584 4333 οὐκ
604 4273 636 4332 δν
657 4272 794 4341 ἐξώλιοθεν
808 4274 898 4354 ἀγριό-
952 4276 974 4335 si
984 4273 1054 4333 nihil
1068 4274 1182 4333 istorum
1194 4272 1349 4331 adhibitum
1359 4271 1464 4348 fuisset,
1480 4292 1533 4349 quo
1545 4291 1597 4328 non
1618 4269 1672 4327 im·

121 4389 211 4438 τι,τος;
228 4364 283 4424 Aa
303 4369 382 4422 τοῦτο
402 4368 486 4423 ταῦτα
505 4365 593 4425 πάντα
617 4370 631 4425 ὁ
653 4366 721 4432 Θεδς
747 4366 831 4427 ἐποίει
853 4368 898 4427 καί
952 4365 1089 4426 maritatis
1101 4364 1288 4446 prorupisset?
1302 4363 1359 4421 Hac
1371 4361 1406 4420 de
1418 4383 1497 4420 carisa
1510 4361 1567 4419 haec
1582 4360 1672 4420 omnia

123 4454 354 4534 ίπθαῖμαῖῑῦῑθθι
368 4455 590 4533 mmmmm*
605 4460 685 4517 αὐτοῦ
702 4456 750 4528 τὴν
768 4458 897 4530 ἆπθθεῑαν
952 4466 1027 4526 Deus
1042 4463 1105 4523 lecit
1115 4476 1140 4521 et
1152 4461 1279 4533 instituit,
1292 4474 1323 4518 ut
1344 4458 1463 4517 hominis
1477 4457 1673 4517 immanitatem

122 4548 232 4621 ἐκείνην.
254 4549 289 4606 Εἰ
306 4547 335 4605 δὲ
349 4547 443 4626 μηδενί
456 4548 591 4629 διωρθώθη
603 4547 713 4624 τούτων,
724 4553 754 4611 οὐ
768 4551 842 4633 παρὰ
853 4552 897 4611 τὸν
951 4556 1027 4616 illam
1048 4554 1231 4637 praemolliret.
1248 4552 1278 4611 si
1294 4549 1363 4609 nihil
1380 4548 1438 4608 istis
1451 4550 1532 4607 rebus
1546 4547 1674 4608 emenda·

122 4641 289 4713 διδάσκαλον,
302 4639 373 4699 ἀλλὰ
397 4644 460 4720 παρ’
476 4641 631 4700 ἐκεῖνοντὸν
646 4641 835 4720 μὴδεξᾶμενον
849 4642 898 4716 τὴν
953 4661 997 4707 tus
1011 4648 1135 4722 luit,n0n
1147 4665 1227 4726 penes
1242 4642 1413 4722 magistrum,
1436 4640 1480 4699 sed
1496 4662 1577 4721 penes
1594 4640 1674 4699 illum

121 4734 262 4816 διόρθωσιν
278 4739 296 4804 ἡ
317 4731 400 4792 οιίτία.
414 4732 492 4805 Πλὴν
506 4735 563 4792 ἀλλ’
578 4733 675 4812 ἴδοιμεν
693 4741 750 4803 πῶς
764 4739 836 4816 αὐτῷ
852 4759 899 4814 με·
953 4740 1000 4819 qui
1013 4737 1226 4798 emendationem
1240 4756 1294 4794 non
1313 4735 1418 4813 recipit,
1436 4734 1517 4813 culpa
1534 4734 1675 4794 statuenda

121 4826 217 4886 θοὸαόςι
230 4826 264 4886 τὸ
274 4823 362 4891 ἵλαος.
377 4823 474 4884 Πεοὼν
492 4815 549 4901 οὖν,
565 4826 646 4906 φησί,
660 4827 733 4908 παρὰ
745 4828 804 4896 τοὺς
817 4829 900 4895 πόδας
954 4847 1002 4892 est.
1014 4835 1207 4894 Verumtamen
1220 4826 1423 4902 videamusque
1433 4839 1512 4904 paeto
1530 4826 1587 4905 ejus
1597 4826 1677 4885 uleus

122 4922 210 4996 stem,
226 4917 381 4998 παρεκάλει
399 4917 477 4976 αὐτόν
499 4918 600 4999 λέγων·
628 4920 831 5000 μακροθίμηοον
859 4923 901 4980 ἐπ’
954 4925 1100 5002 abstergat.
1115 4922 1231 4982 Cedens
1246 4923 1336 4999 igitur
1357 4920 1398 4976 nd
1406 4918 1492 4998 pedes
1505 4924 1580 5000 ejus,
1591 4923 1674 4979 obse·
1686 4935 1771 4984 uerit,
1789 4931 1823 4977 ret

122 5013 193 5088 ἐμοί,
216 5011 266 5070 καί
294 5010 387 5069 πάντα
402 5033 448 5068 σοι
465 5009 606 5070 ἀποδώσω.
621 5012 676 5072 Καί
690 5012 728 5092 μῆ
745 5012 798 5089 μὴν
818 5004 902 5086 εἶπεν,
956 5018 1059 5075 orabat
1074 5015 1173 5072 dicens
1189 5034 1198 5066 .·
1216 5013 1398 5069 Patientiam
1415 5010 1490 5069 habe
1512 5015 1544 5069 in
1568 5033 1623 5084 me,
1646 5001 1724 5073 θεώ·

123 5103 158 5162 ότι
170 5109 217 5166 οὐκ
231 5095 307 5185 εἶχεν
325 5104 489 5162 ιἰποδῶναι·
504 5103 574 5164 ἀλλὰ
586 5110 703 5165 τοιοῦτον
716 5110 769 5165 τῶν
788 5105 905 5186 ὀφειλόν-
957 5109 1059 5164 omnia
1078 5104 1200 5162 reddum
1215 5092 1529 5172 tibi.N01ilassusestse
1542 5103 1674 5180 nihillra-

124 5220 167 5255 των
179 5200 212 5259 τὸ
226 5197 301 5270 ἔθος,
319 5196 371 5255 κᾶν
393 5194 479 5274 μηδὲν
496 5193 593 5274 ἔχωσιν
608 5198 763 5273 ἀποδοῦναι,
777 5198 904 5278 ἔπαγγίλ·
922 5213 941 5260 Ι)
957 5199 1020 5257 bere
1029 5194 1103 5275 quod
1116 5193 1239 5253 redderet
1254 5216 1260 5249 ι
1275 5190 1323 5251 sed
1336 5191 1381 5251 hic
1390 5214 1448 5252 mos
1461 5207 1499 5253 est
1512 5195 1675 5272 debitorum,

125 5291 221 5367 λοντοι,
249 5290 324 5350 ὥστε
353 5293 409 5348 τῶν
437 5287 576 5368 παρόντων
598 5291 785 5369 ἀπαλλαγῆναι
805 5291 904 5352 δεινῶν.
959 5289 1025 5350 utin
1039 5307 1144 5349 summa
1155 5284 1245 5366 inopia
1258 5283 1416 5365 promittant
1430 5299 1529 5366 tamen,
1542 5307 1594 5364 quo
1608 5288 1693 5368 prae·‘
