<?xml version="1.0" encoding="UTF-8"?>
<!DOCTYPE html PUBLIC "-//W3C//DTD XHTML 1.0 Transitional//EN"
    "http://www.w3.org/TR/xhtml1/DTD/xhtml1-transitional.dtd">
<html xmlns="http://www.w3.org/1999/xhtml" xml:lang="en" lang="en">
 <head>
  <title>
</title>
<meta http-equiv="Content-Type" content="text/html;charset=utf-8" />
  <meta name='ocr-system' content='tesseract 3.04.00' />
  <meta name='ocr-capabilities' content='ocr_page ocr_carea ocr_par ocr_line ocrx_word'/>
</head>
<body>
  <div class='ocr_page' id='page_1' title='image "./sanctipatrisnos03chrygoog_0325.png"; bbox 0 0 3764 5992; ppageno 0'>
   <div class='ocr_carea' id='block_1_1' title="bbox 629 410 1545 486">
    <p class='ocr_par' dir='ltr' id='par_1_1' title="bbox 629 410 1545 486">
     <span class='ocr_line' id='line_1_1' title="bbox 629 410 1545 486; baseline 0.004 -5"><span class='ocrx_word' id='word_1_1' title='bbox 629 431 674 481; x_wconf 84' lang='lat' dir='ltr'><strong>nn</strong></span> <span class='ocrx_word' id='word_1_2' title='bbox 697 429 937 481; x_wconf 72' lang='lat' dir='ltr'><strong>simsustes.</strong></span> <span class='ocrx_word' id='word_1_3' title='bbox 1474 410 1545 486; x_wconf 76' lang='lat'><strong>305</strong></span> 
     </span>
    </p>
   </div>
   <div class='ocr_carea' id='block_1_2' title="bbox 144 555 1692 5343">
    <p class='ocr_par' dir='ltr' id='par_1_2' title="bbox 144 555 1692 5343">
     <span class='ocr_line' id='line_1_2' title="bbox 144 555 1544 640; baseline 0.001 -21"><span class='ocrx_word' id='word_1_4' title='bbox 144 555 236 619; x_wconf 72' lang='grc' dir='ltr'><strong>’δύσειν</strong></span> <span class='ocrx_word' id='word_1_5' title='bbox 255 555 367 626; x_wconf 78' lang='grc' dir='ltr'><strong>ίκαστσς</strong></span> <span class='ocrx_word' id='word_1_6' title='bbox 388 559 463 636; x_wconf 75' lang='grc' dir='ltr'><strong>ὑμῶν</strong></span> <span class='ocrx_word' id='word_1_7' title='bbox 487 560 551 639; x_wconf 84' lang='grc' dir='ltr'><strong>παρ’</strong></span> <span class='ocrx_word' id='word_1_8' title='bbox 576 560 662 640; x_wconf 79' lang='grc' dir='ltr'><strong>ίαυτῷ</strong></span> <span class='ocrx_word' id='word_1_9' title='bbox 682 558 777 618; x_wconf 82' lang='grc' dir='ltr'><strong>τιθέτω</strong></span> <span class='ocrx_word' id='word_1_10' title='bbox 831 569 923 617; x_wconf 85' lang='lat' dir='ltr'><strong>strum</strong></span> <span class='ocrx_word' id='word_1_11' title='bbox 935 557 1016 637; x_wconf 80' lang='lat' dir='ltr'><strong>apud</strong></span> <span class='ocrx_word' id='word_1_12' title='bbox 1028 568 1192 638; x_wconf 85' lang='lat' dir='ltr'><strong>seseportat</strong></span> <span class='ocrx_word' id='word_1_13' title='bbox 1204 558 1417 621; x_wconf 66' lang='lat' dir='ltr'><em>thesaurizans.</em></span> <span class='ocrx_word' id='word_1_14' title='bbox 1431 560 1544 640; x_wconf 87' lang='lat' dir='ltr'><strong>Quinta,</strong></span> 
     </span>
     <span class='ocr_line' id='line_1_3' title="bbox 144 647 1547 735; baseline 0.004 -27"><span class='ocrx_word' id='word_1_15' title='bbox 144 648 380 732; x_wconf 74' lang='grc' dir='ltr'><strong>σν.11ι’μπσρ,τῶ</strong></span> <span class='ocrx_word' id='word_1_16' title='bbox 392 649 430 729; x_wconf 78' lang='grc' dir='ltr'><strong>μὴ</strong></span> <span class='ocrx_word' id='word_1_17' title='bbox 443 659 532 710; x_wconf 76' lang='grc' dir='ltr'><strong>πᾶσαν</strong></span> <span class='ocrx_word' id='word_1_18' title='bbox 552 653 595 731; x_wconf 78' lang='grc' dir='ltr'><strong>ὑφ’</strong></span> <span class='ocrx_word' id='word_1_19' title='bbox 613 649 640 710; x_wconf 86' lang='grc' dir='ltr'><strong>ίν</strong></span> <span class='ocrx_word' id='word_1_20' title='bbox 653 652 820 733; x_wconf 62' lang='grc' dir='ltr'><strong>κελεύσαι256</strong></span> <span class='ocrx_word' id='word_1_21' title='bbox 832 647 1080 729; x_wconf 87' lang='lat' dir='ltr'><strong>nonjubetomnem</strong></span> <span class='ocrx_word' id='word_1_22' title='bbox 1090 650 1230 711; x_wconf 79' lang='lat' dir='ltr'><strong>confertim</strong></span> <span class='ocrx_word' id='word_1_23' title='bbox 1236 651 1331 711; x_wconf 76' lang='lat' dir='ltr'><strong>inferri</strong></span> <span class='ocrx_word' id='word_1_24' title='bbox 1338 652 1547 735; x_wconf 76' lang='lat' dir='ltr'>eleemosynam,</span> 
     </span>
     <span class='ocr_line' id='line_1_4' title="bbox 144 739 1544 827; baseline 0.005 -28"><span class='ocrx_word' id='word_1_25' title='bbox 144 739 242 813; x_wconf 68' lang='grc' dir='ltr'><strong>ναιτὴν</strong></span> <span class='ocrx_word' id='word_1_26' title='bbox 254 739 451 819; x_wconf 73' lang='grc' dir='ltr'><strong>ῶιεημοσύνην·</strong></span> <span class='ocrx_word' id='word_1_27' title='bbox 460 743 519 802; x_wconf 76' lang='grc' dir='ltr'>ἀλλ’</span> <span class='ocrx_word' id='word_1_28' title='bbox 529 742 619 825; x_wconf 75' lang='grc' dir='ltr'><strong>ἡρέμα</strong></span> <span class='ocrx_word' id='word_1_29' title='bbox 638 741 685 802; x_wconf 84' lang='grc' dir='ltr'><strong>καί</strong></span> <span class='ocrx_word' id='word_1_30' title='bbox 707 740 777 801; x_wconf 74' lang='grc' dir='ltr'><strong>κατὰ</strong></span> <span class='ocrx_word' id='word_1_31' title='bbox 793 751 812 796; x_wconf 82' lang='grc' dir='ltr'><strong>Α</strong></span> <span class='ocrx_word' id='word_1_32' title='bbox 830 739 876 799; x_wconf 87' lang='lat' dir='ltr'><strong>sed</strong></span> <span class='ocrx_word' id='word_1_33' title='bbox 889 742 987 800; x_wconf 88' lang='lat' dir='ltr'><strong>sensim</strong></span> <span class='ocrx_word' id='word_1_34' title='bbox 998 754 1023 802; x_wconf 86' lang='lat' dir='ltr'><strong>et</strong></span> <span class='ocrx_word' id='word_1_35' title='bbox 1033 742 1172 824; x_wconf 84' lang='lat' dir='ltr'><strong>paulatim.</strong></span> <span class='ocrx_word' id='word_1_36' title='bbox 1195 744 1256 804; x_wconf 88' lang='lat' dir='ltr'><strong>Non</strong></span> <span class='ocrx_word' id='word_1_37' title='bbox 1277 744 1349 805; x_wconf 85' lang='lat' dir='ltr'><strong>enim</strong></span> <span class='ocrx_word' id='word_1_38' title='bbox 1362 767 1412 827; x_wconf 87' lang='lat' dir='ltr'><strong>par</strong></span> <span class='ocrx_word' id='word_1_39' title='bbox 1423 759 1462 806; x_wconf 78' lang='lat' dir='ltr'><strong>est</strong></span> <span class='ocrx_word' id='word_1_40' title='bbox 1475 747 1544 806; x_wconf 84' lang='lat' dir='ltr'><strong>ratio</strong></span> 
     </span>
     <span class='ocr_line' id='line_1_5' title="bbox 144 831 1545 917; baseline 0.004 -25"><span class='ocrx_word' id='word_1_41' title='bbox 144 831 236 912; x_wconf 56' lang='lat' dir='ltr'><strong>toytp</strong></span> <span class='ocrx_word' id='word_1_42' title='bbox 247 834 319 894; x_wconf 81' lang='grc' dir='ltr'><strong>ίοτιν</strong></span> <span class='ocrx_word' id='word_1_43' title='bbox 341 832 397 893; x_wconf 89' lang='grc' dir='ltr'><strong>ίσσν</strong></span> <span class='ocrx_word' id='word_1_44' title='bbox 408 836 435 893; x_wconf 78' lang='grc' dir='ltr'><strong>έν</strong></span> <span class='ocrx_word' id='word_1_45' title='bbox 455 832 544 915; x_wconf 72' lang='grc' dir='ltr'><strong>ἡμέρα</strong></span> <span class='ocrx_word' id='word_1_46' title='bbox 557 845 607 914; x_wconf 72' lang='grc' dir='ltr'><strong>μιᾷ</strong></span> <span class='ocrx_word' id='word_1_47' title='bbox 619 833 735 894; x_wconf 75' lang='grc' dir='ltr'>κελεύειν</span> <span class='ocrx_word' id='word_1_48' title='bbox 746 832 778 892; x_wconf 77' lang='grc' dir='ltr'><strong>τὸ</strong></span> <span class='ocrx_word' id='word_1_49' title='bbox 830 833 920 892; x_wconf 89' lang='lat' dir='ltr'><strong>emnia</strong></span> <span class='ocrx_word' id='word_1_50' title='bbox 934 854 988 893; x_wconf 90' lang='lat' dir='ltr'><strong>uno</strong></span> <span class='ocrx_word' id='word_1_51' title='bbox 999 833 1045 895; x_wconf 90' lang='lat' dir='ltr'><strong>dic</strong></span> <span class='ocrx_word' id='word_1_52' title='bbox 1055 835 1149 895; x_wconf 76' lang='lat' dir='ltr'><strong>inferri</strong></span> <span class='ocrx_word' id='word_1_53' title='bbox 1161 837 1316 917; x_wconf 77' lang='lat' dir='ltr'><strong>praecipere,</strong></span> <span class='ocrx_word' id='word_1_54' title='bbox 1341 852 1388 898; x_wconf 89' lang='lat' dir='ltr'><strong>aut</strong></span> <span class='ocrx_word' id='word_1_55' title='bbox 1400 837 1545 899; x_wconf 89' lang='lat' dir='ltr'><strong>indiutur-</strong></span> 
     </span>
     <span class='ocr_line' id='line_1_6' title="bbox 144 922 1544 1007; baseline 0.005 -24"><span class='ocrx_word' id='word_1_56' title='bbox 144 922 217 993; x_wconf 80' lang='grc' dir='ltr'><strong>,καί</strong></span> <span class='ocrx_word' id='word_1_57' title='bbox 250 927 278 985; x_wconf 75' lang='lat' dir='ltr'><strong>iv</strong></span> <span class='ocrx_word' id='word_1_58' title='bbox 302 923 419 1004; x_wconf 79' lang='grc' dir='ltr'><strong>τοσούτῳ</strong></span> <span class='ocrx_word' id='word_1_59' title='bbox 447 924 683 1007; x_wconf 75' lang='grc' dir='ltr'><strong>κατακερματίζειν</strong></span> <span class='ocrx_word' id='word_1_60' title='bbox 712 924 778 985; x_wconf 73' lang='grc' dir='ltr'><strong>αὐτὸ</strong></span> <span class='ocrx_word' id='word_1_61' title='bbox 830 944 895 986; x_wconf 89' lang='lat' dir='ltr'><strong>num</strong></span> <span class='ocrx_word' id='word_1_62' title='bbox 909 939 1016 1007; x_wconf 88' lang='lat' dir='ltr'><strong>tempus</strong></span> <span class='ocrx_word' id='word_1_63' title='bbox 1024 926 1071 985; x_wconf 90' lang='lat' dir='ltr'><strong>illa</strong></span> <span class='ocrx_word' id='word_1_64' title='bbox 1079 927 1235 987; x_wconf 79' lang='lat' dir='ltr'><strong>minutatim</strong></span> <span class='ocrx_word' id='word_1_65' title='bbox 1249 927 1390 989; x_wconf 80' lang='lat' dir='ltr'><strong>dividere:</strong></span> <span class='ocrx_word' id='word_1_66' title='bbox 1407 950 1471 989; x_wconf 89' lang='lat' dir='ltr'><strong>nam</strong></span> <span class='ocrx_word' id='word_1_67' title='bbox 1492 930 1544 990; x_wconf 86' lang='lat' dir='ltr'><strong>hec</strong></span> 
     </span>
     <span class='ocr_line' id='line_1_7' title="bbox 144 1013 1544 1101; baseline 0.009 -30"><span class='ocrx_word' id='word_1_68' title='bbox 144 1013 214 1097; x_wconf 71' lang='grc' dir='ltr'><strong>ιχᾶρ</strong></span> <span class='ocrx_word' id='word_1_69' title='bbox 225 1021 344 1076; x_wconf 77' lang='grc' dir='ltr'><strong>τοιοῦτον</strong></span> <span class='ocrx_word' id='word_1_70' title='bbox 356 1017 416 1076; x_wconf 72' lang='lat' dir='ltr'><strong>etet</strong></span> <span class='ocrx_word' id='word_1_71' title='bbox 430 1016 551 1090; x_wconf 82' lang='grc' dir='ltr'><strong>αίσύησιν</strong></span> <span class='ocrx_word' id='word_1_72' title='bbox 565 1016 678 1099; x_wconf 81' lang='grc' dir='ltr'><strong>ταρίχει</strong></span> <span class='ocrx_word' id='word_1_73' title='bbox 694 1016 777 1077; x_wconf 87' lang='grc' dir='ltr'><strong>δαπιί·</strong></span> <span class='ocrx_word' id='word_1_74' title='bbox 831 1018 912 1078; x_wconf 90' lang='lat' dir='ltr'><strong>medo</strong></span> <span class='ocrx_word' id='word_1_75' title='bbox 925 1018 1045 1101; x_wconf 87' lang='lat' dir='ltr'><strong>impensa</strong></span> <span class='ocrx_word' id='word_1_76' title='bbox 1059 1041 1092 1079; x_wconf 87' lang='lat' dir='ltr'><strong>ne</strong></span> <span class='ocrx_word' id='word_1_77' title='bbox 1113 1022 1229 1081; x_wconf 80' lang='lat' dir='ltr'>sentitur</span> <span class='ocrx_word' id='word_1_78' title='bbox 1245 1020 1365 1101; x_wconf 87' lang='lat' dir='ltr'><strong>quidem.</strong></span> <span class='ocrx_word' id='word_1_79' title='bbox 1385 1023 1480 1098; x_wconf 84' lang='lat' dir='ltr'><strong>Sexte,</strong></span> <span class='ocrx_word' id='word_1_80' title='bbox 1490 1044 1544 1084; x_wconf 90' lang='lat' dir='ltr'><strong>non</strong></span> 
     </span>
     <span class='ocr_line' id='line_1_8' title="bbox 144 1109 1545 1194; baseline 0.005 -25"><span class='ocrx_word' id='word_1_81' title='bbox 144 1132 181 1191; x_wconf 76' lang='grc' dir='ltr'><strong>μ,</strong></span> <span class='ocrx_word' id='word_1_82' title='bbox 203 1114 245 1194; x_wconf 73' lang='grc' dir='ltr'><strong>τῷ</strong></span> <span class='ocrx_word' id='word_1_83' title='bbox 262 1111 300 1190; x_wconf 77' lang='grc' dir='ltr'><strong>μὴ</strong></span> <span class='ocrx_word' id='word_1_84' title='bbox 322 1109 419 1194; x_wconf 82' lang='grc' dir='ltr'><strong>μέτρον</strong></span> <span class='ocrx_word' id='word_1_85' title='bbox 442 1111 544 1193; x_wconf 79' lang='grc' dir='ltr'><strong>ὁρίσαι,</strong></span> <span class='ocrx_word' id='word_1_86' title='bbox 560 1114 619 1173; x_wconf 78' lang='grc' dir='ltr'><strong>ἀλλ’</strong></span> <span class='ocrx_word' id='word_1_87' title='bbox 636 1111 778 1192; x_wconf 75' lang='grc' dir='ltr'><strong>ἐπιτρίψαι</strong></span> <span class='ocrx_word' id='word_1_88' title='bbox 829 1110 1155 1190; x_wconf 74' lang='grc' dir='ltr'><strong>μσεεσεεὶίιίίιοσοσυεεω,</strong></span> <span class='ocrx_word' id='word_1_89' title='bbox 1171 1113 1219 1173; x_wconf 82' lang='lat' dir='ltr'><strong>sed</strong></span> <span class='ocrx_word' id='word_1_90' title='bbox 1237 1113 1408 1174; x_wconf 80' lang='lat' dir='ltr'><strong>offerentium</strong></span> <span class='ocrx_word' id='word_1_91' title='bbox 1431 1114 1545 1176; x_wconf 85' lang='lat' dir='ltr'><strong>arbitrio</strong></span> 
     </span>
     <span class='ocr_line' id='line_1_9' title="bbox 144 1201 1544 1285; baseline 0.004 -21"><span class='ocrx_word' id='word_1_92' title='bbox 144 1206 221 1275; x_wconf 61' lang='grc' dir='ltr'><strong>,τῶν</strong></span> <span class='ocrx_word' id='word_1_93' title='bbox 238 1203 430 1285; x_wconf 77' lang='grc' dir='ltr'><strong>είσραρόνεων,</strong></span> <span class='ocrx_word' id='word_1_94' title='bbox 453 1203 500 1264; x_wconf 85' lang='grc' dir='ltr'><strong>καί</strong></span> <span class='ocrx_word' id='word_1_95' title='bbox 516 1202 600 1272; x_wconf 83' lang='grc' dir='ltr'><strong>δεῖξαι</strong></span> <span class='ocrx_word' id='word_1_96' title='bbox 617 1204 691 1285; x_wconf 73' lang='grc' dir='ltr'><strong>παρὰ</strong></span> <span class='ocrx_word' id='word_1_97' title='bbox 705 1205 775 1265; x_wconf 81' lang='grc' dir='ltr'><strong>Θεοῦ</strong></span> <span class='ocrx_word' id='word_1_98' title='bbox 828 1201 966 1282; x_wconf 86' lang='lat' dir='ltr'><strong>relinquit,</strong></span> <span class='ocrx_word' id='word_1_99' title='bbox 981 1218 1007 1263; x_wconf 87' lang='lat' dir='ltr'><strong>et</strong></span> <span class='ocrx_word' id='word_1_100' title='bbox 1022 1203 1092 1263; x_wconf 92' lang='lat' dir='ltr'><strong>illud</strong></span> <span class='ocrx_word' id='word_1_101' title='bbox 1105 1226 1122 1264; x_wconf 88' lang='lat' dir='ltr'><strong>a</strong></span> <span class='ocrx_word' id='word_1_102' title='bbox 1137 1208 1196 1265; x_wconf 84' lang='lat' dir='ltr'><strong>Deo</strong></span> <span class='ocrx_word' id='word_1_103' title='bbox 1209 1205 1304 1266; x_wconf 88' lang='lat' dir='ltr'><strong>datum</strong></span> <span class='ocrx_word' id='word_1_104' title='bbox 1315 1205 1434 1269; x_wconf 80' lang='lat' dir='ltr'><strong>declarat</strong></span> <span class='ocrx_word' id='word_1_105' title='bbox 1451 1231 1459 1265; x_wconf 83' lang='grc' dir='ltr'>ι</span> <span class='ocrx_word' id='word_1_106' title='bbox 1481 1229 1544 1270; x_wconf 90' lang='lat' dir='ltr'><strong>nam</strong></span> 
     </span>
     <span class='ocr_line' id='line_1_10' title="bbox 144 1284 1544 1379; baseline 0.004 -25"><span class='ocrx_word' id='word_1_107' title='bbox 144 1294 244 1375; x_wconf 81' lang='grc' dir='ltr'><strong>ίμεναι·</strong></span> <span class='ocrx_word' id='word_1_108' title='bbox 262 1299 302 1377; x_wconf 71' lang='grc' dir='ltr'><strong>τῷ</strong></span> <span class='ocrx_word' id='word_1_109' title='bbox 318 1294 371 1377; x_wconf 71' lang='grc' dir='ltr'><strong>γὰρ</strong></span> <span class='ocrx_word' id='word_1_110' title='bbox 389 1298 482 1372; x_wconf 75' lang='grc' dir='ltr'><strong>εἰπεῖν,</strong></span> <span class='ocrx_word' id='word_1_111' title='bbox 496 1295 536 1356; x_wconf 75' lang='lat'><strong>⁰0</strong></span> <span class='ocrx_word' id='word_1_112' title='bbox 547 1320 574 1355; x_wconf 92' lang='grc' dir='ltr'><strong>τι</strong></span> <span class='ocrx_word' id='word_1_113' title='bbox 589 1295 621 1354; x_wconf 77' lang='grc' dir='ltr'><strong>ἂν</strong></span> <span class='ocrx_word' id='word_1_114' title='bbox 634 1297 776 1371; x_wconf 83' lang='grc' dir='ltr'><strong>εὐοδῶται,</strong></span> <span class='ocrx_word' id='word_1_115' title='bbox 829 1316 892 1355; x_wconf 87' lang='lat' dir='ltr'><strong>cum</strong></span> <span class='ocrx_word' id='word_1_116' title='bbox 901 1295 980 1373; x_wconf 89' lang='lat' dir='ltr'><strong>dicit,</strong></span> <span class='ocrx_word' id='word_1_117' title='bbox 993 1299 1080 1375; x_wconf 82' lang='lat' dir='ltr'><strong>Quod</strong></span> <span class='ocrx_word' id='word_1_118' title='bbox 1087 1300 1269 1358; x_wconf 83' lang='lat' dir='ltr'><strong>commodam</strong></span> <span class='ocrx_word' id='word_1_119' title='bbox 1280 1298 1451 1379; x_wconf 79' lang='lat' dir='ltr'><strong>suerit,haec</strong></span> <span class='ocrx_word' id='word_1_120' title='bbox 1463 1284 1544 1360; x_wconf 82' lang='lat' dir='ltr'><strong>ambis</strong></span> 
     </span>
     <span class='ocr_line' id='line_1_11' title="bbox 160 1387 1541 1473; baseline 0.003 -26"><span class='ocrx_word' id='word_1_121' title='bbox 160 1390 251 1447; x_wconf 71' lang='grc' dir='ltr'><strong>ταῦτα</strong></span> <span class='ocrx_word' id='word_1_122' title='bbox 266 1388 394 1461; x_wconf 78' lang='grc' dir='ltr'><strong>ίδιίλωσε.</strong></span> <span class='ocrx_word' id='word_1_123' title='bbox 416 1387 572 1468; x_wconf 78' lang='grc' dir='ltr'><strong>Προσίθηκε</strong></span> <span class='ocrx_word' id='word_1_124' title='bbox 596 1387 641 1447; x_wconf 82' lang='grc' dir='ltr'><strong>καί</strong></span> <span class='ocrx_word' id='word_1_125' title='bbox 662 1387 775 1469; x_wconf 80' lang='grc' dir='ltr'><strong>έύδομον</strong></span> <span class='ocrx_word' id='word_1_126' title='bbox 828 1389 938 1449; x_wconf 90' lang='lat' dir='ltr'><strong>indicat.</strong></span> <span class='ocrx_word' id='word_1_127' title='bbox 950 1389 1102 1470; x_wconf 85' lang='lat' dir='ltr'><strong>Septimum</strong></span> <span class='ocrx_word' id='word_1_128' title='bbox 1111 1411 1217 1469; x_wconf 92' lang='lat' dir='ltr'><strong>queque</strong></span> <span class='ocrx_word' id='word_1_129' title='bbox 1225 1389 1310 1449; x_wconf 91' lang='lat' dir='ltr'><strong>alium</strong></span> <span class='ocrx_word' id='word_1_130' title='bbox 1318 1390 1428 1450; x_wconf 90' lang='lat' dir='ltr'><strong>modum</strong></span> <span class='ocrx_word' id='word_1_131' title='bbox 1435 1390 1541 1473; x_wconf 80' lang='lat' dir='ltr'><strong>adjicit,</strong></span> 
     </span>
     <span class='ocr_line' id='line_1_12' title="bbox 144 1477 1544 1558; baseline 0.003 -17"><span class='ocrx_word' id='word_1_132' title='bbox 144 1479 203 1541; x_wconf 74' lang='lat' dir='ltr'><strong>inor</strong></span> <span class='ocrx_word' id='word_1_133' title='bbox 221 1477 314 1556; x_wconf 71' lang='grc' dir='ltr'><strong>εἰπὼν,</strong></span> <span class='ocrx_word' id='word_1_134' title='bbox 326 1479 387 1540; x_wconf 80' lang='lat' dir='ltr'><strong>&#39;lm</strong></span> <span class='ocrx_word' id='word_1_135' title='bbox 403 1478 457 1558; x_wconf 74' lang='grc' dir='ltr'><strong>μὴ,</strong></span> <span class='ocrx_word' id='word_1_136' title='bbox 468 1479 532 1541; x_wconf 82' lang='grc' dir='ltr'><strong>ὅταν</strong></span> <span class='ocrx_word' id='word_1_137' title='bbox 545 1478 627 1555; x_wconf 68' lang='grc' dir='ltr'><strong>ἔλθω,</strong></span> <span class='ocrx_word' id='word_1_138' title='bbox 650 1479 710 1540; x_wconf 82' lang='grc' dir='ltr'><strong>τότε</strong></span> <span class='ocrx_word' id='word_1_139' title='bbox 727 1483 776 1541; x_wconf 73' lang='lat' dir='ltr'><strong>io-</strong></span> <span class='ocrx_word' id='word_1_140' title='bbox 827 1481 927 1558; x_wconf 89' lang='lat' dir='ltr'><strong>diceus,</strong></span> <span class='ocrx_word' id='word_1_141' title='bbox 946 1484 985 1542; x_wconf 75' lang='lat' dir='ltr'><strong>[a</strong></span> <span class='ocrx_word' id='word_1_142' title='bbox 1005 1502 1075 1555; x_wconf 81' lang='lat' dir='ltr'><strong>nou,</strong></span> <span class='ocrx_word' id='word_1_143' title='bbox 1097 1503 1164 1542; x_wconf 87' lang='lat' dir='ltr'><strong>cum</strong></span> <span class='ocrx_word' id='word_1_144' title='bbox 1176 1503 1296 1557; x_wconf 82' lang='lat' dir='ltr'><strong>venero,</strong></span> <span class='ocrx_word' id='word_1_145' title='bbox 1322 1495 1394 1542; x_wconf 85' lang='lat' dir='ltr'><strong>tune</strong></span> <span class='ocrx_word' id='word_1_146' title='bbox 1413 1485 1544 1545; x_wconf 79' lang='lat' dir='ltr'><strong>collecta</strong></span> 
     </span>
     <span class='ocr_line' id='line_1_13' title="bbox 144 1569 1542 1656; baseline 0.005 -27"><span class='ocrx_word' id='word_1_147' title='bbox 144 1569 306 1649; x_wconf 68' lang='lat' dir='ltr'><strong>me‘opa</strong></span> <span class='ocrx_word' id='word_1_148' title='bbox 333 1593 365 1631; x_wconf 88' lang='grc' dir='ltr'><strong>τε</strong></span> <span class='ocrx_word' id='word_1_149' title='bbox 381 1570 433 1651; x_wconf 71' lang='grc' dir='ltr'><strong>γὰρ</strong></span> <span class='ocrx_word' id='word_1_150' title='bbox 458 1570 552 1638; x_wconf 77' lang='grc' dir='ltr'><strong>αύτούς</strong></span> <span class='ocrx_word' id='word_1_151' title='bbox 564 1570 610 1630; x_wconf 84' lang='grc' dir='ltr'><strong>καί</strong></span> <span class='ocrx_word' id='word_1_152' title='bbox 624 1571 775 1652; x_wconf 77' lang='grc' dir='ltr'><strong>κατεπείγει</strong></span> <span class='ocrx_word' id='word_1_153' title='bbox 823 1575 911 1656; x_wconf 79' lang='lat' dir='ltr'><strong>fiant.</strong></span> <span class='ocrx_word' id='word_1_154' title='bbox 925 1574 1015 1636; x_wconf 84' lang='lat' dir='ltr'><strong>Simul</strong></span> <span class='ocrx_word' id='word_1_155' title='bbox 1028 1575 1101 1633; x_wconf 85' lang='lat' dir='ltr'><strong>enim</strong></span> <span class='ocrx_word' id='word_1_156' title='bbox 1116 1595 1161 1634; x_wconf 87' lang='lat' dir='ltr'><strong>eos</strong></span> <span class='ocrx_word' id='word_1_157' title='bbox 1178 1575 1279 1635; x_wconf 79' lang='lat' dir='ltr'><strong>excitau</strong></span> <span class='ocrx_word' id='word_1_158' title='bbox 1290 1588 1474 1656; x_wconf 78' lang='lat' dir='ltr'><strong>exspectantes</strong></span> <span class='ocrx_word' id='word_1_159' title='bbox 1487 1576 1542 1637; x_wconf 88' lang='lat' dir='ltr'><strong>ad·</strong></span> 
     </span>
     <span class='ocr_line' id='line_1_14' title="bbox 144 1660 1543 1745; baseline 0.003 -22"><span class='ocrx_word' id='word_1_160' title='bbox 144 1684 204 1729; x_wconf 82' lang='grc' dir='ltr'><strong>ντας</strong></span> <span class='ocrx_word' id='word_1_161' title='bbox 221 1663 304 1723; x_wconf 66' lang='grc' dir='ltr'><strong>αὐτοῦ</strong></span> <span class='ocrx_word' id='word_1_162' title='bbox 323 1660 373 1734; x_wconf 71' lang='grc' dir='ltr'><strong>τὴν</strong></span> <span class='ocrx_word' id='word_1_163' title='bbox 393 1661 557 1743; x_wconf 77' lang='grc' dir='ltr'><strong>παρουσίαν,</strong></span> <span class='ocrx_word' id='word_1_164' title='bbox 579 1662 625 1722; x_wconf 85' lang='grc' dir='ltr'><strong>καί</strong></span> <span class='ocrx_word' id='word_1_165' title='bbox 650 1686 774 1745; x_wconf 81' lang='grc' dir='ltr'><strong>παραμυ-</strong></span> <span class='ocrx_word' id='word_1_166' title='bbox 827 1680 937 1728; x_wconf 70' lang='grc' dir='ltr'><strong>νεοίατο</strong></span> <span class='ocrx_word' id='word_1_167' title='bbox 963 1687 1052 1742; x_wconf 90' lang='lat' dir='ltr'><strong>suum,</strong></span> <span class='ocrx_word' id='word_1_168' title='bbox 1066 1680 1092 1727; x_wconf 89' lang='lat' dir='ltr'><strong>et</strong></span> <span class='ocrx_word' id='word_1_169' title='bbox 1115 1667 1275 1742; x_wconf 81' lang='lat' dir='ltr'><strong>consolatur,</strong></span> <span class='ocrx_word' id='word_1_170' title='bbox 1289 1682 1391 1727; x_wconf 87' lang='lat' dir='ltr'><strong>certum</strong></span> <span class='ocrx_word' id='word_1_171' title='bbox 1410 1665 1543 1728; x_wconf 87' lang='lat' dir='ltr'><strong>adventus</strong></span> 
     </span>
     <span class='ocr_line' id='line_1_15' title="bbox 144 1753 1543 1840; baseline 0.003 -25"><span class='ocrx_word' id='word_1_172' title='bbox 144 1754 277 1833; x_wconf 79' lang='grc' dir='ltr'><strong>αδεσμίαν</strong></span> <span class='ocrx_word' id='word_1_173' title='bbox 289 1756 378 1821; x_wconf 70' lang='grc' dir='ltr'><strong>αὐτοῖς</strong></span> <span class='ocrx_word' id='word_1_174' title='bbox 390 1754 492 1827; x_wconf 73' lang='grc' dir='ltr'><strong>πολλὴν</strong></span> <span class='ocrx_word' id='word_1_175' title='bbox 505 1753 641 1836; x_wconf 83' lang='grc' dir='ltr'><strong>ταρίχων.</strong></span> <span class='ocrx_word' id='word_1_176' title='bbox 653 1756 706 1816; x_wconf 84' lang='grc' dir='ltr'><strong>Καί</strong></span> <span class='ocrx_word' id='word_1_177' title='bbox 713 1755 773 1817; x_wconf 71' lang='lat' dir='ltr'><strong>eset</strong></span> <span class='ocrx_word' id='word_1_178' title='bbox 827 1759 870 1819; x_wconf 90' lang='lat' dir='ltr'><strong>sui</strong></span> <span class='ocrx_word' id='word_1_179' title='bbox 883 1758 957 1819; x_wconf 90' lang='lat' dir='ltr'><strong>diem</strong></span> <span class='ocrx_word' id='word_1_180' title='bbox 968 1759 1133 1840; x_wconf 87' lang='lat' dir='ltr'><strong>significans.</strong></span> <span class='ocrx_word' id='word_1_181' title='bbox 1145 1761 1238 1838; x_wconf 81' lang='lat' dir='ltr'>Neque</span> <span class='ocrx_word' id='word_1_182' title='bbox 1248 1756 1293 1817; x_wconf 81' lang='lat' dir='ltr'><strong>his</strong></span> <span class='ocrx_word' id='word_1_183' title='bbox 1305 1771 1455 1831; x_wconf 84' lang='lat' dir='ltr'><strong>contentus,</strong></span> <span class='ocrx_word' id='word_1_184' title='bbox 1470 1771 1543 1819; x_wconf 87' lang='lat' dir='ltr'><strong>octa·</strong></span> 
     </span>
     <span class='ocr_line' id='line_1_16' title="bbox 144 1844 1692 1932; baseline 0.005 -29"><span class='ocrx_word' id='word_1_185' title='bbox 144 1844 231 1919; x_wconf 75' lang='grc' dir='ltr'><strong>ιιέσύη</strong></span> <span class='ocrx_word' id='word_1_186' title='bbox 251 1845 419 1924; x_wconf 61' lang='lat' dir='ltr'><strong>piceam&amp;</strong></span> <span class='ocrx_word' id='word_1_187' title='bbox 434 1847 481 1906; x_wconf 83' lang='grc' dir='ltr'><strong>καί</strong></span> <span class='ocrx_word' id='word_1_188' title='bbox 500 1846 590 1926; x_wconf 73' lang='grc' dir='ltr'><strong>ὄγδοον</strong></span> <span class='ocrx_word' id='word_1_189' title='bbox 610 1847 773 1929; x_wconf 82' lang='grc' dir='ltr'><strong>προσέθηκεν</strong></span> <span class='ocrx_word' id='word_1_190' title='bbox 789 1863 808 1910; x_wconf 84' lang='grc' dir='ltr'><strong>Β</strong></span> <span class='ocrx_word' id='word_1_191' title='bbox 825 1850 978 1913; x_wconf 82' lang='lat' dir='ltr'><strong>rumaliud</strong></span> <span class='ocrx_word' id='word_1_192' title='bbox 990 1848 1432 1932; x_wconf 72' lang='lat' dir='ltr'><strong>adjicitQuodnamilludi&#39;Cum</strong></span> <span class='ocrx_word' id='word_1_193' title='bbox 1444 1865 1692 1922; x_wconf 64' lang='lat' dir='ltr'><strong>autem1.cor.16.</strong></span> 
     </span>
     <span class='ocr_line' id='line_1_17' title="bbox 144 1933 1610 2026; baseline 0.004 -28"><span class='ocrx_word' id='word_1_194' title='bbox 144 1944 194 1998; x_wconf 74' lang='lat' dir='ltr'><strong>tiva</strong></span> <span class='ocrx_word' id='word_1_195' title='bbox 206 1934 238 1999; x_wconf 78' lang='grc' dir='ltr'><strong>δί</strong></span> <span class='ocrx_word' id='word_1_196' title='bbox 249 1944 342 2012; x_wconf 70' lang='grc' dir='ltr'><strong>σοι”τος</strong></span> <span class='ocrx_word' id='word_1_197' title='bbox 359 1937 487 1999; x_wconf 83' lang='grc' dir='ltr'><strong>Ἐπειδίιν</strong></span> <span class='ocrx_word' id='word_1_198' title='bbox 501 1937 544 2009; x_wconf 88' lang='grc' dir='ltr'><strong>δί,</strong></span> <span class='ocrx_word' id='word_1_199' title='bbox 557 1938 637 2019; x_wconf 78' lang='grc' dir='ltr'><strong>φησί,</strong></span> <span class='ocrx_word' id='word_1_200' title='bbox 653 1941 773 2021; x_wconf 83' lang='grc' dir='ltr'><strong>παραγέ-</strong></span> <span class='ocrx_word' id='word_1_201' title='bbox 824 1966 953 2026; x_wconf 73' lang='lat' dir='ltr'><strong>presens</strong></span> <span class='ocrx_word' id='word_1_202' title='bbox 960 1946 1059 2025; x_wconf 81' lang='lat' dir='ltr'><strong>suero,</strong></span> <span class='ocrx_word' id='word_1_203' title='bbox 1084 1943 1182 2024; x_wconf 92' lang='lat' dir='ltr'><strong>inquit,</strong></span> <span class='ocrx_word' id='word_1_204' title='bbox 1206 1934 1279 2025; x_wconf 80' lang='lat' dir='ltr'><strong>quos</strong></span> <span class='ocrx_word' id='word_1_205' title='bbox 1289 1945 1482 2024; x_wconf 79' lang='lat' dir='ltr'><strong>probaveritis</strong></span> <span class='ocrx_word' id='word_1_206' title='bbox 1490 1933 1575 2024; x_wconf 59' lang='grc' dir='ltr'><strong>μιαί·</strong></span> <span class='ocrx_word' id='word_1_207' title='bbox 1584 1933 1610 1993; x_wconf 76' lang='grc' dir='ltr'><strong>ί·</strong></span> 
     </span>
     <span class='ocr_line' id='line_1_18' title="bbox 144 2028 1544 2118; baseline 0.004 -29"><span class='ocrx_word' id='word_1_208' title='bbox 144 2031 169 2099; x_wconf 64' lang='lat' dir='ltr'><strong>te</strong></span> <span class='ocrx_word' id='word_1_209' title='bbox 194 2028 227 2089; x_wconf 77' lang='grc' dir='ltr'><strong>δν</strong></span> <span class='ocrx_word' id='word_1_210' title='bbox 249 2029 413 2108; x_wconf 74' lang='grc' dir='ltr'><strong>δοκιμάσητε</strong></span> <span class='ocrx_word' id='word_1_211' title='bbox 438 2032 471 2090; x_wconf 84' lang='grc' dir='ltr'><strong>δι’</strong></span> <span class='ocrx_word' id='word_1_212' title='bbox 485 2033 645 2106; x_wconf 83' lang='grc' dir='ltr'><strong>ἰτιστολῶν,</strong></span> <span class='ocrx_word' id='word_1_213' title='bbox 667 2033 773 2103; x_wconf 75' lang='grc' dir='ltr'><strong>τούτους</strong></span> <span class='ocrx_word' id='word_1_214' title='bbox 827 2037 977 2117; x_wconf 82' lang='lat' dir='ltr'><strong>epistolas,</strong></span> <span class='ocrx_word' id='word_1_215' title='bbox 999 2038 1052 2096; x_wconf 86' lang='grc' dir='ltr'><strong>ίιοσ</strong></span> <span class='ocrx_word' id='word_1_216' title='bbox 1067 2040 1181 2096; x_wconf 88' lang='lat' dir='ltr'><strong>mittam</strong></span> <span class='ocrx_word' id='word_1_217' title='bbox 1196 2036 1326 2118; x_wconf 82' lang='lat' dir='ltr'><strong>perferre</strong></span> <span class='ocrx_word' id='word_1_218' title='bbox 1344 2038 1474 2116; x_wconf 81' lang='lat' dir='ltr'><strong>gratiam</strong></span> <span class='ocrx_word' id='word_1_219' title='bbox 1486 2056 1544 2095; x_wconf 82' lang='lat' dir='ltr'><strong>ee-</strong></span> 
     </span>
     <span class='ocr_line' id='line_1_19' title="bbox 144 2115 1540 2209; baseline 0.005 -30"><span class='ocrx_word' id='word_1_220' title='bbox 144 2129 276 2202; x_wconf 74' lang='grc' dir='ltr'><strong>εασσχιιεῑν</strong></span> <span class='ocrx_word' id='word_1_221' title='bbox 286 2122 335 2195; x_wconf 75' lang='grc' dir='ltr'><strong>τὴν</strong></span> <span class='ocrx_word' id='word_1_222' title='bbox 346 2122 426 2204; x_wconf 77' lang='grc' dir='ltr'><strong>χάριν</strong></span> <span class='ocrx_word' id='word_1_223' title='bbox 439 2125 526 2200; x_wconf 73' lang='grc' dir='ltr'><strong>ὑμῶν·</strong></span> <span class='ocrx_word' id='word_1_224' title='bbox 542 2124 587 2182; x_wconf 83' lang='grc' dir='ltr'><strong>καί</strong></span> <span class='ocrx_word' id='word_1_225' title='bbox 601 2123 647 2185; x_wconf 79' lang='grc' dir='ltr'><strong>ἰὰν</strong></span> <span class='ocrx_word' id='word_1_226' title='bbox 665 2115 683 2204; x_wconf 74' lang='grc' dir='ltr'><strong>ᾗ</strong></span> <span class='ocrx_word' id='word_1_227' title='bbox 701 2124 773 2195; x_wconf 77' lang='grc' dir='ltr'><strong>ἄξιον</strong></span> <span class='ocrx_word' id='word_1_228' title='bbox 827 2140 928 2188; x_wconf 89' lang='lat' dir='ltr'><strong>stram.</strong></span> <span class='ocrx_word' id='word_1_229' title='bbox 942 2127 1028 2207; x_wconf 83' lang='lat' dir='ltr'><strong>Quod</strong></span> <span class='ocrx_word' id='word_1_230' title='bbox 1038 2131 1065 2188; x_wconf 87' lang='lat' dir='ltr'><strong>si</strong></span> <span class='ocrx_word' id='word_1_231' title='bbox 1075 2127 1197 2209; x_wconf 83' lang='lat' dir='ltr'><strong>dignum</strong></span> <span class='ocrx_word' id='word_1_232' title='bbox 1204 2129 1297 2207; x_wconf 82' lang='lat' dir='ltr'><strong>suerit</strong></span> <span class='ocrx_word' id='word_1_233' title='bbox 1310 2139 1343 2186; x_wconf 87' lang='lat' dir='ltr'><strong>ut</strong></span> <span class='ocrx_word' id='word_1_234' title='bbox 1356 2138 1386 2186; x_wconf 88' lang='lat' dir='ltr'><strong>et</strong></span> <span class='ocrx_word' id='word_1_235' title='bbox 1395 2147 1448 2208; x_wconf 87' lang='lat' dir='ltr'><strong>ege</strong></span> <span class='ocrx_word' id='word_1_236' title='bbox 1462 2148 1540 2200; x_wconf 87' lang='lat' dir='ltr'><strong>eam,</strong></span> 
     </span>
     <span class='ocr_line' id='line_1_20' title="bbox 151 2212 1542 2301; baseline 0.002 -28"><span class='ocrx_word' id='word_1_237' title='bbox 151 2212 333 2293; x_wconf 70' lang='lat' dir='ltr'><strong>nuptiantes,</strong></span> <span class='ocrx_word' id='word_1_238' title='bbox 355 2214 402 2275; x_wconf 77' lang='grc' dir='ltr'><strong>σύν</strong></span> <span class='ocrx_word' id='word_1_239' title='bbox 421 2215 481 2294; x_wconf 83' lang='grc' dir='ltr'><strong>έμοί</strong></span> <span class='ocrx_word' id='word_1_240' title='bbox 500 2214 680 2294; x_wconf 88' lang='grc' dir='ltr'><strong>πορεύσονται.</strong></span> <span class='ocrx_word' id='word_1_241' title='bbox 700 2217 773 2301; x_wconf 76' lang='lat' dir='ltr'><strong>&#39;Ope</strong></span> <span class='ocrx_word' id='word_1_242' title='bbox 827 2217 1120 2281; x_wconf 82' lang='lat' dir='ltr'><strong>mecamibuat.Vide</strong></span> <span class='ocrx_word' id='word_1_243' title='bbox 1131 2218 1409 2298; x_wconf 84' lang='lat' dir='ltr'><strong>quamalienaafastu</strong></span> <span class='ocrx_word' id='word_1_244' title='bbox 1422 2230 1448 2277; x_wconf 86' lang='lat' dir='ltr'><strong>et</strong></span> <span class='ocrx_word' id='word_1_245' title='bbox 1459 2237 1542 2296; x_wconf 90' lang='lat' dir='ltr'><strong>quam</strong></span> 
     </span>
     <span class='ocr_line' id='line_1_21' title="bbox 150 2304 1544 2390; baseline 0.001 -23"><span class='ocrx_word' id='word_1_246' title='bbox 150 2304 201 2367; x_wconf 75' lang='lat' dir='ltr'><strong>ul</strong></span> <span class='ocrx_word' id='word_1_247' title='bbox 224 2304 339 2373; x_wconf 78' lang='grc' dir='ltr'><strong>ίπιεικίς</strong></span> <span class='ocrx_word' id='word_1_248' title='bbox 358 2309 407 2378; x_wconf 79' lang='grc' dir='ltr'><strong>τῆς</strong></span> <span class='ocrx_word' id='word_1_249' title='bbox 429 2305 561 2388; x_wconf 74' lang='grc' dir='ltr'><strong>μακαρίας</strong></span> <span class='ocrx_word' id='word_1_250' title='bbox 583 2307 629 2368; x_wconf 90' lang='grc' dir='ltr'><strong>καί</strong></span> <span class='ocrx_word' id='word_1_251' title='bbox 652 2310 773 2390; x_wconf 77' lang='grc' dir='ltr'><strong>γενναίας</strong></span> <span class='ocrx_word' id='word_1_252' title='bbox 826 2310 945 2371; x_wconf 86' lang='lat' dir='ltr'><strong>modesta</strong></span> <span class='ocrx_word' id='word_1_253' title='bbox 961 2311 997 2370; x_wconf 90' lang='lat' dir='ltr'><strong>sit</strong></span> <span class='ocrx_word' id='word_1_254' title='bbox 1016 2311 1096 2370; x_wconf 85' lang='lat' dir='ltr'><strong>beata</strong></span> <span class='ocrx_word' id='word_1_255' title='bbox 1107 2323 1134 2372; x_wconf 90' lang='lat' dir='ltr'><strong>et</strong></span> <span class='ocrx_word' id='word_1_256' title='bbox 1154 2328 1277 2390; x_wconf 85' lang='lat' dir='ltr'><strong>generosa</strong></span> <span class='ocrx_word' id='word_1_257' title='bbox 1297 2308 1345 2368; x_wconf 87' lang='lat' dir='ltr'><strong>illa</strong></span> <span class='ocrx_word' id='word_1_258' title='bbox 1365 2309 1464 2384; x_wconf 87' lang='lat' dir='ltr'><strong>anima,</strong></span> <span class='ocrx_word' id='word_1_259' title='bbox 1478 2308 1544 2370; x_wconf 88' lang='lat' dir='ltr'><strong>vide</strong></span> 
     </span>
     <span class='ocr_line' id='line_1_22' title="bbox 144 2396 1542 2485; baseline 0.001 -27"><span class='ocrx_word' id='word_1_260' title='bbox 144 2400 220 2481; x_wconf 74' lang='grc' dir='ltr'><strong>χ’ής,</strong></span> <span class='ocrx_word' id='word_1_261' title='bbox 232 2396 280 2458; x_wconf 81' lang='grc' dir='ltr'><strong>καί</strong></span> <span class='ocrx_word' id='word_1_262' title='bbox 299 2398 330 2459; x_wconf 74' lang='grc' dir='ltr'><strong>τὸ</strong></span> <span class='ocrx_word' id='word_1_263' title='bbox 347 2398 521 2478; x_wconf 83' lang='grc' dir='ltr'><strong>κηδεμονικὸν</strong></span> <span class='ocrx_word' id='word_1_264' title='bbox 533 2400 579 2460; x_wconf 83' lang='grc' dir='ltr'><strong>καί</strong></span> <span class='ocrx_word' id='word_1_265' title='bbox 592 2401 771 2485; x_wconf 80' lang='grc' dir='ltr'><strong>ριλύστοργον.</strong></span> <span class='ocrx_word' id='word_1_266' title='bbox 827 2425 909 2483; x_wconf 88' lang='lat' dir='ltr'><strong>quam</strong></span> <span class='ocrx_word' id='word_1_267' title='bbox 918 2403 1045 2479; x_wconf 88' lang='lat' dir='ltr'><strong>sollicita,</strong></span> <span class='ocrx_word' id='word_1_268' title='bbox 1056 2423 1138 2482; x_wconf 77' lang='grc' dir='ltr'><strong>ιμιεοι</strong></span> <span class='ocrx_word' id='word_1_269' title='bbox 1148 2401 1342 2483; x_wconf 88' lang='lat' dir='ltr'><strong>amorisplena.</strong></span> <span class='ocrx_word' id='word_1_270' title='bbox 1358 2401 1542 2478; x_wconf 82' lang='lat' dir='ltr'><strong>Noluitenim,</strong></span> 
     </span>
     <span class='ocr_line' id='line_1_23' title="bbox 144 2488 1543 2578; baseline 0.001 -25"><span class='ocrx_word' id='word_1_271' title='bbox 144 2488 260 2563; x_wconf 73' lang='grc' dir='ltr'><strong>δθιησιν</strong></span> <span class='ocrx_word' id='word_1_272' title='bbox 278 2488 368 2564; x_wconf 77' lang='grc' dir='ltr'><strong>αύτδς,</strong></span> <span class='ocrx_word' id='word_1_273' title='bbox 381 2490 441 2552; x_wconf 75' lang='lat' dir='ltr'><strong>aet</strong></span> <span class='ocrx_word' id='word_1_274' title='bbox 460 2491 589 2573; x_wconf 78' lang='grc' dir='ltr'><strong>ἠνέσχετο</strong></span> <span class='ocrx_word' id='word_1_275' title='bbox 602 2492 663 2562; x_wconf 79' lang='grc' dir='ltr'><strong>τούς</strong></span> <span class='ocrx_word' id='word_1_276' title='bbox 683 2496 772 2555; x_wconf 82' lang='grc' dir='ltr'><strong>διακο·</strong></span> <span class='ocrx_word' id='word_1_277' title='bbox 826 2517 913 2575; x_wconf 89' lang='lat' dir='ltr'><strong>neque</strong></span> <span class='ocrx_word' id='word_1_278' title='bbox 925 2516 1021 2578; x_wconf 85' lang='lat' dir='ltr'><strong>passus</strong></span> <span class='ocrx_word' id='word_1_279' title='bbox 1032 2508 1072 2555; x_wconf 80' lang='lat' dir='ltr'><strong>est</strong></span> <span class='ocrx_word' id='word_1_280' title='bbox 1085 2508 1115 2555; x_wconf 91' lang='lat' dir='ltr'><strong>ut</strong></span> <span class='ocrx_word' id='word_1_281' title='bbox 1129 2495 1162 2570; x_wconf 91' lang='lat' dir='ltr'><strong>ii,</strong></span> <span class='ocrx_word' id='word_1_282' title='bbox 1176 2493 1223 2574; x_wconf 91' lang='lat' dir='ltr'><strong>qni</strong></span> <span class='ocrx_word' id='word_1_283' title='bbox 1236 2493 1363 2576; x_wconf 89' lang='lat' dir='ltr'><strong>pecunias</strong></span> <span class='ocrx_word' id='word_1_284' title='bbox 1371 2493 1543 2559; x_wconf 87' lang='lat' dir='ltr'><strong>administra·</strong></span> 
     </span>
     <span class='ocr_line' id='line_1_24' title="bbox 144 2583 1541 2669; baseline 0.002 -27"><span class='ocrx_word' id='word_1_285' title='bbox 144 2608 157 2653; x_wconf 86' lang='grc' dir='ltr'><strong>ς</strong></span> <span class='ocrx_word' id='word_1_286' title='bbox 176 2591 235 2653; x_wconf 84' lang='grc' dir='ltr'><strong>τοῖς</strong></span> <span class='ocrx_word' id='word_1_287' title='bbox 255 2583 379 2666; x_wconf 68' lang='grc' dir='ltr'><strong>χρήμασι</strong></span> <span class='ocrx_word' id='word_1_288' title='bbox 405 2584 513 2652; x_wconf 79' lang='grc' dir='ltr'><strong>τούτοις</strong></span> <span class='ocrx_word' id='word_1_289' title='bbox 533 2592 718 2669; x_wconf 81' lang='grc' dir='ltr'><strong>χειροτονῆσαι</strong></span> <span class='ocrx_word' id='word_1_290' title='bbox 744 2587 773 2658; x_wconf 70' lang='lat' dir='ltr'><strong>ii</strong></span> <span class='ocrx_word' id='word_1_291' title='bbox 826 2589 881 2648; x_wconf 91' lang='lat' dir='ltr'><strong>turi</strong></span> <span class='ocrx_word' id='word_1_292' title='bbox 892 2601 977 2667; x_wconf 84' lang='lat' dir='ltr'><strong>crant,</strong></span> <span class='ocrx_word' id='word_1_293' title='bbox 987 2587 1121 2647; x_wconf 89' lang='lat' dir='ltr'><strong>arbitratu</strong></span> <span class='ocrx_word' id='word_1_294' title='bbox 1134 2586 1176 2646; x_wconf 88' lang='lat' dir='ltr'><strong>sui</strong></span> <span class='ocrx_word' id='word_1_295' title='bbox 1198 2585 1284 2665; x_wconf 86' lang='lat' dir='ltr'><strong>ipsius</strong></span> <span class='ocrx_word' id='word_1_296' title='bbox 1304 2584 1541 2662; x_wconf 80' lang='lat' dir='ltr'><strong>constituerentur,</strong></span> 
     </span>
     <span class='ocr_line' id='line_1_25' title="bbox 144 2674 1542 2761; baseline 0.001 -25"><span class='ocrx_word' id='word_1_297' title='bbox 144 2674 242 2757; x_wconf 66' lang='grc' dir='ltr'><strong>ὅμης·</strong></span> <span class='ocrx_word' id='word_1_298' title='bbox 266 2677 327 2736; x_wconf 75' lang='grc' dir='ltr'>ἀλλ’</span> <span class='ocrx_word' id='word_1_299' title='bbox 346 2675 454 2747; x_wconf 85' lang='grc' dir='ltr'><strong>έκιίνοις</strong></span> <span class='ocrx_word' id='word_1_300' title='bbox 476 2676 526 2752; x_wconf 70' lang='grc' dir='ltr'><strong>τίν</strong></span> <span class='ocrx_word' id='word_1_301' title='bbox 549 2679 648 2761; x_wconf 84' lang='grc' dir='ltr'><strong>αίρεσιν</strong></span> <span class='ocrx_word' id='word_1_302' title='bbox 672 2680 772 2742; x_wconf 90' lang='grc' dir='ltr'><strong>τούτων</strong></span> <span class='ocrx_word' id='word_1_303' title='bbox 824 2680 871 2741; x_wconf 88' lang='lat' dir='ltr'><strong>sed</strong></span> <span class='ocrx_word' id='word_1_304' title='bbox 884 2701 978 2741; x_wconf 89' lang='lat' dir='ltr'><strong>eorum</strong></span> <span class='ocrx_word' id='word_1_305' title='bbox 989 2679 1145 2741; x_wconf 80' lang='lat' dir='ltr'><strong>electionem</strong></span> <span class='ocrx_word' id='word_1_306' title='bbox 1158 2678 1225 2761; x_wconf 87' lang='lat' dir='ltr'><strong>ipsis</strong></span> <span class='ocrx_word' id='word_1_307' title='bbox 1235 2677 1368 2760; x_wconf 83' lang='lat' dir='ltr'><strong>permisit,</strong></span> <span class='ocrx_word' id='word_1_308' title='bbox 1382 2699 1469 2758; x_wconf 87' lang='lat' dir='ltr'><strong>neque</strong></span> <span class='ocrx_word' id='word_1_309' title='bbox 1479 2699 1542 2739; x_wconf 90' lang='lat' dir='ltr'><strong>eon·</strong></span> 
     </span>
     <span class='ocr_line' id='line_1_26' title="bbox 158 2760 1541 2854; baseline 0.002 -26"><span class='ocrx_word' id='word_1_310' title='bbox 158 2767 399 2847; x_wconf 74' lang='grc' dir='ltr'><strong>ιιαίοίκένύμιζεν</strong></span> <span class='ocrx_word' id='word_1_311' title='bbox 413 2767 488 2850; x_wconf 79' lang='grc' dir='ltr'><strong>ύύριν</strong></span> <span class='ocrx_word' id='word_1_312' title='bbox 503 2760 570 2839; x_wconf 69' lang='grc' dir='ltr'><strong>εἶναι</strong></span> <span class='ocrx_word' id='word_1_313' title='bbox 592 2770 624 2831; x_wconf 83' lang='grc' dir='ltr'><strong>τδ</strong></span> <span class='ocrx_word' id='word_1_314' title='bbox 645 2782 771 2854; x_wconf 68' lang='grc' dir='ltr'><strong>πρᾶγμα,</strong></span> <span class='ocrx_word' id='word_1_315' title='bbox 824 2772 1013 2833; x_wconf 78' lang='lat' dir='ltr'><strong>tumeliaeleoe</strong></span> <span class='ocrx_word' id='word_1_316' title='bbox 1038 2770 1146 2848; x_wconf 87' lang='lat' dir='ltr'><strong>habuit,</strong></span> <span class='ocrx_word' id='word_1_317' title='bbox 1167 2770 1191 2830; x_wconf 90' lang='lat' dir='ltr'><strong>si</strong></span> <span class='ocrx_word' id='word_1_318' title='bbox 1210 2768 1416 2830; x_wconf 85' lang='lat' dir='ltr'><strong>Corinthiorum</strong></span> <span class='ocrx_word' id='word_1_319' title='bbox 1436 2769 1541 2831; x_wconf 77' lang='lat' dir='ltr'><strong>mleule</strong></span> 
     </span>
     <span class='ocr_line' id='line_1_27' title="bbox 144 2858 1542 2946; baseline 0.004 -27"><span class='ocrx_word' id='word_1_320' title='bbox 144 2858 225 2921; x_wconf 75' lang='grc' dir='ltr'><strong>νοέων</strong></span> <span class='ocrx_word' id='word_1_321' title='bbox 237 2859 373 2942; x_wconf 76' lang='grc' dir='ltr'><strong>ψιίριρκαί</strong></span> <span class='ocrx_word' id='word_1_322' title='bbox 385 2859 497 2943; x_wconf 76' lang='grc' dir='ltr'><strong>γνώμῃ,</strong></span> <span class='ocrx_word' id='word_1_323' title='bbox 512 2861 581 2923; x_wconf 75' lang='grc' dir='ltr'>ἀλλὰ</span> <span class='ocrx_word' id='word_1_324' title='bbox 596 2863 633 2943; x_wconf 80' lang='grc' dir='ltr'><strong>μὴ</strong></span> <span class='ocrx_word' id='word_1_325' title='bbox 647 2869 680 2946; x_wconf 84' lang='grc' dir='ltr'><strong>τῇ</strong></span> <span class='ocrx_word' id='word_1_326' title='bbox 692 2866 771 2929; x_wconf 78' lang='lat' dir='ltr'><strong>llei-</strong></span> <span class='ocrx_word' id='word_1_327' title='bbox 788 2890 807 2938; x_wconf 77' lang='lat' dir='ltr'><strong>c</strong></span> <span class='ocrx_word' id='word_1_328' title='bbox 823 2879 904 2946; x_wconf 88' lang='lat' dir='ltr'><strong>atque</strong></span> <span class='ocrx_word' id='word_1_329' title='bbox 924 2864 1064 2944; x_wconf 86' lang='lat' dir='ltr'><strong>sententia,</strong></span> <span class='ocrx_word' id='word_1_330' title='bbox 1086 2883 1139 2924; x_wconf 91' lang='lat' dir='ltr'><strong>nen</strong></span> <span class='ocrx_word' id='word_1_331' title='bbox 1162 2877 1253 2923; x_wconf 84' lang='lat' dir='ltr'><strong>autem</strong></span> <span class='ocrx_word' id='word_1_332' title='bbox 1276 2860 1365 2938; x_wconf 85' lang='lat' dir='ltr'><strong>Pauli,</strong></span> <span class='ocrx_word' id='word_1_333' title='bbox 1394 2861 1542 2924; x_wconf 85' lang='lat' dir='ltr'><strong>constitue-</strong></span> 
     </span>
     <span class='ocr_line' id='line_1_28' title="bbox 144 2948 1542 3036; baseline 0.001 -21"><span class='ocrx_word' id='word_1_334' title='bbox 144 2951 270 3015; x_wconf 83' lang='grc' dir='ltr'><strong>ιινσύτω</strong></span> <span class='ocrx_word' id='word_1_335' title='bbox 283 2952 469 3015; x_wconf 76' lang='grc' dir='ltr'><strong>καθίστασθαι·</strong></span> <span class='ocrx_word' id='word_1_336' title='bbox 489 2955 638 3016; x_wconf 81' lang='grc' dir='ltr'><strong>τούναντίον</strong></span> <span class='ocrx_word' id='word_1_337' title='bbox 658 2956 706 3036; x_wconf 75' lang='grc' dir='ltr'><strong>μέν</strong></span> <span class='ocrx_word' id='word_1_338' title='bbox 727 2948 772 3019; x_wconf 79' lang='grc' dir='ltr'><strong>σύν</strong></span> <span class='ocrx_word' id='word_1_339' title='bbox 824 2972 930 3036; x_wconf 68' lang='lat' dir='ltr'><strong>rentum</strong></span> <span class='ocrx_word' id='word_1_340' title='bbox 948 2973 1040 3019; x_wconf 89' lang='lat' dir='ltr'><strong>eontra</strong></span> <span class='ocrx_word' id='word_1_341' title='bbox 1064 2977 1128 3018; x_wconf 86' lang='lat' dir='ltr'><strong>rere</strong></span> <span class='ocrx_word' id='word_1_342' title='bbox 1141 2954 1291 3017; x_wconf 86' lang='lat' dir='ltr'><strong>absurdum</strong></span> <span class='ocrx_word' id='word_1_343' title='bbox 1310 2955 1367 3015; x_wconf 82' lang='lat' dir='ltr'><strong>fore</strong></span> <span class='ocrx_word' id='word_1_344' title='bbox 1386 2955 1542 3035; x_wconf 81' lang='lat' dir='ltr'><strong>censuit,si</strong></span> 
     </span>
     <span class='ocr_line' id='line_1_29' title="bbox 144 3035 1542 3130; baseline 0.001 -23"><span class='ocrx_word' id='word_1_345' title='bbox 144 3068 185 3107; x_wconf 80' lang='lat' dir='ltr'><strong>tat</strong></span> <span class='ocrx_word' id='word_1_346' title='bbox 198 3035 268 3105; x_wconf 74' lang='grc' dir='ltr'><strong>εἶναι</strong></span> <span class='ocrx_word' id='word_1_347' title='bbox 291 3044 428 3126; x_wconf 76' lang='grc' dir='ltr'><strong>ίφαίνετο,</strong></span> <span class='ocrx_word' id='word_1_348' title='bbox 441 3045 490 3120; x_wconf 76' lang='grc' dir='ltr'><strong>τὴν</strong></span> <span class='ocrx_word' id='word_1_349' title='bbox 507 3046 555 3126; x_wconf 82' lang='grc' dir='ltr'><strong>μέν</strong></span> <span class='ocrx_word' id='word_1_350' title='bbox 566 3049 689 3130; x_wconf 72' lang='grc' dir='ltr'><strong>είσρορίαν</strong></span> <span class='ocrx_word' id='word_1_351' title='bbox 701 3049 772 3110; x_wconf 87' lang='grc' dir='ltr'><strong>έκεί·</strong></span> <span class='ocrx_word' id='word_1_352' title='bbox 824 3051 926 3113; x_wconf 90' lang='lat' dir='ltr'><strong>oblatio</strong></span> <span class='ocrx_word' id='word_1_353' title='bbox 939 3072 1032 3111; x_wconf 83' lang='lat' dir='ltr'><strong>eorum</strong></span> <span class='ocrx_word' id='word_1_354' title='bbox 1043 3063 1121 3123; x_wconf 84' lang='lat' dir='ltr'><strong>esset,</strong></span> <span class='ocrx_word' id='word_1_355' title='bbox 1143 3048 1330 3109; x_wconf 80' lang='lat' dir='ltr'><strong>ministrentur</strong></span> <span class='ocrx_word' id='word_1_356' title='bbox 1342 3060 1432 3107; x_wconf 80' lang='lat' dir='ltr'><strong>autem</strong></span> <span class='ocrx_word' id='word_1_357' title='bbox 1446 3045 1542 3108; x_wconf 79' lang='lat' dir='ltr'><strong>electio</strong></span> 
     </span>
     <span class='ocr_line' id='line_1_30' title="bbox 147 3135 1541 3223; baseline 0.002 -27"><span class='ocrx_word' id='word_1_358' title='bbox 147 3182 159 3213; x_wconf 92' lang='lat'><strong>,</strong></span> <span class='ocrx_word' id='word_1_359' title='bbox 174 3135 228 3209; x_wconf 73' lang='grc' dir='ltr'><strong>τὴν</strong></span> <span class='ocrx_word' id='word_1_360' title='bbox 241 3136 269 3197; x_wconf 76' lang='lat' dir='ltr'><strong>di</strong></span> <span class='ocrx_word' id='word_1_361' title='bbox 284 3136 385 3219; x_wconf 86' lang='grc' dir='ltr'><strong>είρεσιν</strong></span> <span class='ocrx_word' id='word_1_362' title='bbox 397 3143 451 3198; x_wconf 89' lang='grc' dir='ltr'><strong>τῶν</strong></span> <span class='ocrx_word' id='word_1_363' title='bbox 471 3141 709 3222; x_wconf 78' lang='grc' dir='ltr'><strong>ύτιηρττησομένων</strong></span> <span class='ocrx_word' id='word_1_364' title='bbox 726 3144 772 3202; x_wconf 77' lang='grc' dir='ltr'><strong>αύ-</strong></span> <span class='ocrx_word' id='word_1_365' title='bbox 824 3165 883 3205; x_wconf 86' lang='lat' dir='ltr'><strong>sua.</strong></span> <span class='ocrx_word' id='word_1_366' title='bbox 892 3142 1009 3223; x_wconf 87' lang='lat' dir='ltr'><strong>Ideoque</strong></span> <span class='ocrx_word' id='word_1_367' title='bbox 1018 3140 1048 3202; x_wconf 92' lang='lat' dir='ltr'><strong>id</strong></span> <span class='ocrx_word' id='word_1_368' title='bbox 1059 3142 1116 3201; x_wconf 82' lang='lat' dir='ltr'><strong>illis</strong></span> <span class='ocrx_word' id='word_1_369' title='bbox 1129 3137 1272 3216; x_wconf 81' lang='lat' dir='ltr'><strong>commisit,</strong></span> <span class='ocrx_word' id='word_1_370' title='bbox 1287 3137 1446 3199; x_wconf 73' lang='lat' dir='ltr'><strong>modestiam</strong></span> <span class='ocrx_word' id='word_1_371' title='bbox 1459 3137 1541 3199; x_wconf 90' lang='lat' dir='ltr'><strong>simul</strong></span> 
     </span>
     <span class='ocr_line' id='line_1_31' title="bbox 144 3229 1540 3312; baseline -0.002 -21"><span class='ocrx_word' id='word_1_372' title='bbox 144 3234 217 3291; x_wconf 73' lang='grc' dir='ltr'><strong>αιἰτο</strong></span> <span class='ocrx_word' id='word_1_373' title='bbox 231 3232 318 3297; x_wconf 82' lang='grc' dir='ltr'><strong>αύτοῑι</strong></span> <span class='ocrx_word' id='word_1_374' title='bbox 330 3237 407 3292; x_wconf 84' lang='grc' dir='ltr'><strong>τοῶτο</strong></span> <span class='ocrx_word' id='word_1_375' title='bbox 424 3229 576 3312; x_wconf 71' lang='grc' dir='ltr'><strong>ἐπέτρεψεν,</strong></span> <span class='ocrx_word' id='word_1_376' title='bbox 594 3236 661 3311; x_wconf 81' lang='grc' dir='ltr'><strong>ὁμοῶ</strong></span> <span class='ocrx_word' id='word_1_377' title='bbox 674 3259 703 3294; x_wconf 91' lang='grc' dir='ltr'><strong>τε</strong></span> <span class='ocrx_word' id='word_1_378' title='bbox 723 3235 772 3310; x_wconf 72' lang='grc' dir='ltr'><strong>τὴν</strong></span> <span class='ocrx_word' id='word_1_379' title='bbox 825 3257 903 3297; x_wconf 85' lang='lat' dir='ltr'><strong>suam</strong></span> <span class='ocrx_word' id='word_1_380' title='bbox 910 3233 1060 3311; x_wconf 86' lang='lat' dir='ltr'><strong>ostendens,</strong></span> <span class='ocrx_word' id='word_1_381' title='bbox 1075 3246 1158 3311; x_wconf 89' lang='lat' dir='ltr'><strong>atque</strong></span> <span class='ocrx_word' id='word_1_382' title='bbox 1169 3252 1275 3292; x_wconf 88' lang='lat' dir='ltr'><strong>emnem</strong></span> <span class='ocrx_word' id='word_1_383' title='bbox 1289 3250 1382 3290; x_wconf 89' lang='lat' dir='ltr'><strong>ansam</strong></span> <span class='ocrx_word' id='word_1_384' title='bbox 1398 3230 1540 3290; x_wconf 87' lang='lat' dir='ltr'><strong>umbram·</strong></span> 
     </span>
     <span class='ocr_line' id='line_1_32' title="bbox 173 3322 1541 3410; baseline 0 -26"><span class='ocrx_word' id='word_1_385' title='bbox 173 3322 403 3402; x_wconf 81' lang='grc' dir='ltr'><strong>δπιδιικνύμενος,</strong></span> <span class='ocrx_word' id='word_1_386' title='bbox 428 3327 495 3402; x_wconf 74' lang='lat' dir='ltr'><strong>ipsis</strong></span> <span class='ocrx_word' id='word_1_387' title='bbox 517 3347 547 3384; x_wconf 91' lang='grc' dir='ltr'><strong>τε</strong></span> <span class='ocrx_word' id='word_1_388' title='bbox 573 3334 662 3387; x_wconf 74' lang='grc' dir='ltr'><strong>πᾶσαν</strong></span> <span class='ocrx_word' id='word_1_389' title='bbox 685 3328 772 3401; x_wconf 66' lang='lat' dir='ltr'><strong>iadis</strong></span> <span class='ocrx_word' id='word_1_390' title='bbox 825 3351 879 3410; x_wconf 90' lang='lat' dir='ltr'><strong>que</strong></span> <span class='ocrx_word' id='word_1_391' title='bbox 892 3328 1012 3390; x_wconf 80' lang='lat' dir='ltr'><strong>adversa</strong></span> <span class='ocrx_word' id='word_1_392' title='bbox 1025 3324 1399 3410; x_wconf 82' lang='lat' dir='ltr'><strong>suspicioni&#39;sresecans.Nam</strong></span> <span class='ocrx_word' id='word_1_393' title='bbox 1413 3322 1541 3385; x_wconf 81' lang='lat' dir='ltr'><strong>licetsole</strong></span> 
     </span>
     <span class='ocr_line' id='line_1_33' title="bbox 144 3413 1542 3504; baseline 0 -28"><span class='ocrx_word' id='word_1_394' title='bbox 144 3415 185 3476; x_wconf 78' lang='grc' dir='ltr'><strong>ταὶ</strong></span> <span class='ocrx_word' id='word_1_395' title='bbox 205 3414 285 3476; x_wconf 74' lang='grc' dir='ltr'><strong>σκιὰν</strong></span> <span class='ocrx_word' id='word_1_396' title='bbox 310 3414 424 3496; x_wconf 70' lang='grc' dir='ltr'><strong>ύποίιίας</strong></span> <span class='ocrx_word' id='word_1_397' title='bbox 442 3413 550 3476; x_wconf 78' lang='grc' dir='ltr'><strong>ἀτόπου.</strong></span> <span class='ocrx_word' id='word_1_398' title='bbox 591 3418 626 3476; x_wconf 80' lang='lat' dir='ltr'><strong>Et</strong></span> <span class='ocrx_word' id='word_1_399' title='bbox 648 3417 700 3500; x_wconf 72' lang='grc' dir='ltr'><strong>γὰρ</strong></span> <span class='ocrx_word' id='word_1_400' title='bbox 727 3421 773 3479; x_wconf 83' lang='grc' dir='ltr'><strong>καί</strong></span> <span class='ocrx_word' id='word_1_401' title='bbox 824 3421 991 3504; x_wconf 81' lang='lat' dir='ltr'><strong>splendidior</strong></span> <span class='ocrx_word' id='word_1_402' title='bbox 1004 3435 1029 3482; x_wconf 88' lang='lat' dir='ltr'><strong>et</strong></span> <span class='ocrx_word' id='word_1_403' title='bbox 1042 3420 1078 3480; x_wconf 89' lang='lat' dir='ltr'><strong>ab</strong></span> <span class='ocrx_word' id='word_1_404' title='bbox 1091 3418 1165 3479; x_wconf 87' lang='lat' dir='ltr'><strong>omni</strong></span> <span class='ocrx_word' id='word_1_405' title='bbox 1185 3416 1255 3477; x_wconf 88' lang='lat' dir='ltr'><strong>mala</strong></span> <span class='ocrx_word' id='word_1_406' title='bbox 1275 3415 1426 3496; x_wconf 87' lang='lat' dir='ltr'><strong>suspicione</strong></span> <span class='ocrx_word' id='word_1_407' title='bbox 1437 3415 1542 3476; x_wconf 87' lang='lat' dir='ltr'><strong>alienus</strong></span> 
     </span>
     <span class='ocr_line' id='line_1_34' title="bbox 158 3499 1541 3591; baseline -0.001 -22"><span class='ocrx_word' id='word_1_408' title='bbox 158 3508 344 3589; x_wconf 76' lang='grc' dir='ltr'><strong>λαμπρότερος</strong></span> <span class='ocrx_word' id='word_1_409' title='bbox 358 3499 401 3581; x_wconf 69' lang='grc' dir='ltr'><strong>ἦν,</strong></span> <span class='ocrx_word' id='word_1_410' title='bbox 416 3506 462 3566; x_wconf 85' lang='grc' dir='ltr'><strong>καί</strong></span> <span class='ocrx_word' id='word_1_411' title='bbox 474 3509 563 3581; x_wconf 82' lang='grc' dir='ltr'><strong>πιίσης</strong></span> <span class='ocrx_word' id='word_1_412' title='bbox 575 3520 691 3591; x_wconf 75' lang='grc' dir='ltr'><strong>πονηρᾶς</strong></span> <span class='ocrx_word' id='word_1_413' title='bbox 708 3515 773 3572; x_wconf 83' lang='grc' dir='ltr'><strong>ύπο·</strong></span> <span class='ocrx_word' id='word_1_414' title='bbox 825 3528 892 3575; x_wconf 85' lang='lat' dir='ltr'><strong>esset</strong></span> <span class='ocrx_word' id='word_1_415' title='bbox 906 3538 912 3572; x_wconf 91' lang='lat'>:</span> <span class='ocrx_word' id='word_1_416' title='bbox 926 3501 1115 3575; x_wconf 82' lang='lat' dir='ltr'><strong>exabundanti</strong></span> <span class='ocrx_word' id='word_1_417' title='bbox 1122 3525 1209 3571; x_wconf 87' lang='lat' dir='ltr'><strong>tamen</strong></span> <span class='ocrx_word' id='word_1_418' title='bbox 1218 3508 1331 3568; x_wconf 87' lang='lat' dir='ltr'><strong>curabat</strong></span> <span class='ocrx_word' id='word_1_419' title='bbox 1344 3507 1541 3568; x_wconf 82' lang='lat' dir='ltr'><strong>infirmioribus</strong></span> 
     </span>
     <span class='ocr_line' id='line_1_35' title="bbox 144 3597 1539 3688; baseline 0.001 -30"><span class='ocrx_word' id='word_1_420' title='bbox 144 3598 295 3681; x_wconf 71' lang='grc' dir='ltr'><strong>λσγμίνος,</strong></span> <span class='ocrx_word' id='word_1_421' title='bbox 307 3601 367 3659; x_wconf 73' lang='grc' dir='ltr'><strong>ἀλλ’</strong></span> <span class='ocrx_word' id='word_1_422' title='bbox 378 3600 451 3680; x_wconf 75' lang='grc' dir='ltr'><strong>ὅμως</strong></span> <span class='ocrx_word' id='word_1_423' title='bbox 464 3601 511 3661; x_wconf 82' lang='grc' dir='ltr'><strong>καί</strong></span> <span class='ocrx_word' id='word_1_424' title='bbox 526 3599 607 3671; x_wconf 73' lang='grc' dir='ltr'><strong>οὕτως</strong></span> <span class='ocrx_word' id='word_1_425' title='bbox 619 3605 649 3662; x_wconf 69' lang='lat' dir='ltr'><strong>tx</strong></span> <span class='ocrx_word' id='word_1_426' title='bbox 668 3628 772 3685; x_wconf 88' lang='grc' dir='ltr'><strong>περισυ-</strong></span> <span class='ocrx_word' id='word_1_427' title='bbox 825 3628 854 3666; x_wconf 89' lang='lat' dir='ltr'><strong>se</strong></span> <span class='ocrx_word' id='word_1_428' title='bbox 871 3620 1057 3688; x_wconf 84' lang='lat' dir='ltr'><strong>attemperare,</strong></span> <span class='ocrx_word' id='word_1_429' title='bbox 1081 3615 1108 3662; x_wconf 87' lang='lat' dir='ltr'><strong>et</strong></span> <span class='ocrx_word' id='word_1_430' title='bbox 1120 3602 1202 3662; x_wconf 81' lang='lat' dir='ltr'><strong>falsas</strong></span> <span class='ocrx_word' id='word_1_431' title='bbox 1227 3597 1392 3680; x_wconf 81' lang='lat' dir='ltr'><strong>suspiciones</strong></span> <span class='ocrx_word' id='word_1_432' title='bbox 1411 3599 1539 3680; x_wconf 80' lang='lat' dir='ltr'><strong>effugere.</strong></span> 
     </span>
     <span class='ocr_line' id='line_1_36' title="bbox 144 3690 1539 3778; baseline 0.001 -26"><span class='ocrx_word' id='word_1_433' title='bbox 144 3690 218 3762; x_wconf 81' lang='grc' dir='ltr'><strong>ίδαζε</strong></span> <span class='ocrx_word' id='word_1_434' title='bbox 230 3692 276 3752; x_wconf 84' lang='grc' dir='ltr'><strong>καί</strong></span> <span class='ocrx_word' id='word_1_435' title='bbox 291 3696 345 3752; x_wconf 91' lang='grc' dir='ltr'><strong>τῶν</strong></span> <span class='ocrx_word' id='word_1_436' title='bbox 359 3691 551 3775; x_wconf 76' lang='grc' dir='ltr'><strong>ἀσθενεστέρων</strong></span> <span class='ocrx_word' id='word_1_437' title='bbox 563 3693 712 3775; x_wconf 71' lang='grc' dir='ltr'><strong>φείδεσθαι,</strong></span> <span class='ocrx_word' id='word_1_438' title='bbox 728 3698 773 3758; x_wconf 83' lang='grc' dir='ltr'><strong>καί</strong></span> <span class='ocrx_word' id='word_1_439' title='bbox 826 3699 969 3778; x_wconf 86' lang='lat' dir='ltr'><strong>Propterea</strong></span> <span class='ocrx_word' id='word_1_440' title='bbox 981 3694 1048 3755; x_wconf 87' lang='lat' dir='ltr'><strong>dicit</strong></span> <span class='ocrx_word' id='word_1_441' title='bbox 1063 3718 1070 3753; x_wconf 77' lang='grc' dir='ltr'><strong>τ</strong></span> <span class='ocrx_word' id='word_1_442' title='bbox 1084 3695 1158 3754; x_wconf 75' lang='grc' dir='ltr'><strong>θοντο</strong></span> <span class='ocrx_word' id='word_1_443' title='bbox 1177 3702 1277 3751; x_wconf 86' lang='lat' dir='ltr'><strong>autem</strong></span> <span class='ocrx_word' id='word_1_444' title='bbox 1298 3710 1426 3771; x_wconf 81' lang='lat' dir='ltr'><strong>praesens</strong></span> <span class='ocrx_word' id='word_1_445' title='bbox 1434 3693 1539 3773; x_wconf 80' lang='lat' dir='ltr'><strong>stoero,</strong></span> 
     </span>
     <span class='ocr_line' id='line_1_37' title="bbox 144 3783 1542 3872; baseline 0.001 -29"><span class='ocrx_word' id='word_1_446' title='bbox 144 3792 175 3855; x_wconf 70' lang='grc' dir='ltr'><strong>κς</strong></span> <span class='ocrx_word' id='word_1_447' title='bbox 194 3783 321 3852; x_wconf 85' lang='grc' dir='ltr'><strong>ύποναίας</strong></span> <span class='ocrx_word' id='word_1_448' title='bbox 342 3784 499 3866; x_wconf 76' lang='grc' dir='ltr'><strong>διαφεύγειν.</strong></span> <span class='ocrx_word' id='word_1_449' title='bbox 514 3785 566 3846; x_wconf 85' lang='grc' dir='ltr'><strong>Διίι</strong></span> <span class='ocrx_word' id='word_1_450' title='bbox 583 3788 660 3847; x_wconf 83' lang='grc' dir='ltr'><strong>τοῦτό</strong></span> <span class='ocrx_word' id='word_1_451' title='bbox 673 3812 771 3870; x_wconf 60' lang='grc' dir='ltr'><strong>μασιν·</strong></span> <span class='ocrx_word' id='word_1_452' title='bbox 827 3809 898 3870; x_wconf 86' lang='lat' dir='ltr'><strong>quos</strong></span> <span class='ocrx_word' id='word_1_453' title='bbox 905 3789 1112 3872; x_wconf 77' lang='lat' dir='ltr'><strong>probaveritis,</strong></span> <span class='ocrx_word' id='word_1_454' title='bbox 1134 3787 1187 3845; x_wconf 75' lang='lat' dir='ltr'><strong>tros</strong></span> <span class='ocrx_word' id='word_1_455' title='bbox 1207 3786 1323 3842; x_wconf 86' lang='lat' dir='ltr'><strong>mittam</strong></span> <span class='ocrx_word' id='word_1_456' title='bbox 1332 3784 1463 3866; x_wconf 83' lang='lat' dir='ltr'><strong>perferre</strong></span> <span class='ocrx_word' id='word_1_457' title='bbox 1473 3806 1542 3866; x_wconf 86' lang='lat' dir='ltr'><strong>gra·</strong></span> 
     </span>
     <span class='ocr_line' id='line_1_38' title="bbox 144 3868 1540 3958; baseline -0.003 -21"><span class='ocrx_word' id='word_1_458' title='bbox 144 3877 350 3958; x_wconf 66' lang='grc' dir='ltr'><strong>παραγίνομαι,</strong></span> <span class='ocrx_word' id='word_1_459' title='bbox 363 3875 407 3944; x_wconf 76' lang='lat' dir='ltr'><strong>ed&lt;</strong></span> <span class='ocrx_word' id='word_1_460' title='bbox 423 3876 468 3937; x_wconf 82' lang='grc' dir='ltr'><strong>ἐδιν</strong></span> <span class='ocrx_word' id='word_1_461' title='bbox 478 3877 655 3956; x_wconf 79' lang='grc' dir='ltr'><strong>δοκιμάσητε,</strong></span> <span class='ocrx_word' id='word_1_462' title='bbox 668 3881 773 3952; x_wconf 76' lang='grc' dir='ltr'><strong>τούτους</strong></span> <span class='ocrx_word' id='word_1_463' title='bbox 789 3907 809 3954; x_wconf 75' lang='lat'><strong>1,</strong></span> <span class='ocrx_word' id='word_1_464' title='bbox 827 3880 900 3936; x_wconf 85' lang='lat' dir='ltr'><strong>tiam</strong></span> <span class='ocrx_word' id='word_1_465' title='bbox 916 3887 1058 3935; x_wconf 84' lang='lat' dir='ltr'><strong>vestram.</strong></span> <span class='ocrx_word' id='word_1_466' title='bbox 1076 3871 1152 3946; x_wconf 90' lang='lat' dir='ltr'><strong>Quid</strong></span> <span class='ocrx_word' id='word_1_467' title='bbox 1172 3868 1260 3929; x_wconf 81' lang='lat' dir='ltr'><strong>dicis?</strong></span> <span class='ocrx_word' id='word_1_468' title='bbox 1283 3883 1314 3929; x_wconf 89' lang='lat' dir='ltr'><strong>tu</strong></span> <span class='ocrx_word' id='word_1_469' title='bbox 1338 3890 1391 3929; x_wconf 89' lang='lat' dir='ltr'><strong>non</strong></span> <span class='ocrx_word' id='word_1_470' title='bbox 1411 3872 1540 3953; x_wconf 76' lang='lat' dir='ltr'><strong>navigas,</strong></span> 
     </span>
     <span class='ocr_line' id='line_1_39' title="bbox 144 3959 1541 4052; baseline -0.004 -21"><span class='ocrx_word' id='word_1_471' title='bbox 144 3977 275 4048; x_wconf 76' lang='grc' dir='ltr'><strong>ιινεγκεῑν</strong></span> <span class='ocrx_word' id='word_1_472' title='bbox 285 3969 335 4041; x_wconf 75' lang='grc' dir='ltr'><strong>τὴν</strong></span> <span class='ocrx_word' id='word_1_473' title='bbox 346 3968 425 4051; x_wconf 77' lang='grc' dir='ltr'><strong>χάριν</strong></span> <span class='ocrx_word' id='word_1_474' title='bbox 435 3974 518 4048; x_wconf 82' lang='grc' dir='ltr'><strong>ὑμῶν.</strong></span> <span class='ocrx_word' id='word_1_475' title='bbox 532 3968 569 4030; x_wconf 91' lang='grc' dir='ltr'><strong>Τί</strong></span> <span class='ocrx_word' id='word_1_476' title='bbox 585 3970 685 4052; x_wconf 56' lang='grc' dir='ltr'><strong>λέγεις</strong></span> <span class='ocrx_word' id='word_1_477' title='bbox 700 3972 731 4033; x_wconf 81' lang='grc' dir='ltr'><strong>σὺ</strong></span> <span class='ocrx_word' id='word_1_478' title='bbox 745 3974 772 4032; x_wconf 75' lang='grc' dir='ltr'><strong>δὲ</strong></span> <span class='ocrx_word' id='word_1_479' title='bbox 827 3989 912 4047; x_wconf 82' lang='lat' dir='ltr'><strong>netpte</strong></span> <span class='ocrx_word' id='word_1_480' title='bbox 921 3967 1048 4050; x_wconf 88' lang='lat' dir='ltr'><strong>pecunias</strong></span> <span class='ocrx_word' id='word_1_481' title='bbox 1060 3963 1170 4045; x_wconf 84' lang='lat' dir='ltr'><strong>accipis,</strong></span> <span class='ocrx_word' id='word_1_482' title='bbox 1182 3961 1230 4023; x_wconf 89' lang='lat' dir='ltr'><strong>sed</strong></span> <span class='ocrx_word' id='word_1_483' title='bbox 1240 3959 1301 4021; x_wconf 87' lang='lat' dir='ltr'><strong>aliis</strong></span> <span class='ocrx_word' id='word_1_484' title='bbox 1310 3982 1366 4021; x_wconf 86' lang='lat' dir='ltr'><strong>rem</strong></span> <span class='ocrx_word' id='word_1_485' title='bbox 1376 3964 1541 4025; x_wconf 79' lang='lat' dir='ltr'><strong>committis?</strong></span> 
     </span>
     <span class='ocr_line' id='line_1_40' title="bbox 152 4053 1541 4146; baseline -0.001 -25"><span class='ocrx_word' id='word_1_486' title='bbox 152 4059 215 4121; x_wconf 74' lang='lat' dir='ltr'><strong>etet</strong></span> <span class='ocrx_word' id='word_1_487' title='bbox 237 4059 302 4141; x_wconf 80' lang='grc' dir='ltr'><strong>δίχη</strong></span> <span class='ocrx_word' id='word_1_488' title='bbox 325 4059 360 4119; x_wconf 74' lang='grc' dir='ltr'><strong>τὰ</strong></span> <span class='ocrx_word' id='word_1_489' title='bbox 377 4060 519 4141; x_wconf 70' lang='grc' dir='ltr'><strong>χρήματα,</strong></span> <span class='ocrx_word' id='word_1_490' title='bbox 539 4064 597 4122; x_wconf 78' lang='grc' dir='ltr'>ἀλλ’</span> <span class='ocrx_word' id='word_1_491' title='bbox 620 4063 717 4146; x_wconf 75' lang='grc' dir='ltr'><strong>ἑτέροις</strong></span> <span class='ocrx_word' id='word_1_492' title='bbox 743 4064 773 4123; x_wconf 83' lang='grc' dir='ltr'><strong>τὸ</strong></span> <span class='ocrx_word' id='word_1_493' title='bbox 827 4063 868 4121; x_wconf 79' lang='lat' dir='ltr'><strong>Ne</strong></span> <span class='ocrx_word' id='word_1_494' title='bbox 882 4060 967 4142; x_wconf 89' lang='lat' dir='ltr'><strong>igitur</strong></span> <span class='ocrx_word' id='word_1_495' title='bbox 979 4057 1044 4118; x_wconf 89' lang='lat' dir='ltr'><strong>talia</strong></span> <span class='ocrx_word' id='word_1_496' title='bbox 1069 4057 1216 4137; x_wconf 75' lang='lat' dir='ltr'><strong>cogitantes</strong></span> <span class='ocrx_word' id='word_1_497' title='bbox 1231 4053 1366 4136; x_wconf 75' lang='lat' dir='ltr'><strong>segniores</strong></span> <span class='ocrx_word' id='word_1_498' title='bbox 1387 4056 1541 4132; x_wconf 81' lang='lat' dir='ltr'><strong>evaderent,</strong></span> 
     </span>
     <span class='ocr_line' id='line_1_41' title="bbox 144 4142 1541 4238; baseline -0.002 -25"><span class='ocrx_word' id='word_1_499' title='bbox 144 4149 347 4237; x_wconf 76' lang='grc' dir='ltr'><strong>τετρίπσις;”ίν’</strong></span> <span class='ocrx_word' id='word_1_500' title='bbox 363 4142 408 4211; x_wconf 78' lang='grc' dir='ltr'><strong>σύν</strong></span> <span class='ocrx_word' id='word_1_501' title='bbox 418 4151 456 4231; x_wconf 77' lang='grc' dir='ltr'><strong>μὴ</strong></span> <span class='ocrx_word' id='word_1_502' title='bbox 471 4158 555 4212; x_wconf 81' lang='grc' dir='ltr'><strong>ταῦτα</strong></span> <span class='ocrx_word' id='word_1_503' title='bbox 566 4156 711 4222; x_wconf 72' lang='grc' dir='ltr'><strong>ἐννοοῦντες</strong></span> <span class='ocrx_word' id='word_1_504' title='bbox 722 4161 773 4238; x_wconf 74' lang='grc' dir='ltr'><strong>ῥοι-</strong></span> <span class='ocrx_word' id='word_1_505' title='bbox 828 4155 890 4217; x_wconf 85' lang='lat' dir='ltr'><strong>ride</strong></span> <span class='ocrx_word' id='word_1_506' title='bbox 902 4151 1037 4235; x_wconf 89' lang='lat' dir='ltr'><strong>quomodo</strong></span> <span class='ocrx_word' id='word_1_507' title='bbox 1056 4165 1082 4211; x_wconf 85' lang='lat' dir='ltr'><strong>et</strong></span> <span class='ocrx_word' id='word_1_508' title='bbox 1099 4151 1151 4210; x_wconf 88' lang='lat' dir='ltr'><strong>hoc</strong></span> <span class='ocrx_word' id='word_1_509' title='bbox 1170 4149 1268 4209; x_wconf 82' lang='lat' dir='ltr'><strong>itemm</strong></span> <span class='ocrx_word' id='word_1_510' title='bbox 1279 4161 1383 4207; x_wconf 87' lang='lat' dir='ltr'><strong>caveat.</strong></span> <span class='ocrx_word' id='word_1_511' title='bbox 1399 4150 1459 4208; x_wconf 88' lang='lat' dir='ltr'><strong>Non</strong></span> <span class='ocrx_word' id='word_1_512' title='bbox 1470 4150 1541 4210; x_wconf 89' lang='lat' dir='ltr'><strong>enim</strong></span> 
     </span>
     <span class='ocr_line' id='line_1_42' title="bbox 146 4239 1542 4329; baseline -0.001 -25"><span class='ocrx_word' id='word_1_513' title='bbox 146 4246 285 4327; x_wconf 77' lang='grc' dir='ltr'><strong>χένωνσαι,</strong></span> <span class='ocrx_word' id='word_1_514' title='bbox 301 4245 351 4326; x_wconf 83' lang='grc' dir='ltr'><strong>ύρα</strong></span> <span class='ocrx_word' id='word_1_515' title='bbox 360 4248 418 4311; x_wconf 84' lang='grc' dir='ltr'><strong>πῶς</strong></span> <span class='ocrx_word' id='word_1_516' title='bbox 428 4245 475 4305; x_wconf 87' lang='grc' dir='ltr'><strong>καί</strong></span> <span class='ocrx_word' id='word_1_517' title='bbox 484 4246 648 4306; x_wconf 74' lang='grc' dir='ltr'><strong>τοῦτοπίλιν</strong></span> <span class='ocrx_word' id='word_1_518' title='bbox 657 4247 773 4329; x_wconf 82' lang='grc' dir='ltr'><strong>διώρδω-</strong></span> <span class='ocrx_word' id='word_1_519' title='bbox 827 4244 1074 4329; x_wconf 82' lang='lat' dir='ltr'><strong>simpliciterdixit,</strong></span> <span class='ocrx_word' id='word_1_520' title='bbox 1082 4243 1159 4315; x_wconf 87' lang='lat' dir='ltr'><strong>Ques</strong></span> <span class='ocrx_word' id='word_1_521' title='bbox 1166 4239 1356 4323; x_wconf 85' lang='lat' dir='ltr'><strong>probaveritis,</strong></span> <span class='ocrx_word' id='word_1_522' title='bbox 1372 4239 1542 4318; x_wconf 88' lang='lat' dir='ltr'><strong>mittam,sed</strong></span> 
     </span>
     <span class='ocr_line' id='line_1_43' title="bbox 144 4326 1541 4423; baseline -0.001 -26"><span class='ocrx_word' id='word_1_523' title='bbox 144 4326 252 4419; x_wconf 75' lang='grc' dir='ltr'><strong>ίραῖπεν</strong></span> <span class='ocrx_word' id='word_1_524' title='bbox 263 4336 773 4419; x_wconf 78' lang='grc' dir='ltr'><strong>ιίπλῶς,ούςίίινδοκιμύσητεπέμψω,</strong></span> <span class='ocrx_word' id='word_1_525' title='bbox 826 4341 916 4423; x_wconf 75' lang='lat' dir='ltr'><strong>quid?</strong></span> <span class='ocrx_word' id='word_1_526' title='bbox 938 4343 999 4402; x_wconf 91' lang='lat' dir='ltr'><strong>Per</strong></span> <span class='ocrx_word' id='word_1_527' title='bbox 1024 4338 1172 4419; x_wconf 83' lang='lat' dir='ltr'><strong>epistolas.</strong></span> <span class='ocrx_word' id='word_1_528' title='bbox 1206 4333 1320 4393; x_wconf 84' lang='lat' dir='ltr'><strong>Etiamsi</strong></span> <span class='ocrx_word' id='word_1_529' title='bbox 1351 4354 1462 4414; x_wconf 86' lang='lat' dir='ltr'><strong>corpore</strong></span> <span class='ocrx_word' id='word_1_530' title='bbox 1487 4356 1541 4396; x_wconf 88' lang='lat' dir='ltr'><strong>nou</strong></span> 
     </span>
     <span class='ocr_line' id='line_1_44' title="bbox 144 4428 1541 4513; baseline -0.001 -24"><span class='ocrx_word' id='word_1_531' title='bbox 144 4430 184 4490; x_wconf 70' lang='grc' dir='ltr'><strong>δι’</strong></span> <span class='ocrx_word' id='word_1_532' title='bbox 206 4430 361 4489; x_wconf 58' lang='lat' dir='ltr'><strong>tumtur.</strong></span> <span class='ocrx_word' id='word_1_533' title='bbox 383 4428 440 4489; x_wconf 73' lang='lat' dir='ltr'><strong>tttv</strong></span> <span class='ocrx_word' id='word_1_534' title='bbox 456 4428 493 4506; x_wconf 81' lang='grc' dir='ltr'><strong>μὴ</strong></span> <span class='ocrx_word' id='word_1_535' title='bbox 507 4432 546 4510; x_wconf 81' lang='grc' dir='ltr'><strong>τῷ</strong></span> <span class='ocrx_word' id='word_1_536' title='bbox 559 4428 666 4508; x_wconf 79' lang='grc' dir='ltr'><strong>σώματι</strong></span> <span class='ocrx_word' id='word_1_537' title='bbox 679 4436 773 4513; x_wconf 85' lang='grc' dir='ltr'><strong>παρῶ,</strong></span> <span class='ocrx_word' id='word_1_538' title='bbox 826 4435 970 4497; x_wconf 82' lang='lat' dir='ltr'><strong>adiuturus</strong></span> <span class='ocrx_word' id='word_1_539' title='bbox 977 4432 1039 4509; x_wconf 88' lang='lat' dir='ltr'><strong>sim,</strong></span> <span class='ocrx_word' id='word_1_540' title='bbox 1049 4430 1169 4489; x_wconf 89' lang='lat' dir='ltr'><strong>atliteris</strong></span> <span class='ocrx_word' id='word_1_541' title='bbox 1178 4428 1246 4487; x_wconf 88' lang='lat' dir='ltr'><strong>meis</strong></span> <span class='ocrx_word' id='word_1_542' title='bbox 1253 4449 1369 4509; x_wconf 86' lang='lat' dir='ltr'><strong>praeseus</strong></span> <span class='ocrx_word' id='word_1_543' title='bbox 1376 4447 1541 4505; x_wconf 67' lang='lat' dir='ltr'><strong>simeonem·</strong></span> 
     </span>
     <span class='ocr_line' id='line_1_45' title="bbox 145 4520 1192 4608; baseline 0.003 -29"><span class='ocrx_word' id='word_1_544' title='bbox 145 4520 290 4603; x_wconf 68' lang='grc' dir='ltr'><strong>γράμμασι</strong></span> <span class='ocrx_word' id='word_1_545' title='bbox 299 4521 451 4601; x_wconf 77' lang='grc' dir='ltr'><strong>παρέσομαι</strong></span> <span class='ocrx_word' id='word_1_546' title='bbox 461 4528 515 4588; x_wconf 85' lang='grc' dir='ltr'><strong>τοῖς</strong></span> <span class='ocrx_word' id='word_1_547' title='bbox 525 4523 613 4599; x_wconf 83' lang='grc' dir='ltr'><strong>έμοῑς,</strong></span> <span class='ocrx_word' id='word_1_548' title='bbox 627 4523 672 4582; x_wconf 84' lang='grc' dir='ltr'><strong>καί</strong></span> <span class='ocrx_word' id='word_1_549' title='bbox 684 4545 774 4583; x_wconf 87' lang='grc' dir='ltr'><strong>συναν-</strong></span> <span class='ocrx_word' id='word_1_550' title='bbox 827 4549 880 4608; x_wconf 78' lang='lat' dir='ltr'><strong>que</strong></span> <span class='ocrx_word' id='word_1_551' title='bbox 892 4524 1033 4588; x_wconf 83' lang='lat' dir='ltr'><strong>ministerii</strong></span> <span class='ocrx_word' id='word_1_552' title='bbox 1049 4522 1192 4605; x_wconf 84' lang='lat' dir='ltr'><strong>particeps.</strong></span> 
     </span>
     <span class='ocr_line' id='line_1_46' title="bbox 144 4612 485 4687; baseline 0 -14"><span class='ocrx_word' id='word_1_553' title='bbox 144 4616 207 4687; x_wconf 73' lang='grc' dir='ltr'><strong>ιτῆς</strong></span> <span class='ocrx_word' id='word_1_554' title='bbox 220 4612 354 4680; x_wconf 85' lang='grc' dir='ltr'><strong>διακονίας</strong></span> <span class='ocrx_word' id='word_1_555' title='bbox 368 4612 485 4680; x_wconf 81' lang='grc' dir='ltr'><strong>ἐκείνοις.</strong></span> 
     </span>
     <span class='ocr_line' id='line_1_47' title="bbox 144 4696 1544 4784; baseline -0.005 -17"><span class='ocrx_word' id='word_1_556' title='bbox 144 4706 189 4777; x_wconf 72' lang='lat' dir='ltr'><strong>isos</strong></span> <span class='ocrx_word' id='word_1_557' title='bbox 214 4708 263 4777; x_wconf 80' lang='grc' dir='ltr'><strong>τῆς</strong></span> <span class='ocrx_word' id='word_1_558' title='bbox 286 4715 362 4773; x_wconf 64' lang='grc' dir='ltr'><strong>σκιᾶς</strong></span> <span class='ocrx_word' id='word_1_559' title='bbox 389 4709 468 4784; x_wconf 74' lang='grc' dir='ltr'><strong>ἐσμεν</strong></span> <span class='ocrx_word' id='word_1_560' title='bbox 488 4711 536 4779; x_wconf 75' lang='grc' dir='ltr'><strong>τῆς</strong></span> <span class='ocrx_word' id='word_1_561' title='bbox 549 4712 595 4767; x_wconf 79' lang='grc' dir='ltr'><strong>τοῦ</strong></span> <span class='ocrx_word' id='word_1_562' title='bbox 611 4708 773 4784; x_wconf 77' lang='grc' dir='ltr'><strong>Παύλου,ἢ</strong></span> <span class='ocrx_word' id='word_1_563' title='bbox 869 4706 897 4767; x_wconf 89' lang='grc'><strong>5.</strong></span> <span class='ocrx_word' id='word_1_564' title='bbox 914 4704 988 4763; x_wconf 85' lang='lat' dir='ltr'><strong>Num</strong></span> <span class='ocrx_word' id='word_1_565' title='bbox 1000 4700 1043 4762; x_wconf 82' lang='lat' dir='ltr'><strong>vel</strong></span> <span class='ocrx_word' id='word_1_566' title='bbox 1064 4699 1159 4760; x_wconf 89' lang='lat' dir='ltr'><strong>umbra</strong></span> <span class='ocrx_word' id='word_1_567' title='bbox 1174 4697 1265 4771; x_wconf 88' lang='lat' dir='ltr'><strong>Pauli,</strong></span> <span class='ocrx_word' id='word_1_568' title='bbox 1289 4696 1334 4759; x_wconf 83' lang='lat' dir='ltr'><strong>rel</strong></span> <span class='ocrx_word' id='word_1_569' title='bbox 1358 4697 1544 4760; x_wconf 83' lang='lat' dir='ltr'><strong>calceamentis</strong></span> 
     </span>
     <span class='ocr_line' id='line_1_48' title="bbox 144 4788 1543 4879; baseline -0.004 -23"><span class='ocrx_word' id='word_1_570' title='bbox 144 4796 248 4879; x_wconf 71' lang='grc' dir='ltr'><strong>ςμύτων</strong></span> <span class='ocrx_word' id='word_1_571' title='bbox 258 4797 372 4870; x_wconf 74' lang='grc' dir='ltr'><strong>ἐκείνοιν,</strong></span> <span class='ocrx_word' id='word_1_572' title='bbox 388 4797 452 4859; x_wconf 76' lang='grc' dir='ltr'><strong>ὅταν</strong></span> <span class='ocrx_word' id='word_1_573' title='bbox 467 4800 564 4867; x_wconf 80' lang='grc' dir='ltr'><strong>ἐκεῖνος</strong></span> <span class='ocrx_word' id='word_1_574' title='bbox 585 4799 632 4878; x_wconf 82' lang='grc' dir='ltr'><strong>μίν</strong></span> <span class='ocrx_word' id='word_1_575' title='bbox 643 4801 774 4874; x_wconf 83' lang='grc' dir='ltr'><strong>τοσαύτην</strong></span> <span class='ocrx_word' id='word_1_576' title='bbox 826 4799 885 4879; x_wconf 88' lang='lat' dir='ltr'><strong>ejus</strong></span> <span class='ocrx_word' id='word_1_577' title='bbox 898 4794 974 4876; x_wconf 91' lang='lat' dir='ltr'><strong>digni</strong></span> <span class='ocrx_word' id='word_1_578' title='bbox 988 4812 1092 4866; x_wconf 86' lang='lat' dir='ltr'><strong>sumus,</strong></span> <span class='ocrx_word' id='word_1_579' title='bbox 1105 4790 1214 4870; x_wconf 71' lang='lat' dir='ltr'><strong>quatmo</strong></span> <span class='ocrx_word' id='word_1_580' title='bbox 1224 4789 1270 4849; x_wconf 90' lang='lat' dir='ltr'><strong>ille</strong></span> <span class='ocrx_word' id='word_1_581' title='bbox 1280 4802 1352 4849; x_wconf 89' lang='lat' dir='ltr'><strong>tanta</strong></span> <span class='ocrx_word' id='word_1_582' title='bbox 1366 4788 1441 4871; x_wconf 88' lang='lat' dir='ltr'><strong>apud</strong></span> <span class='ocrx_word' id='word_1_583' title='bbox 1451 4809 1543 4851; x_wconf 84' lang='lat' dir='ltr'><strong>omnes</strong></span> 
     </span>
     <span class='ocr_line' id='line_1_49' title="bbox 144 4881 1540 4972; baseline -0.006 -22"><span class='ocrx_word' id='word_1_584' title='bbox 144 4914 156 4950; x_wconf 93' lang='grc' dir='ltr'><strong>ι</strong></span> <span class='ocrx_word' id='word_1_585' title='bbox 168 4888 246 4959; x_wconf 77' lang='grc' dir='ltr'><strong>δόξαν</strong></span> <span class='ocrx_word' id='word_1_586' title='bbox 257 4889 328 4970; x_wconf 88' lang='grc' dir='ltr'><strong>ίχων</strong></span> <span class='ocrx_word' id='word_1_587' title='bbox 341 4889 513 4971; x_wconf 89' lang='grc' dir='ltr'><strong>διακρούηται</strong></span> <span class='ocrx_word' id='word_1_588' title='bbox 521 4891 569 4959; x_wconf 73' lang='grc' dir='ltr'><strong>τὰς</strong></span> <span class='ocrx_word' id='word_1_589' title='bbox 582 4891 656 4972; x_wconf 73' lang='grc' dir='ltr'><strong>παρὰ</strong></span> <span class='ocrx_word' id='word_1_590' title='bbox 666 4893 773 4954; x_wconf 79' lang='grc' dir='ltr'><strong>πάντων</strong></span> <span class='ocrx_word' id='word_1_591' title='bbox 827 4886 1025 4970; x_wconf 85' lang='lat' dir='ltr'><strong>glorialulgens</strong></span> <span class='ocrx_word' id='word_1_592' title='bbox 1033 4883 1155 4944; x_wconf 89' lang='lat' dir='ltr'><strong>emnium</strong></span> <span class='ocrx_word' id='word_1_593' title='bbox 1165 4882 1254 4963; x_wconf 84' lang='lat' dir='ltr'><strong>rejicit</strong></span> <span class='ocrx_word' id='word_1_594' title='bbox 1263 4881 1440 4956; x_wconf 86' lang='lat' dir='ltr'><strong>honores,u0s</strong></span> <span class='ocrx_word' id='word_1_595' title='bbox 1450 4896 1540 4943; x_wconf 89' lang='lat' dir='ltr'><strong>autem</strong></span> 
     </span>
     <span class='ocr_line' id='line_1_50' title="bbox 144 4972 1541 5067; baseline -0.005 -25"><span class='ocrx_word' id='word_1_596' title='bbox 144 4988 187 5052; x_wconf 82' lang='grc' dir='ltr'><strong>αἱς</strong></span> <span class='ocrx_word' id='word_1_597' title='bbox 205 4980 234 5042; x_wconf 83' lang='grc' dir='ltr'><strong>δί</strong></span> <span class='ocrx_word' id='word_1_598' title='bbox 257 4981 304 5042; x_wconf 81' lang='grc' dir='ltr'><strong>καί</strong></span> <span class='ocrx_word' id='word_1_599' title='bbox 324 4983 526 5062; x_wconf 78' lang='grc' dir='ltr'><strong>ἀγανακτῶμεν,</strong></span> <span class='ocrx_word' id='word_1_600' title='bbox 540 4983 586 5043; x_wconf 83' lang='grc' dir='ltr'><strong>καί</strong></span> <span class='ocrx_word' id='word_1_601' title='bbox 598 4984 774 5067; x_wconf 82' lang='grc' dir='ltr'><strong>δυσχεραίνω·</strong></span> <span class='ocrx_word' id='word_1_602' title='bbox 790 4997 810 5046; x_wconf 76' lang='lat' dir='ltr'><strong>tt</strong></span> <span class='ocrx_word' id='word_1_603' title='bbox 828 4980 1026 5041; x_wconf 86' lang='lat' dir='ltr'><strong>stomachamur</strong></span> <span class='ocrx_word' id='word_1_604' title='bbox 1038 4990 1063 5036; x_wconf 84' lang='lat' dir='ltr'><strong>et</strong></span> <span class='ocrx_word' id='word_1_605' title='bbox 1073 4994 1144 5054; x_wconf 78' lang='lat' dir='ltr'><strong>agre</strong></span> <span class='ocrx_word' id='word_1_606' title='bbox 1165 4973 1284 5047; x_wconf 78' lang='lat' dir='ltr'><strong>feriatus,</strong></span> <span class='ocrx_word' id='word_1_607' title='bbox 1300 4972 1323 5032; x_wconf 91' lang='lat' dir='ltr'><strong>si</strong></span> <span class='ocrx_word' id='word_1_608' title='bbox 1346 4993 1398 5033; x_wconf 92' lang='lat' dir='ltr'><strong>nen</strong></span> <span class='ocrx_word' id='word_1_609' title='bbox 1412 4975 1541 5035; x_wconf 87' lang='lat' dir='ltr'><strong>sententia</strong></span> 
     </span>
     <span class='ocr_line' id='line_1_51' title="bbox 144 5065 1542 5158; baseline -0.003 -25"><span class='ocrx_word' id='word_1_610' title='bbox 144 5074 164 5149; x_wconf 69' lang='grc' dir='ltr'><strong>ἡ</strong></span> <span class='ocrx_word' id='word_1_611' title='bbox 186 5078 221 5155; x_wconf 77' lang='grc' dir='ltr'><strong>τῇ</strong></span> <span class='ocrx_word' id='word_1_612' title='bbox 243 5074 361 5155; x_wconf 73' lang='grc' dir='ltr'><strong>ἡμετέρα</strong></span> <span class='ocrx_word' id='word_1_613' title='bbox 378 5075 471 5155; x_wconf 78' lang='grc' dir='ltr'><strong>γνώμῃ</strong></span> <span class='ocrx_word' id='word_1_614' title='bbox 490 5074 556 5153; x_wconf 77' lang='grc' dir='ltr'><strong>μηδὲ</strong></span> <span class='ocrx_word' id='word_1_615' title='bbox 570 5080 603 5157; x_wconf 81' lang='grc' dir='ltr'><strong>τῇ</strong></span> <span class='ocrx_word' id='word_1_616' title='bbox 619 5078 705 5158; x_wconf 85' lang='grc' dir='ltr'><strong>κρίσει</strong></span> <span class='ocrx_word' id='word_1_617' title='bbox 727 5080 773 5140; x_wconf 80' lang='grc' dir='ltr'><strong>καί</strong></span> <span class='ocrx_word' id='word_1_618' title='bbox 827 5089 852 5135; x_wconf 88' lang='lat' dir='ltr'><strong>ct</strong></span> <span class='ocrx_word' id='word_1_619' title='bbox 868 5072 971 5134; x_wconf 89' lang='lat' dir='ltr'><strong>calculo</strong></span> <span class='ocrx_word' id='word_1_620' title='bbox 986 5083 1075 5129; x_wconf 87' lang='lat' dir='ltr'><strong>nostro</strong></span> <span class='ocrx_word' id='word_1_621' title='bbox 1090 5067 1186 5127; x_wconf 88' lang='lat' dir='ltr'><strong>talium</strong></span> <span class='ocrx_word' id='word_1_622' title='bbox 1198 5065 1372 5149; x_wconf 88' lang='lat' dir='ltr'><strong>pecuniarum</strong></span> <span class='ocrx_word' id='word_1_623' title='bbox 1384 5067 1542 5148; x_wconf 80' lang='lat' dir='ltr'><strong>premiere-</strong></span> 
     </span>
     <span class='ocr_line' id='line_1_52' title="bbox 144 5159 1542 5253; baseline -0.004 -26"><span class='ocrx_word' id='word_1_624' title='bbox 144 5166 332 5227; x_wconf 78' lang='grc' dir='ltr'><strong>σίτίιτοιαῶτα</strong></span> <span class='ocrx_word' id='word_1_625' title='bbox 348 5168 543 5246; x_wconf 83' lang='grc' dir='ltr'><strong>διακονούμενοι</strong></span> <span class='ocrx_word' id='word_1_626' title='bbox 567 5169 695 5250; x_wconf 78' lang='grc' dir='ltr'><strong>χρίματα</strong></span> <span class='ocrx_word' id='word_1_627' title='bbox 715 5196 773 5253; x_wconf 85' lang='grc' dir='ltr'><strong>χιι-</strong></span> <span class='ocrx_word' id='word_1_628' title='bbox 827 5183 914 5244; x_wconf 76' lang='lat' dir='ltr'><strong>entire,</strong></span> <span class='ocrx_word' id='word_1_629' title='bbox 943 5162 1186 5240; x_wconf 86' lang='lat' dir='ltr'><strong>contumeliamque</strong></span> <span class='ocrx_word' id='word_1_630' title='bbox 1205 5159 1283 5220; x_wconf 88' lang='lat' dir='ltr'><strong>nobis</strong></span> <span class='ocrx_word' id='word_1_631' title='bbox 1308 5159 1399 5220; x_wconf 78' lang='lat' dir='ltr'><strong>infarri</strong></span> <span class='ocrx_word' id='word_1_632' title='bbox 1415 5172 1542 5242; x_wconf 85' lang='lat' dir='ltr'><strong>putamus</strong></span> 
     </span>
     <span class='ocr_line' id='line_1_53' title="bbox 144 5248 1542 5343; baseline -0.004 -23"><span class='ocrx_word' id='word_1_633' title='bbox 144 5257 249 5337; x_wconf 70' lang='grc' dir='ltr'><strong>ισςύιαν</strong></span> <span class='ocrx_word' id='word_1_634' title='bbox 262 5258 338 5340; x_wconf 65' lang='lat' dir='ltr'><strong>dipsa</strong></span> <span class='ocrx_word' id='word_1_635' title='bbox 354 5248 421 5321; x_wconf 75' lang='grc' dir='ltr'><strong>εἶναι</strong></span> <span class='ocrx_word' id='word_1_636' title='bbox 441 5261 588 5341; x_wconf 83' lang='grc' dir='ltr'><strong>νομίζωμεν</strong></span> <span class='ocrx_word' id='word_1_637' title='bbox 612 5262 643 5322; x_wconf 82' lang='grc' dir='ltr'><strong>τὸ</strong></span> <span class='ocrx_word' id='word_1_638' title='bbox 663 5262 699 5339; x_wconf 76' lang='grc' dir='ltr'><strong>μὴ</strong></span> <span class='ocrx_word' id='word_1_639' title='bbox 714 5268 771 5343; x_wconf 71' lang='grc' dir='ltr'><strong>μεθ’</strong></span> <span class='ocrx_word' id='word_1_640' title='bbox 828 5284 889 5326; x_wconf 88' lang='lat' dir='ltr'><strong>cum</strong></span> <span class='ocrx_word' id='word_1_641' title='bbox 904 5258 982 5320; x_wconf 86' lang='lat' dir='ltr'><strong>nobis</strong></span> <span class='ocrx_word' id='word_1_642' title='bbox 993 5253 1150 5317; x_wconf 84' lang='lat' dir='ltr'><strong>inconsultis</strong></span> <span class='ocrx_word' id='word_1_643' title='bbox 1162 5253 1284 5335; x_wconf 86' lang='lat' dir='ltr'><strong>quipiam</strong></span> <span class='ocrx_word' id='word_1_644' title='bbox 1295 5254 1424 5336; x_wconf 81' lang='lat' dir='ltr'><strong>pecunias</strong></span> <span class='ocrx_word' id='word_1_645' title='bbox 1437 5252 1542 5339; x_wconf 68' lang='lat' dir='ltr'><strong>impeir-</strong></span> 
     </span>
    </p>
   </div>
   <div class='ocr_carea' id='block_1_3' title="bbox 0 0 1886 5992">
    <p class='ocr_par' dir='ltr' id='par_1_3' title="bbox 0 0 1886 5992">
     <span class='ocr_line' id='line_1_54' title="bbox 0 0 1886 5992; baseline 0 0"><span class='ocrx_word' id='word_1_646' title='bbox 0 0 1886 5992; x_wconf 95' lang='lat' dir='ltr'><strong> </strong></span> 
     </span>
    </p>
   </div>
  </div>
 </body>
</html>
