3810 6000
698 541 742 587 nit
768 536 894 587 sttutru
921 536 1064 585 SANCTO·
1579 534 1646 614 971

106 664 154 726 ὅτε
163 662 368 729 κατεσκευάζετο
376 666 393 734 ἡ
402 663 486 737 σκηνὴ
497 663 540 723 ἐπὶ
552 663 685 731 Πωῦσίιος
695 669 722 725 ἐν
737 670 769 740 τῇ
781 665 883 748 ἐρήμῳ,
937 677 1022 722 smata
1030 662 1065 719 ad
1077 661 1244 743 propositum
1255 682 1334 721 usum
1342 660 1564 739 concedebantur.
1575 665 1653 723 Certe

108 746 140 802 οθ
157 741 234 822 χρεία
247 735 279 813 ἦν
295 744 349 801 ίκεῑ
363 745 461 822 διορεᾶς
475 744 676 818 διδασκαλικῆς,
698 746 766 804 etit
785 747 885 827 δωρεᾶς
902 757 920 804 t:
937 763 1000 800 cum
1013 741 1201 800 exstruebatur
1215 741 1417 801 tabernaculum
1429 764 1444 801 a
1457 745 1535 802 Mose
1548 742 1575 802 in
1585 743 1653 802 soli-

110 825 347 901 ἀρχιτεκτονικῆς,
362 827 421 890 ’πῶς
444 824 563 903 ύφάνωσι
575 822 624 895 τήν
641 822 746 902 βύσσον,
765 824 813 897 τήν
835 824 884 885 ύά-
938 821 1041 898 tudine,
1051 842 1104 880 non
1128 841 1196 901 opus
1215 834 1272 880 erat
1299 821 1340 881 illi
1362 823 1433 881 douo
1446 821 1586 896 doctrinae,
1606 821 1653 880 sed

110 906 217 976 κινθον,
237 902 268 960 τὸ
288 899 419 975 κόκκινον,
438 902 489 974 τὴν
507 903 658 983 πορφύραν·
674 901 798 981 ἔδοικενθ
817 902 886 971 Sele
938 900 1010 960 dono
1024 900 1252 976 architectonica,
1272 901 1407 979 quomodo
1421 902 1611 961 consuerentb
1632 921 1655 961 s-

110 980 235 1060 χάρισμα
247 982 347 1059 δωρεᾶς
359 986 762 1063 άρχιτεκτονικῆς,ῦφαντικῆς,
779 988 885 1065 ίστουρ-
939 1001 1011 1055 sum,
1040 980 1229 1060 hyacinthum,
1254 1001 1290 1062 pu
1327 1002 1413 1054 uram,
1433 980 1587 1058 coccinum3
1621 1001 1652 1040 e·

111 1065 204 1136 γικῆς,
220 1066 412 1140 γρυσοχοϊκῆς,
425 1063 606 1140 λιθουργυιῆς,
627 1063 819 1143 ῥαφιδευτικῆς.
832 1062 883 1121 Καὶ
938 1058 1033 1138 ditque
1046 1062 1119 1118 Deus
1137 1059 1238 1118 donum
1259 1003 1491 1137 'aribitectonices
1516 1074 1542 1119 et
1570 1074 1655 1120 artem

113 1138 159 1198 διδ
173 1138 200 1196 τί
215 1139 314 1205 ταύτας
324 1138 475 1220 τδιςτίχνας
488 1143 599 1213 ἔδωκεν;
615 1141 727 1214 Ἐπειδὴ
741 1141 790 1213 τήν
804 1139 885 1213 ίσκη-
940 1137 1097 1211 consuendi,
1123 1138 1243 1215 texendi,
1256 1138 1386 1213 fundendi
1406 1161 1514 1212 astrum,
1532 1138 1653 1221 poliendi

112 1217 162 1289 νην
176 1217 258 1277 ἐποίει
272 1223 286 1286 ὁ
301 1219 369 1288 θεὸς
383 1219 427 1278 inl
440 1225 488 1291 τῆς
520 1225 561 1288 ’“ς.
574 1211 628 1279 Ἦν
645 1220 763 1298 distrios
777 1224 885 1303 ούρανοῦ
941 1217 1053 1298 lapides,
1075 1231 1101 1276 et
1112 1217 1291 1297 construendi.
1313 1218 1349 1278 lit
1371 1240 1454 1297 quare
1477 1240 1569 1278 omnes
1586 1233 1657 1280 artes

114 1298 162 1361 καὶ
175 1302 224 1376 γῆς
245 1303 263 1368 ἡ
284 1298 385 1370 σκηνή·
401 1302 428 1358 ἐν
448 1298 476 1367 ii
492 1300 507 1357 δ
539 1300 650 1381 ἡμέραις
664 1303 678 1357 θ
691 1298 760 1368 Θεὸς
778 1300 887 1371 ἐποίησε
940 1298 1002 1357 illas
1010 1297 1107 1356 dedit?
1122 1299 1194 1371 Quia
1205 1298 1408 1358 tabemaculum
1418 1298 1535 1358 faciebat
1545 1300 1620 1358 Deus
1627 1299 1656 1358 in

113 1378 160 1436 τὸν
184 1377 292 1455 οῦρανδν
319 1377 366 1435 καί
386 1378 435 1451 τὴν
457 1383 516 1456 γῆν.
542 1379 756 1447 Κατεσκευάζετο
771 1378 886 1452 ἡσκηνὴ
940 1391 1019 1437 terra.
1040 1376 1107 1436 Erat
1126 1392 1215 1437 autem
1235 1377 1438 1439 tabemacnlum
1462 1371 1657 1459 iiguracaeliet

115 1457 197 1516 τύπον
210 1458 309 1536 ἔχουσα
322 1459 431 1535 ούρανοῦ
445 1460 490 1516 καλ
502 1463 567 1558 γῆς,
581 1460 626 1518 καλ
637 1458 716 1540 χρεία
729 1461 828 1538 δωρεᾶς
841 1464 887 1519 τοῦ
940 1470 1031 1515 terrae:
1044 1457 1071 1515 in
1093 1479 1139 1532 ser
1156 1478 1219 1516 vero
1239 1455 1336 1516 diebus
1349 1457 1412 1517 fecit
1434 1460 1507 1532 Deus
1517 1458 1613 1517 caelum
1630 1471 1656 1518 et

113 1535 191 1613 ἁγίου
205 1536 361 1613 Πνεύματος
370 1527 403 1607 ἦν
417 1537 482 1616 πρὸς
491 1562 524 1598 το
533 1548 646 1618 πρᾶγμα
659 1539 831 1621 ἁρμοζούσης.
845 1540 887 1598 Oi
941 1550 1049 1595 terram.
1064 1535 1260 1597 Exstruebatur
1274 1537 1504 1596 tabernaculumfi
1544 1557 1658 1617 ramge-

115 1619 169 1694 γὰρ
181 1606 214 1687 ήν
229 1616 320 1698 καιρὸς
339 1617 510 1688 διδακτικῆς,
524 1620 583 1677 ἀλλ’
598 1622 759 1698 ὑφαντικῆς,
776 1619 887 1677 καὶτῶν
942 1637 1003 1676 rens
1016 1615 1076 1675 caeli
1087 1631 1113 1675 et
1122 1631 1208 1691 terrae,
1231 1630 1257 1674 et
1270 1637 1339 1696 opus
1352 1617 1487 1676 baliebant
1520 1637 1572 1677 ono
1594 1617 1657 1698 Spi-

115 1695 216 1754 οίλλοιν.
228 1694 282 1754 Kal
295 1693 368 1773 λίγει
378 1701 393 1756 ὁ
403 1694 485 1769 θεὸς,
505 1697 573 1756 ’tt-t
586 1699 705 1770 κέκληκα
720 1696 747 1766 ii
762 1697 889 1774 ὀνόματος
897 1737 932 1775 8,,
943 1695 1010 1754 ritus
1023 1694 1095 1774 quod
1110 1718 1158 1755 suo
1168 1689 1242 1777 operi
1253 1710 1420 1774 congrueret.
1436 1699 1496 1756 Non
1507 1696 1579 1755 enim
1601 1709 1659 1756 erat

116 1774 162 1832 τὸν
180 1773 312 1846 Bessis-ll
329 1777 360 1832 ίκ
373 1777 456 1854 φυλῆς
471 1774 574 1849 Ἰούδα,
589 1778 635 1836 καλ
653 1777 796 1858 ίπλήροισα
811 1776 888 1836 αὐτὸν
907 1793 926 1837 a
943 1785 1048 1856 tempus
1058 1773 1196 1846 doctrinas,
1221 1774 1268 1834 sed
1292 1777 1422 1848 tertoriae,
1438 1790 1464 1836 et
1483 1776 1597 1835 aliarum
1612 1773 1659 1857 arss

117 1851 274 1929 Πνεύματος
287 1853 372 1926 θείου,
384 1855 538 1932 Πνεύματος
549 1856 655 1937 σοφίας,
670 1858 716 1915 καὶ
730 1857 889 1933 ίπιστήμης,
942 1855 1022 1913 tium.
1039 1854 1076 1913 Et
1088 1854 1156 1914 dicit
1181 1854 1324 1930 Dominus,
1349 1859 1377 1913 V
1374 1860 1458 1914 occvi
1479 1878 1516 1915 ex
1542 1858 1660 1914 nomine
1668 1880 1746 1926 Emi,
1757 1883 1798 1927 ηρ,

117 1932 164 1990 καί
180 1933 340 2004 αἰσθήσεως·
355 1934 464 2014 σοφίας,
477 1936 542 2014 πρὸς
553 1937 584 1995 τδ
599 1936 768 2008 ὑποτίθεσθαι
779 1945 834 2003 τοῖς
848 1939 890 2016 ἐρ·
944 1935 1076 1994 Beseleel
1086 1937 1210 1993 detribu
1230 1937 1323 2005 Juda,
1341 1947 1369 1993 et
1391 1937 1510 2016 impleri
1522 1956 1588 1994 eum
1599 1937 1660 2016 Spi-
1671 1941 1696 2013 αξ
1728 1939 1732 1948 “
1757 1947 1761 1953 ’
1781 1937 1802 1949 ’“

118 2012 274 2089 γαζομίνοις
291 2015 400 2071 τοιῶσδε
416 2015 571 2091 ἐργάζεσθαι
585 2014 602 2087 ἢ
618 2015 678 2075 τόδε
692 2019 816 2086 ποιῆσαι·
831 2018 891 2074 ini·
945 2018 1004 2072 ritu
1027 2016 1138 2086 divino,
1161 2014 1272 2094 Spiritu
1298 2019 1461 2095 supientiae,
1477 2028 1505 2074 et
1518 2013 1659 2089 scientius,

120 2092 241 2169 στήμης,
254 2091 297 2149 ἵνα
311 2092 431 2172 ἁρμόσῃ·
446 2093 607 2167 αἰσθήσεως,
620 2093 664 2152 ἵνα
677 2094 759 2174 νοήσῃ
771 2096 805 2155 ab
819 2094 892 2175 παρὰ
915 2110 919 2118 ·
946 2105 973 2169 et
989 2113 1090 2172 sensus
1100 2116 1108 2147 :
1118 2093 1254 2172 sapientiae
1278 2094 1395 2173 Spiritu,
1410 2108 1441 2153 ut
1456 2109 1612 2174 suggereret
1626 2088 1661 2155 iii
1749 2139 1761 2153 ο

119 2177 167 2230 τοῦ
194 2173 265 2231 Θεοῦ
289 2172 418 2250 λεγόμενα
441 2172 519 2231 ποίαν
541 2175 597 2254 ἔχει
624 2173 745 2253 δύναμιν.
764 2175 892 2255 Ἀλλαχοῦ
946 2173 992 2250 qui
1009 2172 1199 2252 operabantur,
1219 2173 1272 2231 hoc
1291 2173 1372 2232 ruodo
1400 2194 1457 2245 esse
1479 2174 1659 2255 operandum,

120 2248 312 2328 ἐπαγγέλλεται
332 2250 433 2318 ioci<
455 2252 554 2311 διδόναι
579 2253 658 2334 χάριν
689 2255 892 2335 ιλιινθροιιάας,
946 2252 1056 2310 arithoc
1076 2251 1245 2329 faciendum,
1266 2252 1381 2311 scientiae
1402 2267 1501 2328 autem,
1516 2267 1545 2311 ut
1571 2255 1661 2313 omnia

120 2332 167 2388 stul
181 2328 264 2406 λέγει·
279 2329 385 2409 Ἐκχεῶ
404 2331 448 2390 ἐπὶ
462 2331 506 2390 τδν
526 2324 595 2392 οἶκον
612 2277 698 2392 deuii
713 2335 825 2411 Πνεῦμα
838 2333 892 2413 χά-
947 2332 1014 2390 bene
1035 2330 1198 2410 quadrarent
1205 2354 1214 2407 ;
1240 2352 1332 2390 sensus
1346 2352 1419 2405 vero,
1446 2347 1477 2391 ut
1500 2331 1662 2411 intelligeret

121 2430 193 2487 ριτος
207 2409 254 2466 καὶ
271 2413 423 2489 οἰκτιρμοῦ,
437 2410 557 2473 τουτέστι
572 2412 672 2492 tapeto
687 2413 893 2496 φιλανθρωπίας.
947 2410 1055 2489 qualem
1084 2410 1355 2489 baberentvirtutem
1377 2432 1406 2487 ea
1421 2433 1480 2490 que
1503 2411 1663 2471 dicebantur

122 2488 211 2546 Πάλιν
235 2490 357 2566 δωρεῖται
387 2489 508 2569 χάρισμα
536 2492 789 2572 ταπεινοφροσύνης
807 2491 893 2552 Πόθεν
946 2492 1043 2550 uDeo.
1070 2489 1201 2549 illioloco
1223 2491 1360 2572 promittit
1385 2493 1459 2565 Delus
1483 2513 1511 2550 se
1535 2492 1663 2550 daturum

122 2573 217 2639 τοῦτο;
234 2572 270 2626 Οἱ
286 2577 356 2648 τρεῖς
370 2571 460 2636 παῖδες
474 2574 544 2650 ἔνι-ἠ
559 2571 679 2651 καμίνῳ,
694 2569 786 2642 ἐπειδὴ
801 2574 838 2639 ὡς
853 2572 893 2631 δί-
947 2571 1061 2650 gratiam
1077 2569 1224 2628 clementiae
1245 2583 1272 2629 et
1290 2568 1356 2629 dicit
1373 2593 1379 2627 ι
1395 2572 1565 2652 Effundam
1578 2593 1744 2652 superzasr,
1761 2607 1767 2637 ι
1773 2607 1797 2641 2,

123 2670 195 2705 ml
205 2645 253 2718 Τθν
267 2647 317 2726 φλά
335 2648 510 2721 αίπάτησαν,
522 2650 591 2716 ὡςδὲ
602 2651 894 2733 ταπεινάφρονεςδμαρ-
948 2651 1066 2711 domum
1078 2651 1180 2708 David
1187 2650 1324 2727 Spiritum
1334 2654 1477 2730 grutioeet
1488 2653 1661 2725 clementie,
1678 2672 1712 2704 ιο.
1792 2654 1797 2663 ’

122 2725 222 2793 τοιλοὺς
247 2729 355 2794 ἑαυτους
376 2728 514 2801 ἐκάλεσαν,
542 2731 585 2788 διὰ
608 2729 657 2804 τὴν
678 2735 728 2799 bue
747 2730 893 2792 θάλλουσαν
948 2730 1000 2789 hoc
1012 2743 1062 2802 cst,
1078 2729 1180 2789 donum
1193 2728 1349 2788 clementie.
1371 2731 1473 2790 lterum
1486 2730 1664 2809 largiturdo·

124 2806 292 2878 δικαιοσύνην
311 2806 447 2878 άπάτησαν
467 2808 515 2881 τὴν
536 2809 634 2890 φλόγα,
652 2810 697 2869 καλ
712 2753 761 2882 τήν
783 2811 895 2888 κάμινον
948 2830 1014 2869 num
1028 2807 1199 2868 humilitatis.
1212 2809 1291 2868 Unde
1300 2810 1352 2868 boo
1366 2807 1386 2867 li
1407 2810 1469 2868 neti)
1497 2810 1567 2869 Tres
1588 2811 1664 2890 pueri

125 2884 217 2963 δρόσον
232 2884 377 2956 ἐποίησαν·
392 2890 440 2946 οὐκ
453 2889 605 2968 ἐπήρθησαν
617 2889 660 2962 δὲ,
674 2889 732 2950 οὐδὲ
746 2880 832 2948 εἶπον·
848 2887 895 2948 ’ὦ
912 2903 930 2950 Β
948 2888 976 2949 in
990 2889 1105 2961 camino,
1129 2887 1260 2966 quoniam
1270 2901 1300 2946 ut
1309 2888 1375 2969 justi
1388 2832 1528 2948 dammam
1544 2889 1662 2950 calcare

125 2968 182 3031 πῶς
204 2968 221 3035 ἡ
243 2964 394 3037 δικαιοσύνη
423 2971 481 3045 μεθ’
505 2973 598 3046 ipim
624 2968 784 3049 ἐνικήσαμεν
809 2968 895 3050 φύσιν,
948 2982 1020 3044 runt,
1034 2983 1064 3027 ut
1077 2968 1194 3027 humiles
1216 2981 1318 3043 atatem,
1343 2981 1532 3049 peccatoresse
1554 2989 1666 3029 rocave-

125 3042 291 3122 ῦπερέύημεν
317 3044 412 3121 νόμον·
443 3046 512 3106 ἀλλὰ
537 3047 696 3125 πράττουσιν
721 3053 758 3115 ὡς
780 3048 894 3121 δίκαιοι,
948 3063 1023 3123 runt,
1043 3062 1154 3131 propter
1174 3047 1347 3107 excellentem
1367 3048 1500 3128 justitiam
1528 3048 1665 3126 flammam

126 3122 171 3182 καλ
184 3125 309 3182 λαλοῦσιν
324 3128 359 3191 ὡς
375 3126 537 3205 ἁμαρτωλοί.
556 3127 697 3200 Ἐννόησον
715 3128 775 3208 γάρ.
790 3128 895 3188 ''Enri-
949 3128 1130 3206 calcaverunt,
1143 3139 1170 3187 et
1196 3127 1333 3187 caminum
1344 3149 1432 3187 rorem
1458 3128 1596 3206 iecerunt:
1613 3149 1667 3187 non

125 3225 186 3261 τουν
200 3201 249 3273 τήν
260 3202 360 3283 φλόγα,
374 3205 420 3264 καὶ
431 3209 443 3265 i
454 3206 551 3308 ,dpeoov
572 3210 607 3276 ὡς
627 3208 711 3286 άγιοι,
729 3207 775 3267 καί
796 3207 896 3287 ξζοιμο-
950 3205 1036 3268 inflati
1061 3221 1136 3282 sunt,
1153 3193 1239 3286 rieque
1258 3206 1439 3283 dixerunt,0
1459 3221 1558 3287 quanta
1576 3220 1667 3267 nostra

126 3283 250 3362 λογοῦντο
275 3285 311 3359 ὡς
330 3230 498 3363 ἁμαρτοιλοι·
511 3285 693 3369 Ἡμάρτφμεν,
713 3288 896 3367 ήνομήσαμεν,
946 3285 1068 3368 justitia!
1100 3286 1218 3369 vicimus
1240 3288 1312 3347 enim
1347 3300 1482 3370 naturam,
1509 3287 1668 3367 transgressi

126 3360 300 3438 elidicatum.
330 3363 424 3423 Πάντα
444 3364 494 3425 άοα
516 3365 648 3446 ἐπήγαγες
669 3365 743 3442 ἡμῖν,
772 3370 798 3427 ἐν
826 3369 896 3439 ἄλη·
950 3389 1043 3426 snmus
1058 3368 1162 3446 legem;
1178 3365 1225 3424 sed
1238 3354 1670 3454 operanturutjusti,etloquun-

126 3445 185 3520 θινῇ
209 3439 295 3522 κρίσει
319 3442 457 3515 ἐποίησας·
480 3444 521 3505 ὅτι
541 3446 714 3524 ήνομήσαμεν
737 3449 898 3514 ἀποστάντες
950 3460 996 3505 tur
1007 3461 1038 3505 ut
1059 3460 1220 3525 peccatores.
1235 3448 1303 3504 Rem
1317 3446 1390 3503 enim
1410 3444 1553 3525 perpende.
1574 3446 1686 3505 Cultu-⁴

128 3519 183 3578 άπδ
196 3527 259 3592 σοῦ,
274 3521 319 3580 καί
334 3526 386 3580 τῶν
400 3526 510 3584 ἐντολῶν
524 3547 570 3584 σου
584 3530 631 3584 οῦκ
639 3524 800 3603 ἠκούσαμεν,
811 3525 855 3585 ἵνα
869 3517 898 3585 οῦ
950 3526 1174 3603 bantllammam,
1188 3525 1362 3583 exsultabant
1383 3537 1413 3581 ut
1420 3523 1499 3603 justi,
1513 3538 1540 3583 ct
1553 3511 1667 3584 consud-

128 3603 193 3677 ἡμῖν
203 3598 321 3678 γίνηται.
334 3599 413 3661 Ἐπεί
425 3593 469 3662 σύν
482 3604 578 3664 δίκαιοι
589 3604 661 3671 ὄντες
674 3603 780 3672 ἑαυτοὺς
794 3605 898 3664 ἐταπεί-
951 3605 1094 3667 θειασταί
1107 3617 1268 3684 peccatores.
1285 3606 1489 3675 Peccavimus,
1503 3608 1625 3685 iniquee
1644 3608 1667 3662 i·
1679 3626 1770 3679 Dan&
1780 3645 1818 3692 ²9·

128 3700 199 3752 νουν,
217 3677 310 3739 ἔλαθον
331 3683 442 3760 Πνεῦμα
459 3682 898 3765 ταπεινιύσεως,χάρισματαπει-
953 3706 1028 3757 mus,
1041 3686 1218 3765 injustitiam
1221 3685 1362 3765 jecimus.
1389 3626 1717 3764 unctaquoeinolieo.

129 3758 298 3837 νυφροαύνης.
318 3759 370 3820 uit
389 3769 466 3821 τοῦτο
482 3762 578 3843 ἰδόντες
592 3763 642 3836 τήν
659 3763 753 3845 χάριν,
769 3764 899 3844 λέγουσιν,
916 3776 934 3824 c
953 3769 1024 3823 xisti
1040 3783 1127 3844 super
1148 3783 1212 3833 nos,
1234 3765 1346 3841 judicio
1363 3766 1445 3844 justo
1452 3764 1560 3844 fecisti
1573 3785 1582 3820 .·
1596 3768 1669 3844 quic

130 3836 172 3895 ότι
194 3840 254 3898 Οὐκ
269 3838 339 3899 ἔστιν
352 3845 418 3917 ἡμῖν
439 3842 466 3900 ἐν
489 3846 528 3922 τῷ
544 3847 628 3925 καιρῷ
644 3843 729 3924 τούτῳ
744 3845 899 3925 προφήτης,
953 3848 1053 3925 inique
1066 3846 1185 3922 egimus,
1197 3855 1224 3900 et
1242 3842 1425 3901 discessimus
1443 3862 1462 3900 a
1485 3855 1522 3916 te,
1541 3856 1569 3902 et
1580 3863 1667 3901 man-

130 3913 213 3975 ⁵oiii
234 3917 387 3999 προσφορὰ,
404 3921 463 3981 οὐδὲ
481 3928 511 3980 θο
535 3921 620 3999 ίαμα,
634 3923 664 3981 οὐ
677 3921 756 3990 τόπος
772 3931 818 3982 τοῦ
832 3947 901 4004 καρ·
954 3925 1027 3982 data
1038 3934 1090 3980 tuo
1101 3942 1161 3980 nou
1174 3922 1351 3994 erudivimus,
1369 3925 1477 3981 tttbenc
1492 3926 1665 3998 essetnobis.

131 3999 221 4055 πῶσαι
234 3999 280 4056 καί
294 4003 378 4081 εθρεῑν
392 3997 471 4067 ἔλεος.
487 3945 565 4061 ’diret
582 3993 626 4061 odo
642 4000 799 4082 οθκίχομεν
813 4003 900 4075 πολιν,
955 4002 1089 4075 Quoniam
1108 4001 1191 4080 igitur
1201 4020 1263 4082 cum
1274 4001 1342 4080 justi
1354 4014 1449 4077 essent,
1463 4002 1563 4082 seipsos
1576 4001 1667 4061 humi·

131 4077 161 4133 οὗ
179 4076 253 4147 ναδν,
268 4077 297 4137 ού
311 4079 503 4161 θυσιαστήριον,
519 4084 549 4141 οθ
565 4082 702 4160 θυμίαμα,
724 4082 783 4140 ἀντὶ
795 4083 901 4143 πάντων
954 4082 1067 4153 liabant,
1083 4094 1242 4161 acceperunt
1251 4079 1384 4161 Spiritum
1398 4080 1604 4156 humiliationis,
1617 4081 1668 4141 do·

131 4156 388 4237 ἡταπεινοφροσύνη
402 4164 501 4236 iiiiii
550 4177 601 4220 σει.Ι
614 4160 667 4221 did
681 4165 760 4220 τοῦτο
772 4161 902 4241 λίγουσιν,
956 4183 1021 4221 num
1048 4160 1219 4221 humilitatis.
1244 4159 1280 4220 Et
1293 4173 1435 4241 propterea
1459 4182 1522 4220 cum
1546 4161 1668 4223 viderent

132 4231 202 4292 Ἀλλ’
213 4238 240 4294 ἐν
250 4237 287 4314 <liu
299 4241 322 4316 ῇ
333 4261 497 4340 συντετριμμ
520 4236 535 4320 2
561 4240 607 4300 καὶ
626 4239 763 4317 Πνεύματι
775 4233 902 4301 ταπεινά)-
957 4241 1081 4322 gratiam,
1093 4235 1236 4300 dicebaris
1248 4242 1318 4298 Non
1328 4253 1371 4298 est
1383 4242 1466 4298 nobis
1486 4243 1519 4297 in
1541 4252 1669 4320 tempore
1680 4268 1738 4311 ομ,
1748 4262 1808 4312 ω

132 4335 199 4379 scor<
215 4260 450 4396 προσδεχθείημιν.
480 4321 579 4389 Αλλος,
602 4319 683 4401 Ωόταν
699 4320 803 4402 πλήρης
821 4313 838 4401 ᾖ
856 4325 904 4393 τῆς
957 4323 1011 4380 ίιοο
1030 4325 1163 4401 princeps
1174 4332 1203 4378 et
1214 4320 1367 4400 propbeta,
1381 4338 1474 4398 neque
1484 4320 1605 4392 oblatio,
1615 4342 1665 4379 ne·

132 4392 255 4530 γρίριτος,
271 4396 360 4456 λαύὼν
374 4397 517 4478 ὁλόκληρον
535 4397 566 4458 τδ
582 4399 673 4481 δῶρον,
692 4397 777 4477 λίγει·
791 4402 904 4479 Πνεῦμα
958 4422 1013 4481 que
1029 4403 1207 4475 thymiama,
1229 4419 1321 4478 neque
1342 4393 1425 4457 locus
1447 4411 1479 4457 ut
1499 4400 1669 4536 offerantur

164 4471 394 4553 αύεπληριύσεοις.
409 4476 494 4537 Πόθεν
512 4484 602 4552 τοῦτο;
617 4479 695 4559 Λίγει
706 4477 851 4560 Ἱερεμίας·
867 4480 903 4540 Ἡ
955 4485 1103 4560 primitie,
1120 4491 1148 4537 et
1168 4481 1338 4536 inveniatur
1360 4481 1510 4536 misericor
1535 4482 1584 4537 'a.·
1597 4479 1668 4552 Quia

132 4551 191 4616 ὁδὸς
203 4556 250 4622 τῆς
261 4557 387 4634 θνγατρὸς
407 4563 453 4616 τοῦ
471 4560 536 4616 λαοῦ
550 4582 600 4640 μου
618 4560 665 4618 οθκ
683 4562 719 4624 είς
741 4560 826 4636 ἅγιον,
846 4559 904 4620 etet
956 4561 1040 4639 igitur
1059 4579 1113 4617 non
1133 4557 1263 4616 habemus
1272 4556 1418 4634 civitatem,
1430 4577 1516 4635 neque
1528 4558 1668 4639 templum,

133 4633 170 4696 εἰς
184 4632 298 4713 καθαρδν
313 4635 424 4712 Πνεῦμα
437 4638 608 4717 πληρώσεως.
628 4640 687 4698 Οὐκ
704 4638 719 4698 ἔ
737 4660 809 4712 ουσι,
825 4639 903 4719 φησὶ,
957 4653 974 4698 n
1028 4639 1145 4710 ealtare,
1154 4657 1239 4715 neque
1248 4635 1409 4716 tbymiama,
1418 4657 1468 4716 pro
1481 4638 1668 4706 omniluubn-

133 4710 246 4789 Πνεῦμα
261 4710 308 4772 “ab
322 4713 443 4794 ’πληροῦν
467 4717 567 4783 αὐτούς.
589 4715 683 4785 Οὕτως
703 4659 773 4798 alitor
793 4703 904 4798 Πνεῦμα
958 4719 994 4777 mi
1008 4719 1058 4787 itas
1071 4730 1161 4775 nostra
1183 4715 1308 4775 sufficiet.
1327 4718 1470 4796 Propterea
1490 4716 1594 4793 dicunt,
1614 4719 1671 4778 Sed
1682 4737 1824 4798 ιηιη,ι,3ρ,

134 4788 297 4869 πληρώσεως
319 4797 343 4851 οἱ
362 4794 519 4871 ἀπόστολοι,
534 4795 622 4863 καθὼς
641 4797 803 4878 γέγραπται·
817 4797 903 4872 Τότε,
959 4803 991 4858 in
1006 4801 1108 4875 anima
1118 4799 1284 4872 contritaet
1291 4795 1400 4876 Spiritu
1410 4797 1587 4857 humilitatis
1603 4817 1669 4857 sus-

134 4870 224 4947 φησὶν,
237 4873 251 4927 δ
264 4872 370 4938 Παῦλος
379 4875 505 4945 πλησθεὶς
515 4875 671 4955 Πνεύμοιτος
681 4879 766 4958 ἁγίου,
779 4877 822 4936 ὅτε
833 4879 904 4957 ίλίγ·
959 4881 1109 4958 cipiamur.
1133 4874 1211 4955 Alius
1233 4895 1295 4933 cum
1317 4875 1412 4954 plenus
1433 4889 1500 4934 esset
1511 4877 1608 4955 gratia,
1628 4897 1672 4935 ac·

134 4947 903 5039 χιιἘλύμαντὸνμάγον.ὉρᾷςτάχαρίσματαγἚπανα-
960 4969 1037 5037 cepto
1059 4955 1163 5035 integro
1192 4953 1265 5013 dono
1288 4951 1378 5012 dicit:
1401 4954 1536 5035 Spiritum
1570 4957 1674 5039 accepit

168 5081 178 5119 f
196 5077 270 5132 Colb.
282 5091 362 5144 σκηνήν
373 5091 399 5143 ἢν
411 5091 488 5140 ίποίει.
951 5106 963 5145 ¹!
978 5090 1041 5157 Πομ.
1051 5099 1077 5139 et
1088 5086 1162 5147 Colb.
1175 5095 1272 5153 indecor
1284 5092 1366 5155 ρλάγα.

168 5159 181 5183 *
199 5159 391 5211 Restituendum
405 5161 447 5215 bic
465 5176 538 5231 putet
552 5167 651 5220 Fronto
669 5170 819 5235 Domuum&
837 5181 895 5232 πόση
954 5174 965 5210 ¹¹
983 5173 1046 5228 Rea.
1059 5179 1085 5218 et
1099 5165 1173 5221 Colli.
1188 5171 1240 5220 οὔτε
1251 5175 1382 5237 προσφορὰ,
1394 5173 1456 5222 οὔτε.

135 5242 259 5297 δικαιοσύνη
270 5245 323 5306 μεθ’
333 5243 475 5309 lituquae
484 5244 559 5297 lectio
568 5263 626 5298 cum
637 5248 779 5316 interprete
789 5267 896 5302 concor·
953 5265 963 5289 t
981 5246 1055 5301 Colb.
1066 5255 1121 5301 ὁταν
1130 5251 1241 5315 πληρωθῇ
1253 5254 1293 5304 tis
1303 5252 1405 5315 ‘riputa-

136 5313 228 5401 darec
954 5328 964 5359 ¹¹
984 5337 1009 5382 τὸ
1021 5325 1091 5378 deest
1103 5323 1128 5374 in
1139 5321 1212 5375 Coto.
