3764 5992
96 384 168 461 660
411 405 440 453 s.
469 401 608 453 ioannis
633 398 812 449 cunrsosr.
841 396 997 449 ancnrnr.
1026 401 1297 453 consuanrtnon.

96 534 230 592 doniam·
240 528 316 604 Quid
328 528 384 607 ais,
398 525 501 586 Paule?
513 524 601 606 Ligno
615 523 759 605 alligatus,
772 538 812 583 at·
866 533 988 590 eonem
1002 528 1112 613 ίρριψας
1121 529 1179 590 tet
1188 534 1242 590 τῶν
1252 527 1353 611 χειρῶν
1365 524 1477 607 κίρδος,
1495 528 1533 594 ὥς
1546 528 1590 586 καὶ
1608 529 1646 588 leb

97 645 150 703 qne
172 624 200 684 in
220 623 329 686 vincula
353 621 499 702 conjectus,
522 639 554 678 ac
575 616 715 696 virgarum
737 630 814 676 notas
866 623 944 679 τοῦτο
963 620 1176 702 παραγινόμενος
1198 619 1321 694 (Ἐλθὼν
1340 617 1411 700 γδρ,
1427 617 1527 698 φησίν,
1549 622 1585 686 eie
1603 619 1646 692 τὴν

96 729 172 796 tergo
185 716 328 796 impressas
338 712 451 788 habens,
466 723 492 770 et
505 729 601 770 cruore
612 708 751 786 diffluens,
766 728 813 767 sa-
865 711 983 792 Τροιάδα
1001 715 1038 779 τίς
1050 711 1081 772 eb
1093 713 1258 792 εὐαγγέλιον,
1273 709 1346 772 τοῦτ’
1361 709 1421 771 iare
1429 755 1439 784 ,
1460 710 1507 768 διὰ
1523 711 1554 769 ab
1571 713 1645 792 ιθαγ-

97 807 150 868 cris
162 807 287 867 initiabas
296 818 321 865 et
330 802 494 886 baptimbas,
506 815 533 862 et
543 799 708 861 sacrificium
719 799 814 859 oflere-
866 801 986 882 γόλιον),
1000 803 1046 863 καί
1059 803 1162 871 οθδινδς
1176 803 1383 873 ἀντιπίπτοντος
1395 808 1407 878 (
1417 801 1517 884 eope<
1529 800 1582 883 γάρ
1594 825 1646 879 μοι,

96 899 156 973 bas,
170 919 219 958 nec
238 896 349 957 unicum
368 895 450 956 etiam
465 892 615 968 hominem,
636 891 684 970 qni
699 891 815 951 salntem
866 894 961 976 ρησίν,
986 895 1189 977 ἀνεῳγμένης),
1221 896 1400 969 ἀπιπήδησας
1437 896 1559 966 ιύθέως;
1584 897 1646 967 Ναὶ,

95 1003 253 1072 accepturus
266 1001 349 1065 esset,
373 985 561 1048 contemnebas
576 1007 582 1042 ι
603 984 742 1043 Troadem
755 982 813 1041 'au-
867 984 1043 1067 ρησί·πολλῇ
1055 987 1109 1069 γὰρ
1122 987 1286 1068 κατεσχίθην
1297 986 1415 1066 ἀθυμίας
1433 987 1591 1067 τυραννίδι,
1608 989 1647 1046 καὶ

95 1095 149 1142 tem
158 1082 304 1163 proiectus,
316 1100 350 1139 ac
363 1089 539 1160 repurgatum
548 1095 646 1137 arrum
657 1087 814 1134 sementem-
866 1076 966 1159 σφόδρα
988 1102 1038 1157 μου
1060 1078 1169 1162 συνίχιι
1189 1079 1399 1153 τὴνδιάνοιανὴ
1416 1077 1508 1138 Τίτω
1522 1080 1647 1153 eumue,

95 1193 148 1253 que
155 1172 280 1254 excipere
289 1183 424 1253 paratum,
438 1183 464 1228 et
474 1168 581 1250 plenam
592 1187 694 1244 aream,
705 1178 816 1226 cuncta·
831 1181 852 1229 ι’.
866 1168 912 1229 καί
924 1167 994 1229 οὕτω
1008 1192 1059 1248 μου
1074 1171 1204 1251 ἐκρότησε
1217 1170 1264 1230 καί
1278 1169 1467 1250 περιεγένετο,
1480 1174 1519 1237 ὡς
1537 1170 1648 1248 &mqui-

95 1286 148 1344 que
160 1264 210 1324 tibi
222 1285 308 1346 prona
322 1276 348 1321 et
358 1260 449 1320 facilia
459 1259 624 1341 praebentem
636 1257 814 1338 conspiciens,
868 1285 913 1321 σαι
926 1267 1003 1323 τοῦτο
1016 1267 1136 1336 ποιῆσαι.
1149 1259 1215 1322 Ὀτι
1228 1260 1280 1340 γὰρ
1294 1260 1338 1320 διδ
1353 1260 1477 1339 ἀθυμίαν
1490 1269 1572 1322 τοῦτο
1589 1263 1647 1320 ἔτι·

94 1370 198 1417 tantnm
212 1354 385 1416 demonibus
399 1354 505 1412 lucrum
519 1349 633 1431 ejecisti,
647 1364 679 1409 ιιι
691 1348 816 1428 ιμιιιιινίι
869 1360 927 1429 om,
941 1353 1014 1416 οὐδὲν
1032 1360 1103 1434 ἡμᾶς
1127 1356 1165 1414 δεῖ
1186 1353 1377 1437 πςχάζνςοαι,
1393 1353 1472 1415 ἀλλὰ
1494 1357 1564 1431 παρ’
1580 1358 1649 1414 ω’,ννῑ

94 1448 175 1508 ctian't
191 1447 228 1508 ob
239 1468 298 1507 oam
311 1464 420 1505 eausam
435 1442 538 1501 illucte
550 1440 708 1500 contulisses
720 1441 817 1515 (Cum
869 1447 914 1508 καὶ
935 1452 1013 1507 τοῦτο
1024 1448 1219 1528 ·ποχάζςςθςς
1238 1445 1284 1507 ναὶ
1299 1444 1461 1524 μανθάνω,
1475 1445 1534 1504 Καὶ
1547 1445 1599 1528 γὰρ
1609 1446 1650 1519 νην

78 1541 168 1602 -oniut
183 1544 330 1600 venissem
347 1537 501 1611 Troadem,
515 1533 615 1612 inquit,
631 1534 672 1592 nd
687 1553 817 1612 evange-
870 1537 957 1599 αἰτίαν
966 1542 1015 1611 τῆς
1028 1538 1222 1622 ἀναχωρήσεως
1230 1537 1346 1599 τίθευιιν
1360 1534 1467 1596 eineis·
1483 1535 1651 1616 Οάιιῖοχηιιι

96 1633 188 1709 ίίιιιιι,
206 1633 259 1691 hoc
278 1643 318 1689 est
337 1625 486 1706 evangelici
508 1624 611 1707 negotii
633 1628 748 1702 cansa),
768 1645 822 1712 neo*
871 1631 960 1691 ἄνισνν
978 1632 1017 1712 τῷ
1037 1630 1171 1708 πνεύματί
1199 1653 1248 1709 μου
1273 1632 1312 1708 τῷ
1341 1627 1382 1707 μὴ
1405 1634 1499 1711 εὑρεῖν
1514 1652 1552 1709 με
1567 1628 1652 1703 Tim,

95 1723 238 1802 qnisquam
256 1719 308 1778 tibi
331 1719 472 1778 obsisteret
489 1719 551 1791 (Et
572 1720 692 1788 ostium,
715 1714 816 1794 inquit,
873 1720 943 1782 ἀλλὰ
956 1720 1155 1801 ἀποταξάμενος
1168 1723 1256 1790 αὐτοῖς
1276 1720 1396 1794 ἀξῆλθον,

97 1813 171 1872 milri
185 1825 319 1891 apertum
332 1814 434 1881 esset),
452 1807 549 1890 pedern
562 1820 651 1866 tamen
665 1807 756 1866 statim
772 1828 817 1867 re-

96 1904 197 1964 ferres?
210 1903 252 1962 lta
267 1923 339 1976 sane,
356 1899 444 1979 inquit
456 1923 463 1957 ι
477 1919 574 1979 magna
596 1899 667 1958 enim
687 1920 731 1958 me
748 1921 818 1959 moe·

97 1993 167 2054 roris
188 1990 312 2076 tyr‘annis
331 1991 440 2070 invasit,
458 1989 570 2070 Titique
587 1991 708 2050 absentia
729 2013 820 2051 meum

97 2087 217 2145 animum
230 2085 412 2144 'vehementer
431 2082 611 2161 conturbavit,
624 2097 706 2162 atque
720 2083 757 2143 ita
778 2106 821 2144 mo

96 2176 178 2257 fregit
194 2198 226 2237 ao
244 2176 392 2258 superavit,
410 2189 443 2235 ιιι
463 2196 478 2233 a
504 2195 561 2251 me,.
576 2174 629 2236 hoc
644 2188 677 2234 ut
696 2176 821 2251 iacerem,

96 2269 248 2329 extorserit.
266 2270 336 2328 Nam
348 2267 422 2347 qnod
431 2267 473 2327 illi
487 2261 597 2349 propter
611 2286 754 2326 moerorem
768 2266 821 2327 boo

97 2360 236 2436 acciderit,
247 2362 317 2423 nihil
328 2361 407 2421 nobis
415 2361 518 2441 conject
621 2381 655 2420 us
665 2372 713 2437 est,
724 2380 820 2419 rerum

98 2453 134 2514 ab
149 2453 263 2535 ipsomet
276 2455 329 2514 hoc
342 2453 472 2534 conjicere
482 2465 527 2530 atq
603 2451 725 2532 telligere
739 2451 822 2511 debe-

100 2566 172 2606 mus.
197 2546 307 2606 Etenim
332 2545 467 2606 discessus
488 2543 533 2603 sui
546 2543 708 2604 causamhis
730 2542 822 2604 verbis

99 2639 226 2718 exposuit
238 2661 245 2695 ι
257 2640 424 2698 Nonlrabni
434 2638 564 2718 requiem
572 2639 688 2715 spiritui
701 2655 777 2712 uteo,
786 2655 822 2693 eo
909 2654 912 2659 ·

99 2731 181 2812 qnod
195 2750 254 2789 non
274 2733 434 2789 invenerim
454 2730 562 2804 Titum,
582 2728 635 2787 sed
649 2728 822 2787 maledicens

98 2825 141 2882 eis
142 2843 294 2903 ,egressus
307 2843 380 2882 sum.

81 2950 89 2960 ·
140 2913 316 2975 invitone
329 2925 461 2992 quantum
474 2924 607 2971 cemamen
618 2910 665 2987 sit,
679 2909 758 2969 amici
751 2910 821 2969 'di·
912 2901 1045 2979 Είδις”
1004 2936 1062 2980 ποις
1082 2912 1205 2991 μέγιστος
1228 2903 1348 2980 αθλος
1325 2936 1355 2971 το
1376 2913 1530 2985 δυνηθῆναι
1545 2912 1649 2989 ἐνεγκεῖν

99 3024 221 3088 gressum
237 3027 314 3085 aequo
331 3026 362 3064 ae
372 3001 480 3085 placido
491 3001 582 3062 animo
596 3002 665 3061 serre
666 3023 823 3081 ,quamque
875 3003 967 3085 πράως
979 3009 1025 3062 τοῦ
1037 3004 1218 3118 ἀγαπωμένου
1232 3003 1383 3084 χωρισμόν;
1375 3003 1503 3062 wael
1458 3027 1520 3072 πως
1534 3003 1651 3081 δοινηρδι

101 3097 194 3177 gravis
206 3108 233 3158 et
245 3097 340 3157 acerba
350 3097 409 3155 haec
418 3117 466 3175 'res
475 3094 519 3167 sit,
533 3115 668 3173 quamque
678 3094 823 3154 sublimem
875 3105 989 3176 πρᾶγμα
1002 3095 1048 3155 καὶ
1059 3094 1168 3175 πικρόν;
1181 3119 1238 3162 πιος
1246 3097 1348 3175 ὑψηλῆς
1361 3094 1489 3171 δεόμενον
1500 3095 1552 3154 καί
1572 3118 1651 3153 νεανι-

102 3210 134 3249 ιι
162 3204 302 3249 stronuum
333 3188 455 3247 animum
485 3185 635 3246 desideret?
655 3185 713 3246 Hoc
742 3207 823 3267 porro
840 3201 859 3247 o
876 3189 1151 3267 κῆςψιχῆςςΤοῦτον
1164 3186 1209 3245 τὀν
1220 3179 1298 3247 ἀθλον
1309 3184 1355 3245 καί
1370 3185 1440 3259 αὐτὴ
1464 3185 1587 3251 διανόιις
1603 3190 1651 3243 νῦν.

101 3295 235 3341 certamen
254 3294 284 3340 ιιι
305 3301 413 3360 quoqne
433 3299 505 3337 nunc
525 3278 595 3361 obis.
611 3280 647 3336 At
662 3299 718 3357 qno
735 3279 824 3359 majus
877 3277 954 3360 Ὀσιρ
965 3277 993 3338 δὲ
1007 3276 1155 3358 μίγιοτοςθ
1169 3269 1260 3351 ἆθλος,
1278 3276 1396 3358 τοσούτῳ
1419 3276 1469 3336 καί
1491 3281 1508 3336 ὁ
1533 3277 1653 3356 nequa

101 3373 154 3433 boo
175 3387 308 3433 certamen
325 3386 375 3448 est,
393 3392 424 3431 eo
437 3373 519 3430 etiam
536 3391 634 3430 corona
655 3371 825 3452 prestantior
878 3369 990 3450 μείζων,
1006 3369 1052 3428 καί
1065 3369 1099 3428 τὰ
1115 3370 1226 3452 βραδεῖα
1239 3368 1423 3450 λαμπρότερα.
1438 3364 1535 3430 Τοῦτό
1549 3393 1592 3430 σοι
1611 3373 1653 3439 τῆς

103 3465 165 3540 crit,
184 3465 348 3547 praemiaque
371 3461 565 3547 splendidiora.
586 3465 679 3536 Quare
698 3462 750 3522 boc
772 3461 824 3522 tibi
877 3460 1030 3540 μιλλησιως
1051 3461 1120 3522 ἔσται
1144 3459 1300 3543 παραμυθία
1320 3459 1367 3519 καί
1391 3461 1424 3520 eb
1450 3461 1565 3527 πάντως
1588 3466 1655 3538 ἡμᾶς

101 3556 237 3617 tarditatis
252 3557 287 3617 sit
301 3556 428 3617 solatium
437 3581 446 3635 ρ
464 3554 587 3634 illudque
599 3567 736 3636 praterea,
750 3554 823 3634 qnod
876 3552 988 3635 ἀρισθαί
1010 3577 1040 3614 σι
1056 3553 1137 3613 πόλιν
1153 3552 1324 3633 βρύουσαν
1294 3555 1333 3611 τῶ
1347 3556 1467 3613 ἐντεῦθεν
1491 3557 1602 3634 μισθῷ,
1614 3553 1655 3611 καί

102 3649 224 3709 mercede
234 3648 300 3709 bino
311 3662 436 3708 manante
450 3648 584 3718 refertam,
599 3667 694 3706 oorona
709 3646 824 3707 redimi·
878 3645 1103 3727 στερονουμένην,
1132 3644 1178 3704 καί
1202 3642 1462 3728 ἀνακηρυττομίνην.
1492 3646 1571 3705 Οὐδὲ
1608 3643 1655 3724 γδρ

103 3739 410 3820 tama-amplissimisque
423 3739 551 3797 laudibus
562 3739 687 3798 affectam
700 3738 823 3799 tovisuri
877 3743 1018 3819 iporeiam<
1031 3738 1155 3817 ἀγαπῶσι
1179 3735 1258 3849 μρνον
1271 3736 1303 3795 ab
1322 3759 1355 3815 τη
1338 3739 1446 3816 ψυχῇ
1460 3737 1655 3810 συνδεδέσθαι,

102 3830 195 3890 simus.
207 3829 587 3908 Nequeenimiiquiamant‚
596 3851 628 3888 eo
642 3830 824 3890 solocontenti
878 3828 989 3890 Ιὀὗδὲά
1083 3852 1143 3887 νται
1160 3828 1245 3887 τούτω
1267 3830 1303 3895 τίς
1318 3827 1505 3906 παραμυθίαν,
1525 3829 1599 3890 ἀλλὰ
1614 3830 1656 3888 καί

102 3933 165 3980 sunt
167 3920 260 3997 quod
272 3941 424 3978 animorum
437 3919 577 3978 vinculis
570 3923 824 3980 interseconstrin·
877 3851 1147 4000 superemineat
1164 3919 1327 4002 παρουσίας·
1343 3918 1447 3997 κάνμὴ
1456 3926 1541 3981 τοῦτο
1558 3925 1655 4002 προσῇ,

102 4025 212 4090 gantur,
229 4032 315 4090 neque
334 4010 387 4069 boc
404 4009 440 4068 ad
460 4009 669 4070 consolationem
687 4011 738 4071 sibi
759 4012 823 4072 satis
840 4031 860 4080 r.
877 4017 906 4073 οὗ
920 4037 1015 4096 μικρον
1028 4016 1077 4084 τῆς
1095 4011 1255 4094 εὐφροσύνης
1275 4010 1458 4089 ὑποτέτμηται
1479 4012 1576 4095 μέρος.
1606 4012 1656 4073 Καὶ

101 4124 159 4162 esse
176 4102 290 4179 ducunt,
305 4121 400 4160 rernm
421 4100 501 4159 etiam
517 4101 637 4180 corporis
655 4103 824 4183 presentiam
876 4112 952 4166 τοῦτο
966 4105 1047 4165 πάλιν
1065 4105 1130 4188 πρὸς
1142 4105 1232 4165 aba
1198 4128 1246 4176 της
1258 4103 1365 4182 ἀγάπης
1377 4103 1510 4186 τρόφιμον
1522 4104 1656 4173 ἐλθόντος,

102 4194 244 4274 requirnnt
257 4216 265 4251 ι
280 4215 334 4273 qua
342 4192 365 4251 si
377 4205 494 4266 careant,
503 4190 577 4251 band
587 4192 685 4272 exigua
699 4192 824 4276 volupta·
877 4196 1023 4277 εὑρήσομεν
1046 4196 1127 4264 οὕτως
1151 4194 1222 4277 ίχον.
1253 4195 1390 4255 Μακεδόσι
1411 4194 1464 4274 γάρ
1489 4196 1656 4256 temetum

102 4289 138 4348 tis
155 4310 217 4370 pars
233 4288 335 4348 succisa
352 4298 401 4346 est.
423 4287 512 4365 Atque
533 4285 585 4344 hoo
603 4306 723 4362 rursum,
743 4288 767 4346 si
788 4287 824 4349 ad
876 4291 959 4357 οὕτως
972 4287 1076 4370 ίλιγιν·
1094 4288 1190 4365 Ἡμεῖς
1208 4287 1252 4361 δὲ,
1276 4286 1397 4367 ιἰδιλροί,
1411 4287 1655 4367 ἀπορραντσθίντιι

103 4380 223 4441 raritatis
240 4379 383 4438 alumnum
393 4399 442 4436 nos
460 4375 663 4451 contulerimus,
680 4376 717 4434 ita
733 4398 761 4436 se
775 4378 824 4437 ba·
877 4384 922 4463 ἀρ’
936 4383 1011 4460 ὑμῶν
1027 4381 1092 4461 πρδς
1114 4379 1205 4459 καιρὸν
1217 4378 1303 4461 δρας,
1315 4376 1466 4460 προσώπῳ,
1488 4381 1521 4438 ὠ
1540 4380 1655 4461 καρδίη,

10 4516 14 4521 -
102 4472 381 4554 berecomperiemus.
387 4467 683 4550 incaenimEpistola,
695 4470 824 4547 anamad
876 4472 1068 4589 aspernarique
1082 4470 1324 4550 teneaturque
1337 4468 1480 4550 πρόσωπον
1490 4474 1571 4548 ὑμῶν
1582 4473 1655 4531 ίδιῐν·

0 4594 60 4633 ινιτ
69 4565 266 4632 a.blacedonas
281 4559 823 4635 scribebat‚h1sverb1sutebaturrNos
877 4562 930 4643 ι’γιο
947 4563 996 4642 μίν
1017 4565 1122 4631 Παῦλος
1141 4563 1201 4621 καί
1209 4560 1281 4630 ἅπαξ
1308 4561 1355 4621 καί
1378 4561 1434 4635 δίς,
1457 4562 1505 4620 καί
1530 4563 1655 4642 ἀνέκοψαν

16 4648 84 4695 ’δ”
28 4658 214 4759 ιἑίιιιιισιιι,
234 4659 359 4738 fratres,
386 4657 517 4714 orbatio
541 4654 627 4713 cobis
650 4654 692 4712 ad
712 4666 824 4734 tempus
877 4659 973 4734 ἡμᾶςδ
988 4663 1111 4721 σαιανθίς.
1133 4653 1182 4712 Διὸ
1194 4653 1451 4733 μηκέτιστίγοντις,
1465 4654 1656 4733 ηυδοκησαμιν

47 4725 192 4823 '²'‚lmroe
213 4761 342 4830 aspectu,
366 4767 426 4805 non
445 4745 541 4821 corde,
562 4745 763 4804 abuudantius
772 4747 826 4827 se·
877 4750 1087 4828 καταλιιρθῆναι
1111 4747 1139 4805 ἀν
1160 4745 1282 4818 Ἀθήναις
1305 4746 1403 4859 μόνρι,
1425 4745 1472 4805 καὶ
1496 4747 1655 4828 ἀπίμψαμιν

103 4841 403 4920 stinavimussaciem
413 4849 545 4896 uestram
558 4835 679 4894 videre:
670 4856 746 4917 :ego
759 4841 824 4917 qui·
833 4838 1020 4916 ffl'l'epobeos.
1038 4833 1188 4904 liliisne
1202 4835 1368 4908 ἐκοίστηςδ’
1353 4859 1467 4914 υναμιν·
1482 4836 1534 4910 τὴν
1548 4836 1657 4920 γδρίν-

103 4933 168 4992 elem
181 4932 296 4991 Paulus
309 4929 400 4990 semel
412 4940 440 4987 et
454 4931 583 4987 itemim:
610 4929 663 4987 sed
674 4930 824 5008 impedivit
842 4932 862 4979 Α
879 4928 1098 5008 αποκιιμένην’
1068 4951 1149 4988 αυτου
1162 4951 1195 5006 τη
1178 4929 1284 5007 ψυχῇ
1296 4925 1426 5007 qli-qn*
1392 4951 1441 5000 της
1460 4929 1571 5007 ἀγάιιης
1592 4929 1657 5011 piei

104 5046 156 5084 reos
176 5037 309 5083 satanas.
327 5025 451 5101 Propter
469 5021 549 5100 quod
566 5040 627 5113 non
648 5022 823 5082 sustinentes
879 5025 979 5096 πολλῆς
993 5020 1153 5083 ἐνδείκνυται
1175 5024 1221 5092 τῆς
1243 5020 1394 5102 σαφηνείας.
1416 5023 1486 5083 otti
1507 5023 1562 5108 γάρ
1587 5015 1656 5096 alm,

136 5211 146 5234 ι
166 5195 196 5244 Ιιι
210 5191 290 5244 tribus
300 5194 358 5245 lits.
374 5201 523 5259 στοηάςιιθτι
535 5201 573 5248 κατ’
583 5189 662 5244 deest.
922 5195 936 5234 ί·
954 5194 1010 5246 Duo
1021 5192 1071 5245 lisa
1093 5197 1142 5247 aiii
1154 5200 1249 5266 ἀρκετὸν
1262 5202 1329 5247 τοῦτο
1341 5201 1378 5252 ete.
