3764 5992
187 452 379 501 navarrus
406 454 583 516 ινοιτοιι,
613 451 787 499 irrorares
813 450 958 499 euaroeu
984 454 1153 501 seuuruu.
1183 454 1231 500 ιιι.
1418 430 1488 500 335

133 576 212 659 δραίν
223 582 271 649 τῆς
288 578 391 658 ρήσεως
402 578 508 649 ταύτης.
526 576 606 637 Ἀλλά
623 573 716 634 διανσί-
770 591 819 650 age
832 585 858 630 et
878 576 992 634 alteram
1014 596 1121 637 causam
1147 575 1331 656 proferamus,
1347 574 1384 633 ob
1406 596 1488 653 quarn

130 664 325 747 ρὶρτδυόημα
340 668 417 728 τοῦτό
431 668 540 739 dotted
560 667 649 726 κε’λλω
670 665 712 724 λε’-
771 661 855 739 dixit,
870 667 1033 725 Eurudem:
1042 667 1100 746 jam
1118 680 1176 725 tum
1194 665 1266 725 enim
1280 664 1393 725 alteram
1407 665 1489 747 hujus

136 757 409 837 ὑμτίρανάγιίπην,
434 759 480 818 καὶ
493 760 645 837 ἀιορατικῆς
658 755 716 815 δεό-
772 752 838 811 dicti
863 776 971 814 cansam
993 757 1211 837 promiseramus.
1227 754 1282 816 Sed
1301 777 1370 836 opus
1390 770 1430 815 est
1459 770 1489 814 ut

130 872 163 921 ς,
181 852 232 909 καὶ
244 850 370 923 ὀξυτάτης
396 854 498 930 ψυχῆς·
516 851 556 909 διὸ
570 851 718 929 παρακαλῶ
772 847 946 906 excitemini:
964 847 1114 928 profundus
1135 849 1207 907 enim
1228 861 1268 906 est
1288 869 1383 907 sensus
1406 869 1490 926 quem

130 940 171 1011 ἰς
181 944 392 1022 παρακολουθεῖν
405 951 460 1010 τοῖς
475 942 634 1022 ῥηθήσεσθαι
657 940 719 1016 μελ·
772 937 875 997 caritati
891 952 986 999 vestrae
995 960 1053 998 sum
1063 939 1198 1016 dicturus,
1205 952 1231 997 et
1242 939 1390 1018 perspicaci
1398 938 1489 997 animo

130 1031 313 1115 ιρὴμότιρος
325 1037 339 1092 ὁ
352 1033 447 1107 πόνος,
472 1034 530 1091 ἀλλ’
550 1031 675 1112 ὑμέτερον
689 1031 720 1089 τὸ
775 1048 843 1107 opus
866 1028 963 1104 habet,
989 1029 1149 1109 ingenioque
1174 1043 1491 1110 peracuto:quapropter

130 1144 172 1183 m
187 1124 219 1183 dd
228 1124 289 1184 οθδδ
299 1124 428 1206 ἡμέτερος
442 1129 456 1183 ό
475 1123 566 1191 πόνος,
583 1124 650 1180 ἀλλά
672 1127 719 1193 τῆς
773 1120 891 1180 obtestor
909 1135 939 1180 ut
952 1144 1057 1181 summa
1070 1122 1215 1182 attentione
1226 1143 1286 1200 quae
1304 1120 1416 1181 dicenda
1427 1136 1490 1181 sunt

130 1236 154 1283 ις
169 1214 283 1297 χάριτας
293 1220 310 1286 ἡ
321 1216 419 1295 δωρεαί·
431 1216 493 1273 όταν
508 1212 535 1273 δὲ
550 1211 719 1292 ἀποκαλύψῃ,
774 1212 938 1271 auscultetis.
954 1216 1084 1273 Vestrum
1107 1228 1147 1275 est
1169 1214 1287 1285 lucrum,
1312 1227 1402 1272 noster
1425 1234 1491 1274 vero

130 1304 203 1377 οὔτε
218 1310 244 1365 oi
257 1307 394 1374 ἀκυόοντες
407 1305 551 1384 κάμνουσι·
566 1304 652 1375 πολλὴ
667 1303 719 1383 γὰρ
736 1317 756 1363 ι)
774 1301 864 1377 labor;
881 1303 936 1360 imo
955 1304 1048 1382 gratia
1069 1303 1187 1384 Spiritus
1208 1303 1294 1363 sancti
1313 1303 1425 1376 donum,
1438 1327 1491 1384 quo

130 1398 353 1471 ιαιςὴιθκολία.
370 1400 535 1478 Πρσσρῶμεν
549 1396 635 1454 τοίνυν
651 1394 719 1473 μετὰ
774 1393 909 1452 revelante
934 1408 1051 1470 secreta,
1062 1416 1148 1473 neque
1161 1394 1210 1472 qui
1231 1393 1318 1471 dicit,
1334 1416 1419 1473 neque
1444 1397 1491 1475 qui

130 1476 150 1547 t,
171 1488 229 1569 τδρ
249 1496 305 1557 τοῖς
324 1489 427 1549 πλείοσι
448 1488 716 1569 παρακολουθήσητε,
775 1484 852 1544 audit
865 1484 1049 1565 defatigatur:
1065 1486 1333 1546 res'elationemcnim
1348 1489 1493 1565 magonia·

130 1580 144 1639 b
164 1580 248 1660 μέρος
268 1581 481 1653 ἀπονυστάξητε,
504 1581 534 1639 τὸ
552 1590 604 1639 πᾶν
619 1579 719 1656 ἀγνοή-
775 1575 862 1635 cilitas
886 1578 1020 1654 sequitur.
1040 1577 1221 1638 Attendamus
1245 1578 1330 1657 igitur
1349 1599 1411 1637 cum
1424 1579 1493 1637 dili-

130 1684 207 1745 λαις,
230 1669 401 1743 διακοπείσης
421 1675 468 1741 τῆς
488 1670 642 1737 ἀκολουθίας
662 1672 721 1728 λοι·
776 1668 966 1746 gentia21icet
990 1669 1061 1728 eninr
1091 1671 1221 1751 majorem
1249 1682 1353 1749 partem
1381 1670 1494 1730 auribus

130 1760 206 1842 hp
220 1763 246 1821 oi
260 1761 307 1828 τάς
318 1759 392 1829 ὁδοὺς
403 1764 554 1840 ἀγνοοῦντες
567 1762 613 1820 καὶ
623 1761 720 1840 ἑτέρων
776 1761 988 1840 persequamini,
1001 1763 1023 1820 si
1044 1762 1086 1822 vel
1100 1763 1244 1821 minimum
1269 1761 1491 1836 dormitaveritis,

142 1850 325 1931 δδηγαίντων,
338 1852 387 1911 κᾶν
401 1851 467 1911 πολὺ
479 1853 640 1933 πρυελθωσιν
657 1857 721 1912 ἀκο·
777 1850 926 1934 interrupto
941 1853 1022 1913 semel
1036 1867 1162 1913 contextu
1177 1866 1263 1912 totum
1277 1853 1446 1932 ignorabitis.
1457 1852 1494 1914 Et

130 1946 238 2017 ὐτοῖς,
264 1943 358 2023 μικρὸν
391 1943 418 2004 δὲ
451 1945 721 2025 ἀποῤῥαθιιμήσαντες
777 1943 1011 2020 quemadmodum
1025 1945 1071 2022 iis,
1095 1945 1142 2023 qni
1164 1945 1239 2005 viam
1253 1944 1388 2023 ignorant,
1399 1959 1425 2004 et
1437 1945 1493 2005 du·

130 2034 328 2115 αιὴγοόμενον,
344 2034 418 2095 οὐδὲν
432 2037 519 2104 αὐτοῖς
536 2038 627 2116 όρελος
646 2036 721 2104 ἔσται
778 2049 852 2095 ctore
865 2058 934 2116 opus
955 2036 1131 2109 babent,diu
1145 2036 1210 2096 licet
1233 2036 1313 2095 illum
1337 2036 1454 2115 sequuti,
1470 2038 1493 2097 si

130 2150 140 2195 ς
165 2124 382 2200 ὰολουθήσεως,
407 2126 466 2186 ἀλλ’
479 2126 600 2186 ἵστανται
620 2127 722 2199 λοιπὸν,
778 2148 826 2207 per
841 2128 1032 2208 negligentiam
1046 2127 1090 2187 rel
1109 2126 1252 2208 paululum
1274 2148 1309 2186 ex
1332 2127 1418 2187 oculis
1431 2149 1494 2187 eum

130 2216 369 2299 τνιπρσιλθωσιν·
381 2216 450 2277 οὕτω
472 2217 517 2276 καὶ
531 2224 554 2278 οἱ
570 2223 608 2298 τῷ
621 2219 723 2297 λέγοντι
740 2230 759 2275 E
777 2220 916 2293 amittant,
932 2219 1002 2279 nibil
1016 2219 1122 2300 prodest
1145 2219 1273 2278 hactenus
1289 2233 1415 2296 sequutus
1426 2240 1493 2292 csse,

130 2316 217 2382 ἱντες,
231 2307 277 2367 Idu
291 2308 367 2391 παρὰ
386 2319 474 2368 πᾶσαν
485 2308 534 2381 τήν
550 2310 721 2369 διδασκαλίαν
776 2309 826 2370 sed
849 2311 998 2370 consistunt
1020 2310 1108 2390 ignari
1132 2332 1248 2390 quanam
1269 2311 1304 2371 sit
1316 2310 1494 2390 progredien-

130 2400 230 2491 μικρὸν
244 2401 447 2483 ρρθυμήσωσιν,
468 2400 575 2461 ἅπασαν
593 2402 640 2474 τήν
661 2405 723 2463 dao-
777 2401 864 2461 dume
881 2402 918 2462 ita
943 2402 1024 2461 etiam
1048 2401 1097 2479 qui
1130 2401 1264 2460 dicentem
1293 2415 1495 2482 prosequuntur

130 2504 203 2565 ιπις,
214 2493 262 2551 σιἰκ
274 2492 314 2551 ἔτι
327 2493 419 2552 λοιπὸν
441 2495 579 2563 ἐπιστῆναι
600 2496 638 2574 τῷ
652 2494 723 2555 τέλει
780 2493 881 2567 animo,
889 2493 994 2553 etiamsi
1005 2506 1105 2553 attente
1114 2492 1266 2553 doctrinam
1277 2493 1493 2574 ejusbauseriot,

130 2606 157 2645 ιν
182 2582 351 2655 δυνήσονται.
377 2583 427 2642 ’λα’
448 2574 492 2641 οὖν
510 2584 547 2656 μὴ
568 2591 645 2644 τοῦτο
666 2587 722 2645 πό·
777 2585 800 2643 si
823 2586 961 2666 paulisper
989 2599 1094 2645 tantum
1119 2585 1261 2644 oscitanter
1287 2583 1414 2657 audiant,
1439 2599 1494 2645 tota

130 2672 225 2735 ιίντιιιν
237 2679 291 2733 τῶν
316 2674 466 2751 μελλόντων
491 2676 652 2754 ῥηθήσεσθαι
672 2677 721 2749 τὴν
777 2677 845 2735 serie
858 2677 966 2752 amissa,
979 2698 1030 2736 non
1045 2691 1156 2758 possunt
1169 2675 1288 2756 amplius
1301 2675 1336 2734 ad
1348 2678 1493 2736 sententia-

130 2762 205 2847 ίχιτε
218 2764 347 2838 σπουδὴν,
362 2768 410 2833 ἕως
426 2766 456 2823 ἀν
473 2769 510 2833 εἰς
523 2767 585 2827 αὐτὸ
598 2768 629 2827 τὸ
647 2768 721 2835 τελσς
777 2788 839 2826 rum
859 2767 942 2826 finem
955 2768 1104 2849 pervenire.
1119 2768 1160 2827 Ne
1173 2767 1258 2845 igitur
1273 2765 1343 2825 idem
1360 2767 1439 2827 vobis
1449 2790 1494 2828 ac·

777 2857 859 2930 cidat,
872 2858 1000 2917 omnibus
1013 2879 1073 2937 quae
1098 2857 1199 2917 dicturi
1220 2877 1314 2916 sumus
1327 2859 1387 2938 pari
1402 2872 1494 2919 tenore

777 2948 918 3025 intendite,
929 2948 1014 3008 donec
1023 2949 1059 3008 ad
1067 2948 1146 3008 finem
1156 2948 1353 3029 perveniamus.

130 3042 465 3125 θαενείρηκεν,Ἔχοντες
475 3045 541 3105 δὲτὸ
555 3046 618 3106 αὐτὸ
633 3049 719 3108 Πνεῦ-
816 3048 846 3106 5.
861 3047 969 3106 Dicturi
989 3047 1073 3127 igitur
1092 3068 1146 3125 qua
1168 3047 1203 3106 de
1225 3068 1305 3107 eausa
1321 3047 1403 3126 dicat,
1426 3053 1493 3111 Ilae-
1532 3056 1651 3101 coeatur-

1500 3120 1643 3235 ,εἷ’ἓζίῖίῖ

130 3134 227 3207 ιις,κα“ι
237 3136 378 3204 σπουδάζει
387 3135 468 3204 δεῖξαι
480 3137 526 3196 καί
534 3141 601 3215 ἐντῇ
613 3140 721 3219 Παλαιᾷ
777 3141 875 3197 beuter
890 3151 988 3197 autem
1002 3140 1133 3198 eumdem
1144 3138 1284 3218 Spiritum
1296 3139 1386 3220 fidei,
1397 3142 1491 3203 rolens

130 3219 359 3305 ινῇπίστινοῦσαν
370 3227 418 3299 τὴν
427 3228 529 3308 μητέρα
539 3234 592 3288 τῶν
602 3234 718 3310 ἀγαθῶν,
774 3228 913 3289 ostendere
933 3229 1055 3289 camdem
1083 3250 1140 3289 este
1160 3229 1301 3307 utriusque
1322 3231 1491 3294 Testamenti
1501 3251 1547 3285 ¹⁰¹¹·
1582 3243 1643 3286 tnui.

130 3340 158 3377 τι
177 3319 321 3395 ἀναγκαῖον
348 3322 447 3377 εἰπεῖν·
472 3319 539 3377 οὕτω
568 3319 619 3399 γὰρ
643 3320 857 3408 ίσταιηρΐιιθειιι
884 3321 1004 3381 omniurn
1025 3321 1159 3380 bonorum
1172 3335 1296 3393 manem,
1313 3324 1395 3402 paulo
1410 3325 1492 3386 altius

130 3412 203 3487 μῖαὴ
217 3408 290 3467 αἰτία
304 3412 412 3485 μᾶλλον.
428 3409 478 3477 Τίς
491 3401 536 3466 σόν
546 3415 615 3470 ἐστιν
631 3416 649 3482 ἡ
673 3415 719 3470 αῖ·
739 3426 759 3471 Α
774 3433 923 3471 sermonem
935 3425 1087 3492 repetamus
1102 3435 1108 3467 :
1124 3412 1163 3470 sic
1173 3411 1244 3470 enirn
1254 3412 1330 3471 nohis
1344 3435 1422 3472 causa
1433 3416 1492 3475 evi·

130 3498 237 3576 ιίλιμσς
246 3501 424 3579 περιειστήκει
436 3499 495 3566 τοὺς
506 3500 629 3573 πιστοὺς,
641 3502 720 3574 ἡνίκα
774 3503 881 3563 dentins
890 3502 1041 3583 apparebit.
1049 3503 1180 3573 Quaenam
1189 3502 1274 3581 igitur
1283 3518 1322 3560 est
1329 3503 1386 3563 baec
1393 3507 1493 3565 causa?

130 3612 163 3667 ο,
175 3590 291 3667 πολεμος
301 3593 417 3671 χαλεπὸς
438 3592 483 3650 καλ
498 3592 654 3671 ἀκήρυκτος.
668 3593 721 3652 Καί
776 3597 907 3671 Magnum
918 3593 1020 3652 bellum
1034 3593 1245 3651 circumsteterat
1255 3591 1348 3652 fideles
1356 3593 1422 3653 dum
1436 3595 1493 3655 baec

130 3706 158 3751 ιις
170 3684 258 3748 αὐτοῖς
269 3683 409 3763 ὁλόκληροι
429 3683 475 3743 καί
495 3686 574 3760 δῆμοι
593 3684 720 3743 πάντοθεν
775 3685 951 3758 dicebantur;
965 3683 1083 3753 bellum,
1100 3683 1223 3760 inquam,
1240 3703 1322 3762 grave
1344 3698 1370 3743 ct
1390 3685 1493 3765 absque

130 3818 136 3847 ,
161 3774 210 3833 καλ
238 3774 361 3854 τύραννοι
374 3775 470 3840 πάντες
483 3775 662 3848 ἐπεόοόλευον,
677 3776 722 3834 καί
777 3777 841 3835 ullis
852 3776 977 3836 induciis.
989 3775 1221 3836 Nametcivitates
1234 3773 1345 3855 integrae
1358 3790 1384 3835 et
1396 3778 1490 3858 populi
1500 3789 1575 3848 [mago
1594 3804 1643 3847 per·

130 3866 335 3947 ρισκευοίζσντσ,
354 3868 399 3925 καὶ
429 3866 499 3925 θπλα
528 3871 653 3942 ἐκινεῖτο,
677 3867 722 3926 καί
777 3867 897 3946 undique
912 3868 940 3927 in
956 3888 1001 3926 eos
1015 3866 1225 3938 insurrexerant,
1241 3880 1266 3925 ct
1281 3868 1388 3947 tyranni
1400 3890 1492 3929 omnes
1500 3856 1615 3958 Ἡλίω

130 3980 149 4029 ι,
163 3957 211 4016 καὶ
225 3956 390 4037 στρατόπεδα
404 3957 591 4039 ηὖτριπίζετσ,
605 3958 652 4016 καί
670 3967 723 4016 πάν
778 3959 987 4028 insidiabantur,
1005 3971 1031 4017 et
1048 3971 1224 4037 regescontra
1237 3978 1282 4016 eos
1295 3957 1397 4017 bellum
1412 3981 1493 4041 para·
1558 3946 1565 3959 ⁰

130 4070 162 4115 υς
181 4046 229 4105 καὶ
249 4047 378 4127 τιμωρίας
393 4050 539 4107 ἐπενοεῖτο·
561 4047 619 4108 όθεν
638 4053 723 4131 θπαρ-
775 4049 1493 4129 bant3armamovebantur,gladiiacuebantur,exer-

130 4137 186 4217 ιγαὶ
208 4138 254 4197 καὶ
280 4138 434 4215 δημεύσεις,
457 4140 503 4199 καί
518 4140 660 4220 ἀπαγωγαὶ
677 4142 722 4199 καὶ
776 4144 845 4204 citus
858 4142 1070 4213 adornabantur,
1082 4153 1107 4199 et
1131 4141 1220 4199 omnia
1235 4162 1331 4221 genera
1353 4162 1494 4222 poenarum

130 4229 264 4310 ψρῑνοὶ,
283 4231 329 4288 καὶ
345 4228 533 4309 στρῑὸλώοειτ,
556 4231 603 4289 καὶ
616 4232 722 4308 darete>-
775 4257 807 4294 ae
824 4234 1023 4317 suppliciorum
1046 4232 1285 4311 excogitabanturr
1298 4232 1361 4292 inde
1381 4233 1494 4293 faculta-

130 4324 199 4401 ιῧρ,
219 4322 265 4380 καὶ
289 4321 411 4402 σίδηρος,
426 4321 472 4379 καὶ
497 4321 592 4401 θηρία,
611 4322 656 4380 καὶ
678 4321 722 4390 ξύ·
775 4342 833 4387 tum
857 4328 959 4409 rapina
984 4338 1011 4385 et
1034 4324 1254 4401 confiscationes,
1275 4337 1302 4382 et
1322 4345 1441 4382 carceres
1462 4345 1495 4382 ac

130 4412 198 4493 git,
221 4413 268 4472 καλ
292 4413 429 4493 βάραθρα,
450 4412 495 4472 καλ
519 4413 650 4492 κρημνοὶ,
677 4413 722 4471 καὶ
776 4433 874 4478 mortes
892 4416 1067 4496 quotidianae,
1090 4428 1238 4487 tormenta,
1262 4414 1383 4485 vincula,
1409 4414 1491 4493 ignis,

130 4526 141 4571 t
157 4503 275 4563 θπῖθθῑαν
285 4504 352 4584 πρὸς
370 4503 415 4562 τὸν
430 4508 482 4563 τῶν
497 4509 598 4563 πιστῶν
617 4504 721 4585 ὄλεθρον
776 4512 886 4584 serrum,
899 4509 1009 4583 bestia,
1020 4506 1161 4587 patibula,
1177 4506 1409 4582 rotae,baratbra,
1420 4528 1491 4588 prae·

130 4640 132 4651 .
149 4595 210 4657 οὐδὲ
230 4595 309 4675 μέχρι
327 4595 426 4655 witam
438 4601 453 4655 δ
465 4597 580 4675 πόλεμος
595 4597 721 4667 εἱστήκει.
741 4596 758 4642 ¹³
776 4601 879 4682 cipitia,
895 4614 922 4659 ct
932 4596 1071 4677 quidquid
1082 4596 1109 4655 in
1120 4596 1266 4676 perniciem
1281 4596 1403 4657 fidelium
1415 4618 1494 4656 exeo·

131 4686 232 4768 ράτιῖιν
246 4691 347 4766 ἐχθρῶν
362 4686 722 4769 ἀνεῤῥιπίζετομόνον,ἀλλά
777 4693 856 4771 gitari
878 4703 983 4773 poterat
999 4715 1006 4748 ι
1022 4710 1053 4747 ac
1073 4708 1107 4747 nc
1127 4687 1199 4747 intra
1221 4689 1271 4748 hos
1294 4688 1403 4766 quidem
1426 4689 1494 4749 fines

130 4778 144 4835 t·
159 4775 367 4857 ίαυτῆςὴρόσις
377 4778 506 4857 ἐσχίζετο.
524 4778 578 4837 Καὶ
591 4780 642 4859 γὰρ
655 4802 721 4836 παι·
778 4784 881 4842 bellum
895 4779 1138 4840 secontinuit.Non
1152 4777 1241 4837 solnm
1251 4777 1322 4837 enim
1334 4778 1494 4838 abinimicis

130 4891 152 4927 α
171 4867 299 4948 πατέοιτε
319 4869 367 4928 καὶ
392 4869 531 4948 θυγατέρες
555 4869 661 4945 ἐμίσουν
676 4869 724 4935 τὰς
777 4874 957 4942 excitabatur,
968 4869 1080 4949 sedipsa
1089 4868 1271 4928 ctiamnatnra
1282 4870 1495 4950 contraaeipram

130 4958 159 5019 ιιλ
170 4958 243 5039 φίλοι
251 4958 342 5039 φίλους
353 4959 562 5039 ἀπεστρέφοντο,
577 4960 622 5019 καί
633 4964 670 5027 εἰς
679 4960 726 5027 τάς
779 4964 949 5024 irritabatur.
961 4960 1070 5020 Etenim
1076 4959 1171 5019 liberis
1183 4958 1381 5019 insidiabantur
1393 4974 1493 5043 patrea,

130 5050 160 5109 ιλ
170 5052 208 5118 εἰς
218 5050 266 5117 aba
281 5052 368 5119 οἰκίας
381 5051 522 5129 θπσλιμσς
542 5043 617 5119 eico<
639 5052 726 5133 ἕρπων
781 5054 878 5115 etfiliae
891 5074 987 5114 exosas
995 5064 1095 5111 matres
1106 5050 1253 5125 habebant,
1266 5064 1292 5109 et
1302 5050 1385 5111 amici
1394 5051 1495 5113 amieos

130 5142 233 5223 λα’ροόος
244 5133 278 5214 dp
289 5143 351 5203 τότε
364 5140 446 5210 πολὺς
460 5142 529 5202 κατὰ
548 5142 596 5216 τὴν
606 5143 727 5222 οἷκονμί-
781 5145 986 5222 aversabantur,
1003 5156 1029 5202 et
1044 5142 1072 5201 in
1083 5141 1254 5221 cognationes
1263 5162 1296 5201 ac
1304 5141 1422 5205 finilia
1432 5142 1494 5203 bel·

130 5234 220 5314 ,θιίπιρ
233 5236 336 5310 πλοῖον,
357 5236 485 5313 κυμάτων
507 5236 729 5314 διανισταμένων,
784 5236 843 5295 lum
857 5235 909 5295 bec
936 5234 1050 5294 latenter
1072 5252 1129 5293 sese
1154 5230 1321 5315 insinuabat,
1336 5252 1400 5315 NJ
