3810 6000
254 405 320 504 198
574 421 605 468 S·
632 415 774 469 JOANNIS
798 411 980 464 CHRYSOST.
1010 410 1168 460 ARCHIEP·
1196 407 1465 458 consummor.

247 547 413 635 predotribas
424 566 457 607 ao
468 544 598 629 palaestra
611 544 763 624 magistros,
770 539 819 621 qni
832 559 895 600 enm
906 550 969 620 post
985 542 1006 592 B
1022 535 1130 616 pupione
1151 535 1245 604 ἄθλοις
1265 533 1385 595 θτίλειαν
1408 532 1500 595 λοιπὸν
1522 534 1577 595 edre
1596 528 1797 611 παλαια-μύτιδι

223 622 324 704 'mille
343 639 488 702 certamina
511 636 678 699 vacationem
696 633 822 714 deinceps
847 653 863 691 a
887 629 968 692 luctis
1021 628 1074 689 ἀπὸ
1099 633 1147 702 τῆς
1166 627 1272 701 ἡλικίας
1297 626 1437 698 λαθόντες,
1472 625 1522 696 ἔξω
1544 628 1598 687 τῶν
1625 622 1797 704 neppam

248 735 379 796 beneficio
396 733 482 792 aetatis
500 729 661 810 acceperint,
685 740 762 786 extra
777 723 896 785 stadium
914 742 968 782 non
1019 720 1165 799 καθήμινσι
1184 718 1259 800 παρὰ
1281 719 1329 793 τήν
1352 716 1424 778 κόνιν
1446 716 1540 792 αὐτήν,
1565 726 1622 785 τοῖς
1640 717 1716 777 ἔνδον
1738 708 1797 778 σθαι

248 828 328 907 longe
341 826 376 884 ab
391 825 449 906 ipso
467 822 578 904 pulvere
589 820 711 879 sedentes
719 818 754 878 iis
763 817 812 897 qni
823 830 886 877 sunt
894 814 968 875 intus
1020 814 1067 874 καί
1082 812 1239 873 παλαίωσιν
1261 816 1450 892 θπαφωνοῖισιν,
1462 810 1531 872 ὥστε
1544 818 1623 893 χεῖρα
1638 817 1797 890 κατασχεῖν,

249 919 425 987 aodeeertant
435 912 575 975 clamando
584 932 735 992 suggerere,
746 923 777 969 ut
790 928 899 968 manum
908 926 969 988 pre-
1021 905 1090 966 ὥστε
1111 905 1202 973 σκέλος
1226 904 1356 976 ἑλκύσαι,
1381 902 1451 964 ὥστε
1473 904 1564 964 λαθεῖν
1584 898 1653 981 μετὰ
1666 900 1796 973 edvium,

249 1010 378 1083 bendant,
392 1022 422 1068 ut
433 1028 493 1067 erus
503 1005 649 1082 attrahant,
664 1016 695 1061 ut
704 1002 817 1062 dorsum
829 996 970 1074 invadunt,
1021 997 1068 1057 reni
1086 997 1164 1078 ίτερα
1183 995 1270 1058 πολλὰ
1286 1002 1396 1056 τοιαῦτα
1414 994 1552 1077 λήγοντες,
1572 994 1615 1056 ὅτι
1638 991 1671 1053 ἂν
1693 992 1728 1053 τδ
1751 990 1796 1053 καί

250 1103 340 1165 etalia
349 1101 436 1161 multa
445 1097 578 1181 ejusmodi
589 1107 736 1169 monentes,
747 1094 768 1153 si
781 1094 834 1153 hoo
843 1091 889 1154 vel
899 1089 971 1151 illud
1021 1087 1053 1148 τθ
1068 1088 1198 1171 ποιήσῃς,
1221 1093 1332 1156 ίιιπινεῖς
1356 1088 1453 1170 ῥαδίως
1466 1088 1512 1150 τθν
1524 1083 1740 1167 ἀνταγωνιστήν,
1762 1082 1796 1145 et

250 1193 356 1272 secuit,
369 1190 555 1253 adversarium
568 1188 647 1248 facile
660 1186 688 1246 in
702 1199 802 1246 terram
816 1181 968 1244 extendes:
1023 1181 1137 1262 μίγιστα
1164 1184 1315 1242 συντελοῦσι
1340 1189 1395 1250 τοῖς
1429 1185 1574 1261 μαθηταῖς;
1606 1178 1662 1241 Καὶ
1690 1176 1724 1239 αδ
1751 1176 1795 1237 eto

250 1286 302 1346 hae
310 1285 414 1345 ratione
422 1281 564 1363 discipulis
573 1279 757 1359 maximopere
766 1275 970 1358 prodesso9Tn
1022 1272 1198 1355 παιδοτρίθην
1219 1272 1264 1334 τὸν
1290 1274 1337 1334 σδν
1361 1273 1428 1354 δρα,
1453 1264 1505 1333 κύν’
1523 1273 1654 1354 μακάριον
1680 1271 1799 1347 Παῦλον,

251 1397 356 1456 quoqne
374 1373 554 1456 paedotribam
572 1385 651 1430 tunm
664 1371 773 1430 beatum
786 1369 904 1428 Paulum
923 1365 1052 1440 in-fflde
1078 1364 1146 1443 perd
1177 1364 1285 1448 μυρίοις
1310 1364 1454 1446 στεφάνως
1485 1362 1536 1443 ἔξω
1562 1369 1610 1422 τῶ
1638 1361 1796 1442 σκόμματσς

250 1483 334 1544 tuere,
344 1466 391 1546 qui
400 1479 462 1546 post
472 1484 582 1523 coronas
593 1462 756 1537 innumeras,
766 1475 842 1521 extra
852 1459 971 1520 stadium
990 1455 1010 1502 Ᾰ
1024 1456 1172 1536 καθήμενος
1184 1462 1240 1534 νῦν,
1252 1461 1302 1530 τῆς
1312 1456 1447 1539 παρούσης
1459 1455 1530 1538 λίγω
1539 1458 1620 1531 ζωῆς,
1631 1462 1690 1524 τοῖς
1699 1450 1798 1543 παλαί-

147 1629 150 1635 ,
251 1580 324 1620 nuno
340 1557 490 1630 oonsidens,
509 1555 562 1614 hoe
581 1567 632 1629 est,
652 1574 687 1613 ex
705 1553 758 1613 hae
775 1552 833 1615 rita
850 1573 972 1633 egressus
1023 1573 1095 1611 ουαιν
1111 1555 1178 1629 ήμῑν
1198 1554 1346 1631 ὕποφωνεῖ,
1365 1549 1412 1610 καί
1432 1552 1483 1630 βοᾳ
1501 1548 1546 1610 διὰ
1567 1553 1622 1609 τῶν
1638 1549 1797 1621 sumtus,

252 1649 417 1723 oertantibus
437 1647 515 1707 uobis
524 1645 666 1706 clamando
676 1646 806 1726 suggerit,
817 1659 844 1706 et
856 1667 905 1727 per
916 1645 973 1726 epi·
1023 1641 1086 1703 θταν
1105 1642 1149 1723 ίδῃ
1167 1642 1378 1724 κατασχεθέντες
1390 1643 1442 1703 dri
1451 1645 1532 1724 ὀργῆς
1545 1642 1591 1702 καί
1602 1641 1657 1702 ύπδ
1667 1662 1795 1720 μνησικι·

252 1744 334 1803 stolas
352 1763 415 1803 snas
436 1741 611 1817 vociferatur,
640 1759 703 1798 cnm
722 1751 857 1820 correptos
877 1737 912 1797 ab
931 1737 972 1797 ira
1024 1733 1450 1815 κίας,κσίάποπνιγομίνουςύπδ
1459 1740 1505 1794 τοῦ
1519 1730 1713 1809 πάθους,Ἐλν
1721 1740 1796 1811 πεινθ

252 1834 363 1911 viderit,
378 1834 414 1893 ab
424 1832 585 1913 injuriarum
596 1830 736 1907 memoria,
751 1844 858 1910 atqnea
872 1829 972 1911 passio·
1024 1834 1039 1889 θ
1053 1827 1145 1910 ἐχθρός
1157 1852 1218 1902 σου,
1233 1826 1337 1909 ψώμιζε
1352 1827 1440 1888 αὐτόν.
1464 1827 1519 1887 Καὶ
1532 1826 1655 1907 καθάπερ
1672 1830 1688 1886 θ
1707 1825 1796 1885 παιδο-

138 1958 188 1991 nes
210 1978 216 1990 .
253 1927 333 1987 nibus
341 1925 528 2008 oppressos,Sr'
534 1927 665 1984 esurierit
674 1928 809 1983 inimicus
823 1926 973 1999 ειειιε,“οι’ύιι
1024 1920 1118 2003 τρίθης
1136 1920 1208 2002 λέγει
1216 1938 1230 1996 ,·
1238 1919 1280 1981 θαι
1294 1919 1324 1980 ἂν
1337 1920 1369 1980 ro
1381 1920 1426 1980 καί
1439 1918 1471 1978 τδ
1486 1919 1615 2000 ποιήσῃς,
1627 1917 1740 2001 περιίαῃ
1752 1922 1796 1977 ποῖ

116 2022 140 2053 ⁰·
252 2020 350 2079 ι’ίίιειπ.
369 2018 406 2081 Et
419 2014 649 2096 quemadmodum
662 2015 730 2074 dicit
740 2016 872 2096 palestra
885 2015 974 2095 magi-
1024 2017 1220 2095 ἀνταγωνιστοθ
1227 2058 1236 2087 ,
1247 2012 1314 2073 οὕτω
1324 2012 1370 2072 καί
1381 2002 1455 2081 ούτος
1466 2011 1638 2095 προστίθησι·
1650 2014 1739 2072 Τοῦτο
1747 2010 1795 2093 γθφ

252 2124 318 2189 ster,
334 2109 358 2170 si
372 2110 424 2168 hoo
434 2108 479 2169 vel
493 2106 562 2166 iilud
572 2107 679 2183 feceris,
695 2105 880 2167 adversarium
891 2128 973 2187 snpe-
1024 2110 1118 2179 ποιῶν,
1142 2105 1274 2187 ἄνθρακας
1291 2105 1373 2188 πυρδς
1395 2104 1535 2185 σωρεύσεις
1559 2105 1605 2164 ἐπί
1618 2103 1670 2178 τήν
1683 2102 1796 2186 κεφαλήν

252 2203 337 2276 rabis,
371 2202 422 2261 ita'
436 2199 547 2282 subjicit
575 2198 622 2259 hic
650 2219 760 2279 quoqne
781 2221 788 2256 ι
806 2201 872 2258 Ηοο
895 2203 974 2257 enim
1026 2198 1113 2257 αὐτοῦ.
1129 2196 1210 2257 Ἀλλὰ
1223 2197 1275 2279 γὰρ
1290 2195 1548 2277 μεταζδτούτοιιτοῦ
1563 2180 1796 2276 θναγινιίισκεύιμε

246 2297 379 2378 faciens,
395 2295 536 2353 carbones
550 2295 627 2371 ignis
639 2310 777 2372 congeres
787 2310 874 2372 super
886 2301 974 2370 caput
1026 2289 1168 2368 τὸννόμον,
1182 2291 1281 2360 ἐπῆλθε
1291 2289 1321 2349 τὸ
1331 2290 1421 2349 δοκοῦν
1434 2287 1543 2370 φύεσθαι
1553 2289 1663 2368 ζήτημα
1675 2286 1703 2358 ἐξ
1714 2290 1797 2363 αθτσῖ,

253 2391 324 2466 ejus.
336 2389 441 2449 Verum
451 2383 519 2443 dnm
528 2385 616 2462 legem
626 2402 761 2463 percurro,
772 2381 884 2460 quaestio
896 2381 974 2440 nobis
1025 2383 1072 2443 καὶ
1084 2385 1192 2451 πολλοῖς
1206 2383 1334 2464 παρέχειν
1351 2381 1421 2442 κατὰ
1434 2390 1481 2442 τοῦ
1493 2382 1604 2442 Παύλου
1615 2381 1723 2456 λαθήν,
1735 2381 1797 2465 irrep

252 2477 380 2554 ooeurrit,
403 2498 462 2556 quae
484 2497 518 2535 ex
536 2475 593 2556 ipsa
611 2473 684 2534 nasci
698 2473 817 2551 videtur,
841 2487 867 2533 et
880 2472 974 2534 multis
992 2485 1011 2532 B
1026 2482 1162 2557 προθεῖναι
1175 2475 1305 2559 Ιτήμερον
1319 2479 1357 2544 είς
1372 2475 1451 2555 μίαον
1464 2478 1536 2553 ύμῖν.
1563 2475 1601 2536 Τί
1611 2476 1674 2536 ποτ’
1687 2465 1732 2535 σύν
1745 2476 1798 2535 ἐστι

252 2569 383 2630 adversus
396 2567 512 2628 Paulum
529 2564 745 2647 reprehensionis
764 2586 857 2625 ansam
870 2586 974 2646 suppe-
1027 2567 1058 2628 εδ
1081 2573 1214 2649 ύφορμοῦν
1236 2576 1296 2636 ταῖς
1315 2567 1441 2635 διανοίαις
1460 2572 1515 2627 τῶν
1528 2566 1565 2646 μὴ
1582 2567 1651 2646 μετὰ
1665 2565 1798 2647 θκριθιίσς

254 2664 333 2740 ditat,
346 2684 428 2742 qnam
436 2661 568 2721 hodierno
577 2658 624 2718 die
631 2658 713 2718 statui
722 2658 802 2718 vobis
812 2657 840 2718 in
855 2657 975 2718 inedium
1027 2660 1133 2721 ἅπαντα
1142 2659 1271 2730 ἐξετάζειν
1282 2659 1464 2739 βωλομένωνς
1477 2658 1599 2739 Ἀπιίγων
1610 2661 1694 2740 θργῆς
1704 2664 1719 2719 ὁ
1728 2661 1809 2720 Παλ·-

232 2757 360 2822 ⁴afferre.
389 2753 465 2827 Quid
484 2772 548 2831 ergo
569 2750 679 2809 tandem
703 2763 753 2826 est,
781 2749 855 2829 quod
874 2763 975 2811 mentes
1026 2752 1166 2835 λος,φησλ,
1179 2753 1226 2812 καί
1238 2750 1335 2813 πείθων
1347 2756 1469 2819 ἐπιεικεῖς
1481 2742 1604 2811 εἶναικαὶ
1616 2736 1804 2833 μετρίωςτοῖς

255 2868 349 2906 eorum
362 2858 453 2918 terret,
467 2842 514 2922 qui
524 2842 670 2921 diligenter
682 2841 773 2901 omnia
784 2842 880 2901 nolunt
893 2863 976 2902 exen-
1027 2843 1124 2917 πύλας,
1147 2846 1248 2924 μᾶλλον
1270 2842 1362 2911 αὐτούς
1384 2841 1551 2923 ἐξεθηρίωσε,
1574 2846 1621 2904 καί
1632 2844 1702 2928 πρδς
1719 2842 1795 2925 θυμδι

255 2938 330 2996 tere?
344 2937 415 2995 Cum
425 2936 461 2994 ab
473 2934 512 2993 ira
524 2945 660 2994 revocarer
672 2932 782 3008 Paulus,
794 2931 893 3011 inquit,
910 2947 978 2994 etot
1028 2938 1121 3016 θπῆρε.
1144 2936 1185 2996 Ti
1199 2935 1247 3015 μὲν
1262 2935 1314 3017 γδιφ
1328 2938 1428 3008 εἰπεῖν,
1444 2934 1511 2995 Ἐὰν
1523 2947 1604 3018 πεινᾷ
1616 2937 1796 3021 θίχθρθςσσε,

256 3028 388 3088 mansueti
414 3038 512 3103 essent,
542 3045 574 3084 ac
592 3023 708 3083 modesti
729 3044 791 3103 erga
812 3024 975 3105 proximos,
1028 3026 1133 3108 ψύμιζε
1152 3026 1240 3102 αύτδν,
1264 3026 1310 3087 ίαν
1334 3028 1414 3110 διψᾷ,
1436 3026 1527 3096 πότιζε
1545 3028 1634 3100 αὐτὸν,
1650 3026 1797 3093 edueat-

256 3120 393 3196 suaderet,
408 3118 470 3178 illos
484 3116 603 3199 amplius
615 3115 785 3197 exasperavit
798 3129 824 3175 et
837 3115 978 3179 iracundia
1030 3142 1123 3201 ταγμα
1137 3121 1184 3180 καί
1196 3119 1349 3202 φιλοσοφίας
1361 3119 1452 3200 γέμον,
1466 3121 1513 3181 καί
1526 3125 1565 3204 τῷ
1576 3126 1697 3184 ποιῶντι
1709 3122 1797 3205 καλιῇ

257 3212 445 3272 inflammavit.
459 3208 542 3282 Quod
555 3206 627 3266 enim
640 3206 723 3283 dixit,
735 3208 767 3267 Si
779 3211 913 3268 esurierit
924 3212 980 3267 im·-
1031 3212 1164 3294 πάσχοντι
1181 3212 1330 3295 χρήσιμον·
1353 3213 1384 3272 τὸ
1405 3211 1433 3274 δὲ
1455 3217 1571 3274 ἐντεῦθεν
1591 3215 1684 3275 λοιπὸν
1703 3212 1797 3289 πολλήν

259 3308 351 3364 ιπῖσιιε
363 3316 438 3379 tuus,
452 3306 519 3362 ciba
531 3296 627 3374 illum,
641 3305 668 3361 si
679 3305 752 3375 sitit,
761 3314 864 3381 potum
874 3303 980 3378 duilli,
1032 3305 1089 3386 ἔχει
1102 3305 1150 3378 τήν
1164 3304 1286 3388 ἀπορίαν,
1300 3304 1345 3364 καὶ
1360 3307 1430 3365 δοκεῖ
1443 3305 1480 3383 μή
1494 3306 1652 3384 συμθαίνειν
1667 3307 1796 3391 αῇγνιίμῃ

258 3396 420 3477 preclarum
435 3393 595 3454 mandatnm
613 3407 663 3471 est,
687 3406 714 3452 et
725 3393 905 3475 philosophia
919 3395 979 3475 ple·
1031 3403 1078 3456 τοῦ
1092 3396 1126 3457 et
1139 3396 1256 3480 πρύτερα
1269 3397 1413 3477 εἰρηκότος.
1427 3400 1507 3458 Ποῖον
1519 3397 1649 3473 δίτοῦτο;
1661 3400 1797 3482 'idum

258 3509 335 3564 num,
346 3508 378 3547 ao
388 3502 448 3548 tum
458 3487 558 3566 agenti,
572 3498 631 3545 tum
642 3484 755 3567 patienti
765 3486 881 3568 perutile
891 3487 981 3566 :quod
1033 3488 1073 3548 ὅτι
1087 3490 1178 3549 Ποιῶν
1191 3497 1282 3564 τοῦτο,
1297 3489 1430 3568 ἄνθρακας
1448 3490 1528 3570 πνρδς
1542 3491 1686 3571 σωρεύσεις
1700 3493 1744 3554 ext
1753 3490 1795 3567 τήν

258 3600 323 3639 vero
330 3578 429 3642 deinde
436 3578 565 3658 sequitur,
574 3576 687 3637 multam
693 3577 775 3637 babet
781 3577 980 3657 difficultatem,
999 3593 1019 3643 c
1034 3579 1152 3662 κεφαλήν
1164 3583 1250 3641 αὐτοῦ.
1269 3580 1383 3662 Διθγδρ
1394 3580 1492 3641 τούτων
1503 3584 1555 3641 τῶν
1569 3584 1698 3664 ῥημάτων
1707 3584 1795 3647 καλτδι

259 3672 423 3751 minimeque
437 3669 548 3732 videtur
561 3691 624 3729 cnm
638 3670 707 3749 ejus,
730 3669 777 3749 qui
791 3671 882 3752 priora
895 3670 979 3748 dixit,
1034 3680 1159 3735 ποιοῦντα
1181 3672 1228 3733 ιιαλ
1247 3673 1291 3733 τδν
1315 3673 1454 3754 παίσροντα
1473 3674 1603 3750 ήδίκησε·
1627 3685 1676 3737 τοῦ
1698 3679 1743 3757 μὲν
1755 3676 1794 3752 ιήι

260 3763 389 3822 sententia
411 3761 565 3821 convenire.
588 3760 728 3834 Quidnam
748 3782 813 3823 vero
833 3762 904 3821 iilud
923 3764 981 3823 est?
1034 3762 1151 3846 κεφαλήν
1164 3764 1280 3845 ἐνάψας,
1295 3763 1341 3824 καί
1349 3764 1432 3846 πυρὸς
1442 3766 1575 3847 ἄνθρακας
1588 3769 1696 3840 ἐπιθείς.
1709 3768 1795 3853 Τίγθφ

261 3853 344 3925 Quod
363 3853 449 3929 dieat,
480 3855 546 3912 Hoc
562 3865 662 3911 autem
670 3855 816 3933 jaciens,
840 3858 981 3916 carbones
1033 3864 1157 3919 τοσοῦτον
1175 3857 1228 3917 ἀπὸ
1246 3861 1291 3916 τοῦ
1309 3857 1475 3937 ψωμίζεσθαι
1488 3860 1534 3918 καὶ
1547 3861 1701 3930 ποτίζεσθαι
1712 3862 1795 3943 γίνοιτ’

260 3949 337 4025 ignis
358 3964 495 4024 congeres
519 3962 606 4022 super
631 3957 722 4022 eaput
739 3948 812 4023 ejus.
838 3945 889 4004 His
908 3947 981 4007 enirn
1035 3951 1067 4010 δν
1083 3949 1190 4032 ἀγαθὸν,
1211 3948 1271 4008 ὅσον
1290 3949 1373 4009 κακδν
1396 3951 1448 4011 ἀπὸ
1461 3957 1508 4024 τῆς
1526 3957 1579 4013 τῶν
1598 3955 1735 4036 ἀνθράκων
1749 3977 1795 4016 σει-

261 4037 352 4096 vei-bis
365 4049 391 4096 et
403 4057 466 4094 eum
479 4035 525 4113 qui
537 4034 594 4113 agit
607 4047 633 4092 et
645 4054 708 4093 eum
722 4035 770 4114 qui
783 4035 887 4115 patitur
897 4039 983 4100 afficit
1036 4042 1125 4126 ρείας,
1145 4041 1199 4102 Τδν
1219 4042 1266 4120 μὲν
1281 4035 1325 4102 σύν
1339 4033 1368 4101 εύ
1379 4041 1534 4122 πάσχοντα,
1551 4043 1644 4124 φησίν,
1656 4045 1737 4116 οὕτως
1749 4044 1797 4118 ήδί-

261 4128 372 4209 injuria,
393 4147 456 4186 cum
469 4125 548 4187 istius
565 4138 650 4206 eaput
662 4138 769 4204 exurat,
794 4141 820 4187 et
837 4128 908 4209 ignis
923 4151 985 4190 car-
1036 4158 1126 4208 κηαεν,
1152 4135 1189 4201 εἰς
1215 4134 1321 4213 μείζονα
1348 4133 1474 4211 ἐμύαλὼν
1495 4134 1642 4217 τιμωρίαν,
1667 4138 1712 4198 τὸν
1730 4136 1758 4197 di
1775 4124 1798 4197 τί

260 4222 343 4282 hones
371 4220 504 4302 imponat.
537 4217 620 4292 Quod
646 4219 719 4278 onim
749 4233 855 4282 tantum
881 4223 985 4285 bonrm
1037 4232 1163 4288 ποιοῦντα
1175 4226 1255 4287 πάλιν
1269 4226 1365 4308 ἑτέροις
1377 4225 1537 4306 κατέύλαψε.
1560 4225 1598 4286 Τί
1609 4226 1663 4311 γὰρ
1677 4221 1799 4309 καὶζοθτες

261 4312 400 4389 obveniat,
410 4309 569 4390 excoquod
577 4309 683 4369 cibetur
693 4324 719 4370 et
727 4318 844 4394 potetur,
853 4329 985 4394 qnantum
1038 4324 1085 4391 τῆς
1109 4317 1161 4377 ἀπδ
1177 4321 1231 4376 τῶν
1255 4321 1355 4399 ἐχθρῶν
1378 4316 1526 4397 εὐεργεσίας
1544 4320 1672 4400 κερδᾶναι
1694 4320 1801 4395 δύναται,

169 4430 173 4434 ·
262 4400 987 4487 malumenaeonmulation'ecarbonumPltaqneillnm
1039 4412 1102 4471 ὅταν
1118 4407 1205 4470 ἐλπίδι
1225 4413 1273 4481 τῆς
1295 4408 1425 4490 τιμωρίας
1449 4408 1513 4468 αὐτὸ
1533 4414 1613 4490 ποιῇ,
1639 4410 1674 4472 Ὁ
1695 4411 1748 4495 γὰρ
1766 4409 1802 4474 διδ

262 4496 310 4577 qni
323 4496 455 4557 beneficio
468 4495 597 4571 afficitur,
617 4495 718 4575 inquit,
738 4496 791 4555 hoc
808 4512 888 4578 pacto
900 4500 987 4561 afficit
1039 4509 1117 4563 τοῦτο
1137 4500 1239 4582 τρέφων
1258 4500 1303 4560 καί
1317 4500 1430 4569 ποτίζων
1445 4499 1488 4559 τὸν
1503 4500 1605 4583 ἐχθρὸν,
1623 4501 1669 4562 ίνα
1682 4503 1814 4585 ἄνθρωα-

262 4590 371 4671 injuria,
391 4610 454 4648 oum
467 4589 496 4647 iu
517 4587 607 4667 majus
620 4587 787 4669 supplicium
802 4588 882 4648 ilium
896 4592 987 4673 oonji·
1041 4594 1161 4674 σωρεύσῃ
1178 4593 1259 4672 πυρὸς
1273 4592 1317 4652 ἐπί
1332 4592 1380 4664 τήν
1395 4591 1511 4672 κεφαλήν
1526 4595 1621 4667 αὐτοῦ,
1645 4595 1706 4676 pipi
1722 4595 1805 4677 φιλιίι·

263 4684 326 4757 ciat,
352 4703 414 4743 eum
435 4702 499 4741 vero
525 4679 573 4758 qui
594 4679 756 4759 beneficium
781 4682 906 4755 contulit,
932 4684 988 4745 alio
1003 4692 1023 4739 Ι)
1041 4691 1143 4770 θρωπος
1161 4683 1207 4744 καί
1219 4683 1349 4765 χρηστὸς,
1365 4684 1424 4743 ἀλλ’
1446 4682 1518 4762 ὠμδς
1534 4683 1581 4743 καί
1600 4684 1708 4760 ἀπηνής
1720 4686 1805 4768 γίνοιτ’

263 4795 356 4834 rursus
366 4772 449 4833 modo
458 4771 543 4831 laedit.
556 4770 630 4842 Quid
637 4771 710 4829 euim
716 4772 891 4832 reserrelueri
900 4788 989 4856 potest
1040 4778 1081 4852 ἂν,
1099 4776 1143 4838 διὰ
1158 4785 1255 4856 μικρᾶς
1269 4774 1532 4858 εύεργεσίας“ύφατον
1552 4776 1807 4853 epaminondam.

263 4888 298 4926 ox
321 4887 362 4941 eo,
379 4864 454 4945 quod
476 4862 510 4922 de
530 4861 648 4921 inimicis
666 4861 736 4922 bene
756 4878 900 4941 mereatur,
926 4889 988 4927 cnm
1040 4870 1077 4932 Τί
1096 4871 1148 4950 γὰρ
1168 4868 1199 4927 ἂν
1225 4867 1327 4947 γίνοιτο
1341 4866 1528 4948 χαλεπώτερον
1545 4873 1594 4928 τοῦ
1606 4867 1652 4929 διδ
1670 4876 1748 4931 τοῦτο
1760 4862 1810 4954 epi

264 4956 334 5016 iilud
345 4978 393 5038 spe
403 4953 532 5037 supplicii
543 4952 729 5013 saniatPNam
741 4954 789 5032 qui
800 4954 902 5017 ideiroo
915 4957 989 5019 cibat
1040 4983 1143 5044 φοντσς,
1166 4959 1209 5019 ἵνα
1234 4957 1355 5040 σωρεύσρ
1377 4959 1458 5039 πνρδς
1482 4959 1616 5040 ἄνθρακας
1630 4962 1677 5022 ἐπὶ
1696 4962 1747 5037 τήν
1771 4968 1812 5025 τοι·

263 5049 308 5111 vel
321 5062 397 5130 potat
415 5047 566 5123 inimicum,
583 5059 620 5133 ,ιιι
632 5044 660 5106 in
672 5059 760 5128 eaput
775 5047 839 5129 ,ejus
857 5050 986 5114 carbones
1037 5053 1196 5137 πριφομίνοιι
1212 5053 1329 5134 κεφαλήν
1338 5076 1347 5130 3
1368 5051 1404 5113 ‘H
1419 5051 1466 5132 μίν
1485 5043 1529 5114 σύν
1543 5052 1769 5132 θντίθεσιςσύτη·
1779 5062 1814 5122 θιῑ

298 5229 309 5255 ⁸
327 5213 404 5263 Forte
416 5216 531 5280 προθεῖναι
541 5211 665 5277 βούλομαι·
704 5264 708 5270 ,
