3764 5992
545 545 590 595 oa
616 547 743 596 srrnrru
770 546 913 597 cinero.
1430 528 1501 631 967

152 671 167 730 ὁ
186 668 254 740 Θεὸς
275 670 306 732 τὸ
316 671 429 747 Πνεῦμα
442 673 487 731 τοῦ
507 671 573 732 tto
592 672 670 731 αὐτοῦ
685 673 722 740 είς
775 667 851 732 Filii.
866 669 952 747 Quod
960 679 1061 729 autem
1069 672 1136 730 sitis
1144 672 1220 754 filii,
1228 670 1295 739 dicit
1303 675 1502 755 apostolusmi·
1515 695 1605 761 σοις.
1615 697 1639 746 n.

138 752 211 826 ιμιῦν,
226 746 562 832 ερύζον,Ἀ66ῦύΠατῆρ.
574 749 644 808 Ἰδού
656 751 722 810 αὐτὸ
775 751 814 807 sit
830 748 1058 827 DeusSpiritum
1076 751 1151 808 Filii
1167 757 1214 811 sui
1227 756 1259 810 in
1271 755 1362 813 eorda
1375 761 1497 837 nostra,

139 837 168 888 οῦ
184 831 257 890 Υίοῦ.
283 829 363 888 Ἀλλα
383 835 412 889 οῦ
433 828 513 888 αύλιν
527 829 640 906 Πνεῦμα
656 832 721 909 Χρι-
775 826 965 899 clamantem,
980 827 1073 887 Atta
1089 830 1191 890 Pater.
1211 831 1281 892 Ecce
1303 834 1361 932 ipse
1379 837 1498 926 Spiritus
1530 856 1540 869 ⁸

139 911 227 977 αῦλος·
243 909 335 986 Ὑμεῖς
347 854 384 969 δύἱ
388 911 435 968 οὐκ
453 907 511 968 ίστλ
525 913 551 968 ἐν
563 908 652 987 σαρκὶ,
663 911 722 968 ἀλλ’
776 907 853 965 Filii.
871 905 933 964 Alio
955 907 1015 966 looo
1031 908 1130 966 iterum
1153 911 1288 990 Spiritum
1305 913 1409 974 Christi
1432 915 1500 976 dicit

143 1011 150 1025 ·
165 987 239 1068 είπερ
253 991 365 1066 Πνεῦμα
385 990 501 1069 Χριστοῦ
519 991 585 1046 οἰκεῖ
606 991 632 1046 ἐν
646 993 720 1065 ὑμῖν.
777 986 895 1044 Paulus:
907 989 964 1045 Vos
982 1001 1080 1045 autem
1094 995 1236 1049 nonestis
1251 995 1284 1049 in
1294 1012 1394 1064 corne,
1406 998 1500 1055 sedin
1511 1016 1580 1063 Rom.
1591 1017 1615 1067 n.
1627 1030 1652 1079 9,

143 1067 305 1151 πρύαεχετῆ
323 1071 409 1146 πλοκῇ
424 1066 508 1147 ταύτῃ
524 1072 557 1146 τῆ
572 1067 652 1146 ἁγίᾳ,
665 1072 723 1134 πῶς
776 1063 887 1144 Spiritu
898 1089 907 1121 .-
918 1069 1062 1145 siquidem
1074 1068 1199 1147 Spiritus
1210 1071 1323 1130 Christi
1337 1074 1453 1133 habitat
1467 1079 1500 1135 iu

138 1147 177 1206 >sis
199 1171 259 1206 τινα
281 1145 357 1225 ύγίαν
376 1147 421 1206 καὶ
438 1150 524 1215 ζῶσαν
537 1151 567 1205 ἐκ
580 1147 723 1226 τριπλύκοα
777 1147 875 1203 vohis.
907 1144 1026 1204 Obsecro
1055 1147 1264 1208 animadvertite
1285 1165 1409 1210 sanctam
1428 1155 1498 1214 hanc

138 1227 247 1307 πῆγαγεν
261 1232 275 1286 ὁ
289 1228 414 1299 Παῦλος,
428 1226 477 1298 τῆν
491 1223 568 1302 φύσιν
583 1227 722 1285 συνάπτων
777 1223 980 1283 connexionem.
994 1225 1080 1298 Quasi
1091 1240 1212 1285 catenam
1221 1230 1369 1306 quomdam
1380 1247 1498 1292 sanctam

138 1329 182 1380 τον,
197 1306 243 1364 καλ
263 1309 290 1366 ἐν
312 1305 443 1386 διαφόροις
460 1304 571 1383 ὀνόμασι
593 1305 656 1383 μίαν
674 1304 723 1377 τὴν
778 1315 804 1361 et
825 1303 919 1362 vivum
940 1324 976 1362 ex
994 1304 1097 1384 triplici
1116 1308 1232 1385 potentia
1255 1308 1360 1368 inducit
1372 1311 1496 1388 .Paulus,
1569 1320 1570 1328 ’

141 1385 288 1462 ικνύμενος·
304 1382 397 1456 Ὑμεῖς
420 1384 464 1453 δὲ,
525 1383 576 1456 σίν,
599 1387 647 1443 ούιι
665 1383 724 1444 ἐστὲ
778 1394 901 1440 naturam
913 1383 1498 1464 conjungensinseparabilem,etindiversis

138 1466 186 1523 nt‘
201 1467 228 1522 ἐν
242 1463 389 1541 Πνεύματι.
407 1461 475 1522 Ἰδού
486 1407 615 1541 Πνεῦμα.
637 1462 724 1543 Εἴπερ
777 1456 1024 1520 nominibusunam
1035 1463 1163 1522 virtutem
1173 1464 1372 1527 indicanszVos
1384 1483 1493 1543 autem,
1531 1469 1536 1483 '

138 1548 155 1600 ῦ
176 1546 242 1603 οίιιεῖ
256 1546 283 1601 ἐν
301 1549 373 1621 ύμῖν.
395 1541 450 1601 Ἴδε
465 1545 578 1621 Πνεῦμα
596 1545 674 1603 Θεοῦ.
690 1544 724 1602 Εἰ
778 1539 877 1618 inquit,
890 1546 1029 1600 nonestis
1039 1546 1181 1615 incarne,
1192 1547 1285 1603 sedin
1297 1547 1414 1626 Spiritu.
1426 1548 1497 1608 Ecce

138 1646 175 1699 μα
196 1625 313 1702 Χριστοῦ
333 1625 382 1682 οῦκ
402 1621 466 1702 ἔχει.
491 1622 546 1682 Χαὶ
569 1620 655 1696 μῆνέ
692 1625 724 1678 ’ν
779 1619 923 1699 Spiritum.
944 1621 1093 1702 Siquidem
1109 1623 1233 1702 Spiritus
1253 1627 1311 1683 Dei
1329 1628 1497 1687 habitatin

141 1725 183 1769 τις
201 1704 314 1779 Πνεῦμα
334 1704 405 1761 Θεοῦ
425 1704 473 1760 οὐκ
497 1701 561 1780 ἔχει,
583 1699 643 1759 ἀλλ’
657 1724 714 1760 επε
777 1701 872 1757 vohis.
889 1697 962 1759 Vide
972 1700 1106 1779 Spiritum
1119 1702 1181 1760 Dei.
1193 1705 1225 1762 Si
1238 1716 1337 1763 autem
1350 1710 1416 1786 quis
1433 1708 1497 1787 Spi-
1507 1712 1568 1762 lttd.

138 1789 218 1841 ατοῦ·
245 1772 302 1840 εἶπε
322 1782 393 1840 Θεοῦ
406 1782 532 1856 Πνεῦμα,
546 1779 592 1839 καλ
606 1779 724 1861 ἐπήγαγε
740 1790 759 1837 Β
776 1779 989 1836 ritumctrtstt
1001 1782 1170 1839 nonhabet.
1187 1780 1223 1840 Et
1234 1804 1296 1841 sane
1304 1786 1445 1864 oportebat
1453 1787 1497 1846 di-

138 1866 184 1920 τοῦ
199 1862 323 1940 Χριστοῦ.
343 1861 374 1918 Εἴ
387 1859 415 1918 δέ
428 1882 467 1925 τις
481 1861 594 1936 Πνεῦμα
607 1859 724 1939 Χριστοῦ
775 1875 845 1931 cere,
862 1857 893 1918 Si
908 1858 969 1935 quis
987 1872 1079 1919 autem
1100 1860 1234 1939 Spiritum
1249 1863 1299 1920 Dci
1318 1884 1371 1922 non
1386 1865 1470 1924 habet
1486 1889 1493 1923 ε

138 1963 174 2006 τος
194 1942 242 1999 οὐκ
256 1940 326 1999 ἔστιν
341 1941 429 1998 αὐτοῦ.
452 1936 533 1997 Ἀλλὰ
551 1945 628 1998 τοῦτο
641 1931 724 2010 εἶπεν,
774 1935 904 1994 seddixit
919 1938 1060 2009 Spiritum
1070 1939 1278 1999 Christiedtxit
1288 1940 1422 2021 Spiritum
1432 1945 1494 2016 Dei,

138 2023 175 2078 ,εί
190 2021 315 2096 Πνεῦμα,
329 2017 375 2076 καὶ
387 2017 514 2099 Χριστός·
537 2018 583 2076 καί
599 2016 653 2077 ἴσον
667 2019 725 2078 ἐστὶ
774 2028 800 2072 et
814 2015 908 2074 subdit
921 2015 1056 2095 Spiritum
1068 2017 1180 2076 Christi.
1195 2020 1226 2078 Si
1240 2023 1306 2114 puis
1319 2035 1419 2081 autem
1432 2023 1496 2103 Spi-
1538 2075 1541 2079 .

138 2096 724 2177 εῖναι,καίΠνεῦματταρεῖναι·καλίσονέστὶν
774 2097 865 2152 ritum
887 2097 997 2155 Christi
1014 2117 1074 2154 non
1094 2099 1194 2169 hahet,
1213 2101 1262 2157 tro
1282 2119 1341 2157 non
1362 2115 1406 2160 est
1418 2106 1494 2182 ejus.

138 2203 163 2237 ια
183 2180 272 2250 Θεοῦ,
295 2176 340 2236 καὶ
362 2179 471 2254 Πνεῦμα
493 2178 617 2255 Χριστοῦ.
644 2176 725 2238 Ἔστι
775 2175 880 2232 λίσσηαι
893 2175 945 2232 hoc
958 2173 1040 2249 dixit,
1055 2188 1084 2233 ut
1097 2176 1228 2252 ostendat,
1241 2182 1263 2235 si
1279 2179 1399 2259 Spiritus
1409 2181 1456 2258 sit,
1469 2196 1496 2242 et

138 2281 165 2315 ια
183 2257 266 2335 ἅγιον,
284 2258 395 2332 Πνεῦμα
412 2256 444 2314 τὸ
462 2260 521 2326 τῆς,
531 2254 671 2330 ἀληθείας,
689 2261 726 2325 ὡς
774 2252 914 2311 Christum
930 2273 1002 2331 εσσε,
1021 2268 1048 2312 et
1061 2253 1133 2313 idem
1147 2276 1214 2329 esse,
1231 2256 1373 2317 Christum
1390 2259 1494 2340 adesse,

159 2337 268 2415 Πνεῦμα
286 2340 333 2396 τοῦ
349 2336 428 2394 Υίοῦ·
445 2334 536 2405 ἐπειδὴ
549 2335 621 2413 λέγει
635 2341 649 2395 ὁ
662 2339 724 2396 Σω-
774 2332 1047 2412 etSpiritnmadesse,
1057 2332 1442 2417 idemqueesscSpilitumDel
1451 2339 1497 2399 di-

138 2440 162 2474 tt
173 2416 320 2487 ῆάλῆθτιαὶ
331 2413 446 2492 Λέγεται
453 2413 653 2492 τὸΠνεῦμαι-ῆς
659 2419 725 2489 ἄλη·
775 2431 834 2469 ecre
843 2426 869 2470 et
877 2412 1010 2493 Spiritum
1020 2413 1133 2472 Christi.
1147 2413 1196 2473 Est
1206 2415 1290 2495 igitur
1299 2416 1418 2496 Spiritus
1428 2439 1495 2478 san-

151 2495 182 2554 τὸ
197 2496 308 2573 Πνεῦμα
322 2500 368 2553 τοῦ
381 2488 456 2566 Ποῦ,
471 2491 506 2560 ὥς
523 2517 602 2573 φησιν
617 2495 723 2554 ὁΠαῦ-
774 2503 844 2565 ctus,
852 2491 971 2571 Spiritus
977 2492 1098 2552 veritatis
1108 2516 1115 2550 ε
1126 2494 1203 2570 quasi
1212 2494 1352 2573 quisdicat
1360 2495 1494 2577 Spiritum

138 2577 243 2633 τειλενὸ
256 2574 325 2640 Θεὸς
337 2575 369 2633 τὸ
379 2574 493 2650 Πνεῦμα
500 2580 546 2632 τοῦ
559 2574 624 2632 Υἱοῦ
636 2577 724 2636 αὐτοῦ.
774 2570 797 2628 F
798 2570 838 2628 ilii
848 2571 1138 2648 :quiaSalratordicit,
1146 2575 1209 2654 Ego
1216 2595 1281 2632 sum
1289 2579 1410 2637 veritas.
1418 2577 1494 2636 Dici·
1503 2587 1574 2632 Ιαωι.
1583 2583 1645 2652 ιῆῦ.

138 2655 178 2712 ταί
197 2657 308 2731 Πνεῦμα
330 2658 376 2713 τοῦ
395 2653 472 2723 rtet,
493 2651 540 2712 καί
553 2655 666 2732 Πνεῦμα
679 2662 726 2714 τοῦ
774 2650 1495 2733 turSpiritusveritatisquiestSpiritnsFilii,sicutdi·

137 2734 229 2803 Ιησοῦν
247 2732 372 2811 Χριστόν.
400 2730 455 2790 Καὶ
476 2731 555 2791 ἄκουε
580 2734 726 2794 αὐτοῦτοῦ
775 2728 1037 2790 citPaulustMisit
1046 2733 1130 2790 Deus
1140 2732 1281 2812 Spiritum
1290 2735 1366 2793 Filii
1376 2739 1430 2793 sui.
1444 2735 1562 2796 Παιᾶνα.
1571 2749 1595 2814 4.
1605 2751 1631 2800 s.

152 2810 180 2870 δὲ
201 2811 232 2871 τὸ
250 2813 361 2889 Πνεῦμα
380 2818 427 2872 τοῦ
440 2809 607 2893 ”ἒγείραντος
621 2812 725 2886 Ἰησοῦν
774 2807 859 2887 igitur
871 2821 898 2868 ct
912 2810 1031 2892 Spiritus
1044 2811 1122 2887 Filii,
1136 2825 1163 2870 et
1176 2812 1299 2892 Spiritus¹
1308 2812 1367 2892 ejus
1380 2813 1426 2891 qui
1440 2835 1493 2875 ex-

138 2900 149 2949 t
167 2894 195 2950 ἐν
209 2894 281 2968 ὑμῖν.
295 2893 393 2950 Ταῦτα
406 2888 441 2950 rh
456 2889 574 2967 ὀνόματα
587 2894 635 2962 τῆς
649 2892 724 2973 ἁγίας
775 2889 870 2948 citavit
882 2892 974 2951 Jesum
986 2891 1135 2949 Christum.
1151 2890 1188 2950 Et
1198 2890 1261 2950 audi
1275 2892 1390 2951 Paulum
1403 2893 1494 2974 ipsum

138 2994 147 3028 ι
164 2971 313 3048 δυνάμεως,
333 2975 379 3029 τοῦ
392 2968 467 3048 ἁγίου
480 2969 536 3029 ἐστὶ
552 2970 597 3029 καὶ
609 2993 726 3052 προσκα-
774 2967 908 3027 dicentem
932 2971 990 3029 :Si
1014 2983 1112 3028 autern
1128 2970 1252 3049 Spiritus
1272 2975 1335 3051 ejus
1361 2977 1412 3052 qui
1430 2991 1646 3040 sus-nomem.

138 3072 218 3116 ατος·
240 3048 298 3108 ἔστι
319 3047 346 3109 δὲ
366 3051 412 3108 καί
430 3051 499 3108 ἄλλα
516 3048 634 3127 ὀνόματα
645 3054 675 3110 οὐ
690 3055 724 3123 τῆ
740 3062 758 3110 c
775 3051 880 3107 citavit
902 3051 1004 3108 lesum
1027 3051 1176 3108 Christum
1199 3052 1316 3109 habitat
1339 3055 1372 3109 in
1394 3056 1490 3113 vohis.

138 3152 224 3201 ιοντα,
238 3128 351 3207 ἀλλίιτῆ
366 3128 491 3230 ἐνεργείᾳ.
511 3128 598 3196 Βαθὺς
609 3133 623 3187 ὁ
636 3116 722 3210 λόγος’,
776 3127 839 3186 Haec
849 3131 957 3187 nomina
965 3143 1063 3188 sancta
1071 3143 1096 3188 et
1106 3129 1285 3188 immaculatae
1296 3130 1413 3206 virtutis,
1429 3152 1493 3192 san-

138 3213 198 3280 νιοῆς
216 3215 376 3289 προσεχοῦς,
393 3231 439 3266 και
453 3210 602 3288 ἀσφαλοῦς,
618 3210 663 3269 καί
675 3235 722 3271 πι-
774 3206 810 3265 cti
827 3221 853 3266 et
874 3207 1008 3268 a'dorandi
1028 3209 1147 3290 Spiritus
1161 3232 1168 3265 ε
1180 3223 1243 3268 sunt
1262 3223 1288 3268 et
1301 3209 1354 3268 alia
1368 3211 1489 3291 nomina,

138 3312 160 3346 ιι
180 3289 208 3346 δὲ
230 3289 310 3348 πολιν
325 3287 357 3346 τὸ
372 3290 497 3368 Πνεῦμα,
515 3291 584 3360 ζωῆς
600 3290 721 3368 Πνεῦμα·
773 3307 826 3346 non
842 3303 945 3347 nattrrae
967 3289 1163 3361 convenientia,
1183 3289 1232 3348 sed
1246 3289 1403 3370 operationi.
1425 3293 1492 3352 Pro·

138 3365 267 3449 ῆρλέγει,
282 3364 354 3447 Ἐγώ
362 3370 444 3447 είμιῆ
457 3368 569 3440 ἀλήθεια
578 3368 647 3442 καὶὴ
658 3370 723 3442 ζωή.
773 3365 874 3425 fundos
895 3390 994 3443 sermo,
1019 3381 1126 3449 etopus
1145 3368 1226 3426 habet
1238 3369 1350 3426 auribus
1371 3371 1489 3443 attentis,

138 3449 242 3523 Πνεῦμα
253 3450 333 3519 ζωῆς,
346 3446 433 3514 καθὼς
445 3447 630 3519 καίὸΠαῦλος
641 3449 723 3528 λέγει·
773 3446 886 3504 munitis
898 3461 924 3505 ot
938 3446 1075 3505 fidelibus.
1090 3447 1199 3505 Dicitur
1212 3461 1301 3504 autem
1313 3460 1413 3505 iterum
1429 3449 1494 3528 spi-

145 3531 190 3583 τοῦ
201 3525 360 3601 Πνεύματος
371 3532 418 3598 τῆς
429 3529 508 3595 ζωῆς.
522 3527 616 3584 'leina
626 3526 724 3586 τύύνό·
774 3523 851 3597 ritus,
874 3526 992 3604 Spiritus
1009 3526 1070 3583 ritae
1082 3547 1089 3580 2
1101 3525 1165 3602 quia
1186 3526 1312 3584 Salvator
1324 3523 1403 3602 dicit,
1427 3531 1492 3608 Ego
1503 3547 1572 3591 νἀαιι.
1581 3544 1645 3609 νῆα.

138 3608 182 3673 τῆς
193 3601 336 3672 αύθεντίας,
352 3607 433 3673 αὐτῆς
446 3609 494 3675 τῆς
507 3604 620 3684 φύσεως.
643 3606 723 3666 Ἔστι
773 3621 838 3660 sum
853 3608 966 3662 veritas
980 3616 1009 3662 et
1021 3607 1105 3673 vito„
1116 3603 1222 3661 Dicitur
1235 3604 1355 3684 Spiritus
1368 3608 1441 3679 vitae,
1455 3609 1492 3666 si·
1539 3650 1544 3656 -

138 3705 209 3753 ατα,
223 3681 240 3738 ἃ
254 3683 282 3739 οὐ
297 3683 496 3764 προσγράφεται
505 3687 543 3764 τῷ
555 3683 623 3764 ἁγίῳ
637 3686 723 3745 Πνεύ-
773 3695 819 3739 cut
832 3695 858 3740 et
872 3681 973 3741 Paulus
993 3681 1062 3741 dicit
1078 3706 1084 3738 :
1102 3684 1166 3741 Lex
1180 3683 1305 3763 Spiritus
1324 3687 1408 3743 vitre.
1428 3686 1493 3747 llaec
1502 3705 1572 3752 lton,
1583 3704 1609 3753 8,
1620 3719 1644 3753 ς,

137 3764 169 3839 τῇ
189 3760 299 3838 δυνάμει
315 3761 362 3820 καί
380 3767 413 3833 τῆ
435 3764 553 3842 ἐνεργεία
567 3766 653 3839 αὐτοῦ,
669 3757 722 3824 οἷον
773 3761 881 3819 nomina
901 3761 1022 3842 ejusdem
1042 3775 1104 3821 sunt
1121 3762 1300 3834 auctoritatis,
1325 3776 1352 3821 et
1373 3764 1494 3844 ejusdem

138 3843 212 3900 ιύτοῦ.
238 3840 317 3919 Λέγω
339 3840 366 3901 δὲ
389 3828 435 3900 κάί
454 3823 722 3923 11προσῦιασαηιηνίζω
774 3854 885 3900 naturae.
901 3843 971 3901 Sunt
989 3855 1079 3901 autem
1092 3842 1146 3901 alia
1159 3842 1279 3918 nomina,
1300 3863 1360 3919 quse
1375 3864 1427 3903 non
1443 3845 1492 3905 ad·

154 3919 199 3978 καί
223 3920 315 3999 ἐπάγω
333 3919 382 3993 τῆν
405 3920 563 3999 μαρτυρίαν.
593 3922 722 3983 Ἐπειδὰν
773 3921 932 3980 scribuntur
941 3935 1033 3980 sancto
1050 3921 1175 4002 Spiritui,
1189 3920 1237 3980 sed
1250 3923 1345 3981 virtuti
1358 3937 1384 3981 et
1399 3945 1493 4004 opera·

137 3997 151 4055 ὸ
168 4001 280 4076 Πνεῦμα
300 4000 332 4059 τὸ
356 4000 429 4081 ἅγιον
447 4003 537 4080 εὐχαῖς
553 4006 607 4060 τῶν
628 4002 720 4080 ἁγίων,
773 3998 841 4058 tioni
857 4000 934 4138 ppos,
955 4012 987 4059 ut
1005 4014 1067 4059 sunt
1086 4000 1157 4060 dona
1171 4002 1237 4080 ejus.
1260 4001 1329 4060 Dico
1341 4016 1442 4077 autem,
1466 4018 1493 4063 et

141 4079 718 4160 ρῳΧριστιανῷὰγιασμὸν,καλλαίῦωδῶ-
736 4084 834 4137 Dante
879 4079 966 4139 eclaro
988 4081 1158 4157 sententiam,
1186 4095 1278 4161 postea
1307 4082 1492 4143 testimoninm

138 4180 193 4235 γιον
215 4156 286 4238 ἔχειν
299 4159 329 4217 τὸ
350 4163 428 4237 σῶμα
447 4158 493 4218 καλ
515 4160 564 4232 τῆν
584 4160 720 4242 populun
773 4158 994 4219 subinducturus.
1023 4159 1139 4231 Quando
1162 4160 1209 4219 dat
1232 4161 1351 4240 Spiritus
1371 4177 1496 4240 sanctus,

138 4236 205 4296 λείσοί
227 4261 272 4316 μοι
294 4240 416 4297 καλεῖται
433 4240 544 4318 Πνεῦμα
565 4239 721 4318 ἁγιωσύνης,
772 4239 898 4319 precihus
914 4253 1078 4315 sanctorum,
1096 4241 1141 4301 vel
1156 4239 1235 4317 mihi,
1255 4240 1300 4298 rel
1314 4239 1396 4299 alicui
1412 4241 1492 4300 Chri·
1513 4254 1643 4299 Sanctorum

137 4339 228 4398 ρισμα.
242 4316 307 4376 ’Etr
323 4320 361 4399 δῷ
378 4318 408 4377 τὸ
421 4318 574 4396 Πνεῦματὸ
585 4319 658 4399 ἅγιον
671 4322 721 4380 &o-
772 4317 922 4378 stianorum
939 4318 1188 4396 sanctificationem,
1209 4331 1236 4377 et
1248 4318 1353 4399 accipio
1367 4319 1471 4388 donum
1482 4316 1643 4396 ‚insensatu

143 4395 230 4475 ἔχοντι
250 4395 353 4477 σοφίαν,
368 4396 405 4474 μὴ
422 4398 511 4476 ἔχοντι
561 4400 635 4468 εῦαιν,
650 4397 719 4460 ἀλλὰ
773 4396 810 4455 ita
831 4412 860 4457 nt
875 4411 998 4458 sanctum
1020 4398 1134 4457 habeam
1154 4411 1181 4458 et
1200 4418 1297 4491 eorpus
1317 4412 1343 4457 et
1360 4399 1490 4478 animam,

138 4499 178 4546 νην
199 4475 299 4548 πίστιν,
318 4467 367 4535 οἷοί
388 4480 439 4537 εἶσι
453 4421 719 4558 ποΠοΧχαρίσματα
772 4475 876 4537 donum
890 4478 958 4536 mihi
970 4476 1099 4537 collatum
1112 4483 1259 4538 vocoturS
1282 4477 1360 4537 iritns
1373 4480 1493 4538 sanctifi-

138 4554 255 4614 πιστεύειν
273 4557 407 4636 Γραφαῖς,
427 4559 474 4616 οὐκ
492 4557 589 4624 εἰδότες
602 4556 720 4639 Γραρὰς,
772 4557 895 4628 cationis,
918 4558 970 4616 hoc
983 4569 1033 4631 est,
1050 4557 1191 4616 charisma.
1211 4557 1240 4615 Si
1256 4500 1360 4617 dederit
1373 4559 1493 4639 Spiritus

138 4641 214 4714 αραῖς
236 4635 418 4706 πιστεύοντες,
444 4636 565 4694 καλεῖται
590 4640 607 4708 ἡ
633 4639 671 4695 δω
689 4637 720 4697 eh
772 4650 879 4696 sanctus
891 4637 1008 4715 cuipiam
1018 4635 1130 4709 donum,
1140 4657 1193 4696 non
1202 4637 1312 4696 habenti
1323 4638 1493 4717 sapientiam,

138 4712 281 4781 orirerur.
288 4713 352 4774 ’Πάν
361 4737 401 4780 τις
410 4714 480 4793 λύύῃ
492 4716 602 4792 δύναμιν
613 4715 658 4775 καλ
669 4662 720 4775 io·
771 4717 815 4775 vel
830 4737 881 4774 non
894 4714 1005 4774 habenti
1017 4715 1233 4796 intelligentiam,
1253 4715 1305 4775 sed
1314 4716 1398 4775 solam
1410 4717 1494 4776 fidem

138 4793 408 4872 ῦὰγίουΠνεύματος
419 4793 719 4874 πιστεύειντῆέπαγγε-
771 4795 817 4855 det
837 4795 890 4864 itti,
917 4796 1013 4874 quales
1029 4809 1093 4855 sunt
1113 4796 1192 4855 multi
1212 4795 1339 4865 habentes
1358 4795 1440 4869 doun,
1463 4811 1494 4857 ut

138 4869 204 4930 ,ε’νων
215 4875 319 4950 ἀγαθῶν
325 4876 351 4931 ἐν
361 4876 400 4953 τῷ
409 4872 531 4951 με’λλοντι
541 4877 628 4949 αἰῶνι,
639 4874 719 4936 {lohe
772 4875 882 4936 crodmt
892 4875 1055 4956 Scripturis,
1071 4876 1119 4955 qui
1134 4875 1259 4956 ignorant
1272 4875 1437 4956 Scripturas,
1456 4876 1492 4935 li·

138 5050 176 5098 τερ
188 5039 274 5098 σχοῖνον
284 5053 344 5084 τινα.
732 5031 822 5084 Croeco
842 5029 966 5085 admouet
987 5045 1058 5084 retus
1073 5036 1263 5098 interpretatio,
1282 5037 1493 5107 προδιαιαρηνίζω,

138 5104 196 5157 toth.
209 5115 334 5178 ίγιίραντος
345 5115 384 5162 τὸν
395 5117 501 5178 Χριστόν.
733 5123 794 5161 onte
805 5111 933 5164 declaro.»
947 5114 978 5162 tlt
991 5127 1078 5163 omnes
1095 5114 1152 5164 llss.
1167 5111 1262 5168 hahent
1273 5117 1493 5187 προαδεαααρηνίζαι,

138 5182 286 5255 ίρεταιιιίαοοῑ
296 5187 322 5237 iu
334 5197 441 5254 utroque
449 5186 496 5238 lis.
505 5185 575 5238 Infra
586 5187 649 5257 Πομ.
668 5202 709 5252 τῆς
733 5200 760 5243 et
774 5190 829 5243 hsec
847 5208 896 5243 vox
907 5183 1033 5261 quadrare
1043 5203 1138 5259 potest.

768 5286 778 5310 ‘
794 5269 868 5322 Colb·
879 5276 981 5326 scurlrsr
991 5279 1142 5343 χαρίσματος·
1190 5314 1195 5325 .

138 5352 239 5413 spritu.
252 5345 349 5394 Fronto
361 5344 423 5394 Duc.
436 5362 442 5394 ε
455 5365 467 5393 α
478 5347 671 5401 Emendondum
683 5353 708 5402 iu
