3764 5992
373 436 411 486 ru
435 436 547 501 rucco,
577 436 611 482 m
635 432 761 481 rrcrnrr
788 400 897 487 irruo
922 438 1069 491 nnsrrrr.
1417 430 1486 521 447

146 558 256 643 ίμιυοι,
269 560 426 631 &domis
447 564 534 642 ίαυτῷ
549 562 718 639 δημηγορῶν,
770 560 889 636 Quodsi
909 564 979 626 banc
992 565 1051 648 ipse
1069 567 1489 647 accommodissimum

146 654 212 717 Μ
224 652 506 735 montricardum
524 651 594 713 sext
606 651 651 711 τδν
671 649 718 728 ίμ·
770 650 798 710 in
811 653 933 716 medium
945 677 1103 739 progressus
1114 658 1237 738 dixisset,
1250 661 1373 724 Jrrdsicis
1386 664 1488 725 retibus

146 746 374 821 αἰοιιανίύλισιν
386 747 419 806 δν
431 746 491 815 τοίς
509 743 637 825 μαθητάς.
654 742 715 803 Πά·
771 745 810 804 uti
828 745 959 822 desinite,
980 752 1057 831 quasi
1080 756 1213 814 contraria
1237 755 1290 815 sibi
1311 756 1381 836 ipsi,
1400 770 1427 815 et
1454 756 1487 816 iis

146 860 179 909 ες
200 838 267 923 πρὸς
292 837 388 908 αύτοθς
413 845 505 900 τοῦτον
530 837 651 899 ἀπίτεινι
673 835 718 896 τὸν
769 840 973 921 omnibusque
985 845 1021 904 sb
1035 845 1094 927 ipso
1108 847 1213 907 irruant
1225 861 1286 907 ante
1298 861 1486 930 patrata,prae·

146 932 351 1017 ἰυπροιίσγον,
370 934 424 994 οἰδ
450 932 482 992 ἂν
503 931 648 1012 ηνίαγοντο
671 935 719 1001 τῆς
768 929 887 1010 dicaret,
908 935 1052 1021 discipulis
1074 939 1132 1000 sois
1163 939 1320 1001 mandalum
1341 941 1482 1003 attulisset.

146 1024 218 1109 Ιγλρ
232 1026 279 1087 καὶ
290 1027 373 1109 χειρίς
382 1018 475 1087 τούτου
492 1029 629 1104 μισούντις
639 1022 717 1083 αὐτὸν
768 1025 874 1086 Rursus
888 1027 913 1087 si
925 1027 995 1088 banc
1012 1028 1048 1090 sd
1061 1030 1123 1092 illos
1136 1031 1237 1093 Paulus
1250 1032 1398 1093 orationem
1410 1032 1485 1094 dire-

146 1118 231 1199 ίμινοι
242 1118 288 1179 διὰ
304 1119 354 1193 την
366 1118 491 1190 τοιαύτην
511 1117 612 1199 ρήμην,
626 1116 717 1194 πολλῷ
768 1115 865 1191 xisses,
875 1137 1043 1200 nequaqnam
1064 1124 1274 1203 acquievissent,
1286 1145 1373 1205 neqrre
1390 1126 1486 1187 audire

146 1208 388 1291 ίῳμύωλεύοντος
402 1214 487 1269 ταῦτα
502 1208 628 1282 ἥκουσαν,
647 1211 715 1267 ἀπε·
767 1208 925 1289 potuissent.
940 1213 1010 1273 llam
1022 1214 1071 1293 qni
1089 1214 1210 1295 alioquin
1229 1215 1340 1276 oderam
1353 1215 1445 1291 illurn,
1459 1232 1486 1277 et

146 1300 188 1363 Τί
207 1292 254 1363 cdv
275 1304 387 1382 γίνεται,
408 1300 544 1368 Ἰουδαίοις
565 1298 614 1380 μίν
634 1299 719 1366 οὐδεὶς
766 1302 959 1365 aversabantur
982 1306 1019 1367 ob
1044 1304 1161 1367 similem
1184 1328 1307 1388 sparsum
1330 1331 1483 1384 utmorem,

145 1403 228 1464 ιτοῖς
239 1394 268 1467 lt
280 1392 419 1467 Ίαιύύσυ,
430 1392 537 1475 δίχιται
552 1391 640 1463 dle-lv
654 1392 715 1449 ἰπι-
731 1405 751 1455 c
766 1391 852 1453 multo
873 1396 970 1477 magis,
982 1398 1006 1458 si
1026 1399 1107 1459 ctiam
1126 1399 1177 1460 ista
1196 1402 1378 1463 consulentem
1394 1403 1486 1464 audis-

145 1508 206 1569 προς
216 1486 291 1568 παρὰ
303 1491 350 1546 τοῦ
363 1485 482 1559 Παύλου,
495 1484 539 1545 ἵνα
551 1480 716 1564 ίγκαλαύμο-
766 1499 833 1556 sent,
841 1486 922 1567 plane
930 1490 1141 1552 abbomuissent.
1153 1491 1229 1568 Quid
1238 1514 1303 1574 ergo
1314 1495 1413 1555 lactum
1422 1496 1485 1556 est?

145 1576 335 1653 υταποοτύλαο,
357 1577 462 1637 δικαίαν
481 1577 539 1658 ἔχοι
556 1575 648 1635 λοιπδν
665 1575 714 1646 sle
764 1572 875 1636 ludaeos
895 1578 1021 1658 quidem,
1049 1581 1097 1660 qui
1123 1594 1198 1641 erant
1216 1582 1364 1658 sJaoobo,
1391 1584 1485 1644 nullus

145 1674 164 1730 ῧ
188 1668 236 1729 καί
253 1678 309 1737 τοῖς
334 1674 468 1748 μαθηταῖςΙ
487 1665 651 1741 ίπιπλῆξαι·
668 1667 714 1727 καί
764 1664 874 1727 illorum
895 1669 1125 1752 increpabat,sed
1149 1674 1358 1755 increpationem
1378 1677 1485 1758 excepit

145 1759 311 1843 νδίἰίτρος,
324 1762 488 1842 διορθοῦνται
504 1759 531 1822 δί
545 1761 569 1819 ol
587 1760 713 1837 μαθηταί.
763 1757 859 1818 Petrus
870 1780 885 1819 a
896 1761 982 1822 Paulo
991 1762 1180 1844 reprehensus,
1188 1778 1218 1824 nt
1229 1786 1291 1826 curn
1303 1787 1319 1826 a
1330 1769 1485 1848 coapostolo

149 1852 196 1913 drrl
213 1854 440 1933 συναλλαγμάτων
452 1852 555 1932 γίνεται
572 1856 713 1932 βιωτικιῖιν.
762 1864 898 1912 correctus
911 1854 1004 1929 luerit,
1015 1858 1163 1937 justacum
1177 1856 1278 1919 fidncia
1290 1858 1389 1919 deinde
1401 1861 1486 1941 possit

145 1944 304 2029 ιςθρνίλωτί
319 1968 379 2005 τινα
389 1944 555 2024 ίλλιίμματα
568 1946 713 2005 πολιτικῶν
762 1939 910 2025 discipulos
929 1946 1074 2027 objurgare
1087 1973 1094 2008 ι
1110 1962 1136 2009 et
1149 1949 1356 2030 reprehenditur
1374 1950 1485 2030 quidem

145 2062 150 2099 r
165 2042 192 2098 oi
206 2037 347 2119 μύλλοντες
360 2036 452 2105 ubsola<
471 2040 603 2111 ἀπαιτεῖν,
616 2035 711 2117 αἰσχύ·
761 2034 868 2109 Petrus,
881 2037 1055 2118 corriguntur
1074 2053 1163 2099 antem
1177 2039 1318 2122 discipuli.
1334 2043 1392 2102 lloc
1403 2043 1484 2103 etiarn

145 2133 269 2213 psdpriim
289 2132 498 2210 προσενεχθῆναι
520 2127 711 2209 σφοδρότερον,
761 2125 789 2184 ln
808 2128 990 2189 contractibus
1006 2129 1038 2191 lit
1058 2132 1241 2193 saecularibus.
1255 2135 1325 2194 Nam
1336 2133 1360 2194 si
1371 2135 1483 2212 qrrando

145 2222 221 2283 ιίονα
234 2222 326 2283 λαύιῖν
340 2222 461 2304 ἀφορμὴν
475 2222 520 2282 καί
535 2220 653 2291 ἰξοοσίαν
665 2224 712 2292 τῆς
761 2218 884 2279 nonnulli
902 2220 1026 2282 civilium
1046 2223 1211 2286 tributorum
1232 2224 1338 2304 reliqna
1356 2226 1481 2299 debeant,

145 2316 318 2399 ροδρότητος,
342 2314 585 2395 παρασκευάζωσιν
609 2311 712 2395 ἰτίρους
761 2330 793 2369 ac
801 2308 899 2371 deinde
909 2311 952 2371 illi
960 2313 1008 2392 qui
1019 2314 1140 2375 exacturi
1151 2329 1214 2375 sunt
1224 2314 1345 2384 illa‚non
1355 2317 1482 2391 audeant,

144 2408 207 2467 νοῶν
224 2408 370 2480 ἀποδῦσαι,
391 2406 613 2487 λοιδορήσασθαι,
630 2403 712 2486 μυρία
761 2399 976 2463 sederubesennt
987 2404 1173 2469 vehementius
1186 2406 1248 2465 illos
1261 2421 1407 2487 urgerent
1425 2430 1483 2469 ma·

145 2506 256 2561 ιαθιῑναι
267 2498 339 2559 curt
348 2498 469 2579 δρώντων
479 2498 595 2572 ἐκείνοιν,
603 2497 647 2558 lue
656 2496 713 2557 τού-
727 2495 846 2574 ttjorem
869 2509 976 2575 captent
996 2496 1163 2557 occasionem
1189 2519 1221 2559 ac
1244 2498 1398 2558 facultatem
1426 2500 1484 2561 illis

144 2614 163 2665 ι,
176 2590 273 2670 μηκίτι
289 2595 354 2673 παρ’
368 2593 478 2662 terres,
501 2590 569 2670 μηδὲ
586 2589 687 2650 οἰκοθεν
700 2632 710 2662 ,
762 2584 947 2647 vehementius
957 2587 1085 2661 instandi,
1097 2609 1113 2647 a
1127 2589 1359 2650 commilitonibus
1372 2592 1484 2673 spoliari

150 2683 248 2765 ίτίρων
267 2683 383 2763 ἀνάγκης
403 2683 514 2741 δοκῶσιν
525 2681 632 2749 ἐκείνοις
644 2704 712 2762 cpe-
761 2691 912 2754 securint,
927 2692 954 2739 et
973 2679 1105 2741 conviciis
1124 2681 1207 2754 allici,
1226 2695 1306 2760 atque
1322 2682 1384 2743 aliis
1404 2683 1484 2743 innu-

144 2776 257 2837 ίθισθαι·
282 2775 327 2836 καί
346 2774 446 2854 γίνεται
469 2778 487 2846 ἡ
514 2772 610 2854 {ripum
638 2772 711 2855 ύὸρις
761 2769 943 2831 merisvoxnri
956 2771 1227 2853 malisinconspectn
1242 2773 1363 2850 illorum,
1375 2774 1483 2835 utdnm

144 2866 172 2927 ίσ
183 2868 249 2949 πρὸς
261 2866 321 2935 τοὺς
334 2866 490 2935 ὑπευθύνους
501 2864 561 2932 τοίς
574 2869 682 2926 ίαυτῶν.
762 2861 811 2921 ista
821 2860 900 2936 liunt,
913 2882 1082 2943 nequaqnam
1095 2885 1130 2924 ex
1143 2884 1182 2938 se,
1197 2877 1244 2924 aut
1254 2886 1301 2924 sna
1315 2880 1419 2946 sponte,
1434 2868 1483 2927 sed

761 2952 887 3035 imposita
905 2976 921 3015 o
941 2954 1044 3015 caeteris
1067 2954 1222 3016 necessitate
1248 2956 1394 3018 videantur
1418 2958 1482 3019 illos

763 3067 858 3123 urgere
867 3072 874 3106 ι
884 3061 911 3108 et
922 3047 997 3108 illata
1010 3070 1025 3107 a
1040 3048 1141 3108 σαεετίο
1154 3050 1315 3110 contumelia
1326 3051 1401 3132 apud
1414 3052 1482 3113 alios

762 3138 828 3220 ipsis
852 3139 985 3200 obnoxios
1003 3140 1182 3202 excusationis
1203 3162 1295 3201 ansam
1315 3143 1479 3224 suppeditat.

149 3225 196 3287 tut
212 3223 322 3286 ἰίαύλω
343 3223 389 3284 καί
413 3223 458 3282 lul
477 3222 582 3303 Πέτραν
595 3220 711 3301 γίγανεν·
801 3234 851 3293 ll.
874 3233 931 3292 lloc
943 3231 1010 3292 etin
1024 3231 1109 3293 Paulo
1127 3253 1159 3292 ac
1171 3236 1251 3295 Petro
1264 3234 1373 3296 accidit.
1388 3236 1481 3296 Debe-

145 3317 385 3397 τιναίλλῐίμματα
404 3315 577 3375 αίἸανόαῖαί·
592 3316 662 3373 Ποῖα
677 3312 709 3384 δί
760 3323 824 3382 bunt
847 3323 920 3383 enim
944 3322 1049 3402 reliqua
1075 3323 1206 3384 nonnulla
1229 3325 1330 3387 Jodaei.
1351 3331 1482 3403 eraenam

143 3412 260 3476 καλῶς
283 3411 430 3479 decer-iser
458 3412 506 3466 τοῦ
533 3406 709 3483 ’lucescens
761 3414 808 3474 illa
831 3414 933 3496 porro?
954 3414 1093 3474 Nimirum
1117 3427 1149 3474 ut
1174 3416 1352 3476 aJudaismo
1375 3417 1482 3498 penitus

143 3501 247 3562 crum
260 3499 425 3578 ἰλλείμματα
437 3497 610 3579 σφοδρότερον
623 3502 638 3557 ὁ
652 3496 709 3556 lle'·
760 3505 931 3565 abstinerent.
961 3506 1025 3565 ttaee
1059 3505 1164 3584 reliqua
1189 3508 1285 3567 Petrus
1311 3506 1482 3568 vehementer

143 3592 204 3655 ,ααί
213 3591 331 3675 καθαρλν
347 3590 535 3673 similandus
547 3593 611 3670 παρ’
624 3592 709 3650 αὐτῶν
759 3610 878 3679 repetere
898 3596 1035 3677 cupiebat,
1050 3609 1076 3655 et
1088 3616 1185 3676 puram
1201 3597 1236 3656 ab
1252 3597 1309 3657 illis
1321 3598 1403 3659 lidern
1418 3602 1481 3660 exi·

143 3685 284 3767 σιλθμανος
302 3685 388 3744 τοίνυν
401 3682 511 3743 πλείονα
523 3681 615 3741 λαθεῖν
635 3679 709 3750 llas}-
726 3700 744 3747 tt
760 3710 832 3770 gere.
844 3687 1006 3767 Cnmigitur
1017 3687 1146 3767 majorem
1159 3686 1348 3749 lecrrltatemet
1359 3692 1480 3750 occasio·
1537 3710 1583 3754 cur
1610 3728 1633 3756 ιι

143 3782 204 3860 μὴν
214 3782 264 3850 τῆς
281 3775 405 3848 τοιαύτης
428 3774 605 3855 εἰσπράξεως,
618 3797 711 3854 παρα-
760 3800 819 3838 nem
830 3778 977 3838 exactionis
990 3775 1125 3858 ejusmodi
1136 3778 1256 3838 nancisci
1266 3779 1384 3854 vellet,a
1395 3782 1481 3841 Paulo
1490 3773 1632 3879 'Ttsswffl‘'

143 3872 239 3932 Ιαῦλαν
251 3872 408 3948 ἰπιτιμῆσαι
422 3870 479 3947 μεθ’
493 3864 654 3945 mustella,
666 3863 711 3923 καί
760 3892 788 3931 se
799 3871 972 3930 veliementer
984 3869 1114 3950 increpari
1125 3882 1152 3928 et
1168 3868 1306 3951 objurgari
1319 3870 1437 3947 curarit,
1452 3847 1522 3933 utru
1550 3845 1620 3880 ’ω’

143 3957 595 4037 ιήίπίπλαστοςίπιτίμησιςαύτη
608 3957 711 4017 δικαίαν
760 3962 817 4022 base
839 3960 966 4022 simulata
991 3959 1137 4040 increpatio
1156 3959 1258 4039 justam
1280 3961 1333 4042 ipsi
1353 3961 1483 4024 aduersus

143 4054 181 4124 ke
199 4058 259 4116 κατ’
279 4051 384 4114 ἰκείνοιν
401 4050 524 4132 ἀφορμὴν
537 4049 644 4131 ταρίχη
667 4049 711 4111 καὶ
760 4055 922 4115 illosansam
932 4066 958 4113 et
969 4052 1133 4113 occasionem
1144 4053 1483 4135 praeberenldcirooetiam

142 4146 165 4209 d
187 4152 267 4209 τῶπσ
288 4145 335 4207 καί
361 4143 508 4226 saepest<
529 4167 609 4224 φησι,
633 4143 711 4203 Κατὰ
761 4147 868 4228 inipso
891 4144 980 4214 initio,
1000 4143 1176 4225 infaciem,
1187 4143 1287 4222 inquit,
1302 4147 1359 4224 ipsi
1379 4149 1481 4221 restiti,

142 4242 188 4323 πῇ
216 4237 371 4311 οἰκτίστην·
397 4235 444 4297 καί
470 4237 582 4294 ἐνταῦθα
611 4233 711 4309 πάλιν,
760 4254 786 4300 et
804 4241 851 4299 lric
869 4259 983 4308 rursus,
1006 4237 1082 4296 Dixi
1101 4239 1193 4295 Petro
1212 4257 1312 4296 corum
1337 4243 1481 4299 omuibus.

142 4354 189 4415 pp
197 4331 346 4412 Ιμπροσθεν
359 4327 477 4390 eteros.
493 4329 529 4387 Et
540 4327 588 4406 pto
603 4325 654 4407 γὰρ
666 4327 712 4386 τὸν
762 4334 831 4393 Nam
844 4331 866 4391 si
878 4330 990 4408 quidem
1001 4329 1111 4387 Petrum
1123 4327 1258 4405 corrigere
1271 4328 1411 4402 voluisset,
1426 4331 1485 4410 pri·

142 4423 308 4507 αμδύαααθαι
332 4421 474 4493 temne,
500 4423 560 4480 κατ’
586 4419 654 4479 ἰδίαν
680 4420 712 4478 ἂν
762 4424 846 4485 vatim
872 4421 902 4482 id
925 4420 1039 4501 egisset,
1062 4417 1258 4496 sedquoniam
1280 4437 1334 4478 non
1361 4419 1390 4479 id
1415 4434 1482 4492 erat,

142 4538 168 4577 r·
183 4515 275 4588 ίπινδί
293 4513 321 4575 δί
334 4504 542 4585 αὖτοῧταίντὸ
563 4511 712 4579 απανδαίό·
761 4514 836 4595 quod
862 4512 983 4574 studiose
1012 4509 1153 4590 expetebat
1173 4516 1304 4585 (noverat
1335 4510 1408 4570 enim
1430 4533 1484 4589 qua

142 4606 229 4691 ιρι-ην
246 4605 366 4688 γνώμην,
380 4607 438 4684 μεθ’
455 4611 488 4676 ἡς
510 4605 615 4663 ἅπαντα
628 4608 712 4662 ταῦτα
763 4621 850 4667 mente
876 4616 972 4665 cuncta
999 4601 1048 4660 illa
1073 4601 1198 4673 iaceret),
1212 4600 1258 4660 sed
1282 4623 1345 4675 cos,
1360 4603 1408 4681 qui
1434 4602 1484 4663 diu

142 4699 251 4769 estvm<
263 4697 344 4780 μέχρι
357 4699 457 4756 πολλοῦ
469 4694 634 4776 χωλεύοντας
648 4718 712 4768 οτη-
720 4697 995 4782 ,,,ιΙειιιίἰιανεειιιῑ,
1020 4692 1142 4751 stabilire
1161 4691 1302 4771 cupiebat,
1329 4693 1431 4754 idcirco
1456 4694 1484 4753 in

142 4795 184 4867 ts,
194 4792 240 4853 nt
255 4796 334 4851 τῶτο
347 4790 493 4870 ἔμπροσθεν
506 4787 613 4849 πάντων
625 4796 711 4846 ποιεῖ·
728 4800 749 4846 Α
764 4801 907 4869 conspectu
935 4783 1057 4844 omnium
1081 4782 1192 4843 adhibet
1213 4781 1433 4865 increpationem.
1451 4790 1486 4844 tr

142 4882 424 4965 oresu‘odllllspoe
436 4882 567 4963 ἀνέχεται,
582 4879 712 4960 καίσιγᾷ,
765 4886 859 4944 Petrus
888 4876 1015 4947 sustinet,
1042 4888 1069 4934 et
1097 4887 1182 4947 meet,
1208 4894 1296 4953 nque
1315 4875 1484 4937 contradicit.

142 4976 209 5058 ἰγιι.
221 4976 300 5063 'liber
313 4974 366 5057 γὰρ
378 4974 427 5046 τὴν
445 4973 565 5053 γνώμην,
582 4975 638 5052 μεθ’
653 4965 714 5044 leo
765 4971 872 5034 Sciebat
890 4967 993 5048 quippe
1015 4985 1070 5044 quo
1089 4963 1180 5024 animo
1203 4964 1306 5025 Paulus
1325 4965 1485 5047 increparet,

142 5068 203 5149 ίμα·
222 5066 269 5129 καί
291 5067 323 5127 eb
337 5069 420 5126 πανδ
439 5064 541 5147 Πίτρος
554 5064 713 5144 κατώρθωσε
765 5077 792 5124 et
804 5075 892 5122 toturn
900 5063 995 5120 t’errus
1007 5054 1120 5117 tacendo
1131 5054 1296 5135 perficiebat.
1307 5056 1375 5138 Ejus
1385 5057 1488 5138 quippe

141 5159 181 5241 dp
200 5157 294 5221 τούτω
316 5157 378 5237 σιγὴ
401 5156 557 5216 διδασκαλία
578 5163 633 5223 τοῖς
646 5155 716 5215 'lou-
765 5153 902 5216 silentium
925 5146 1035 5211 Judaeos
1060 5146 1173 5206 docebat
1198 5166 1251 5206 non
1279 5148 1396 5230 amplius
1422 5148 1489 5229 legis

161 5256 209 5315 τῶ
232 5248 331 5330 μηκέτι
355 5257 410 5319 τοῖς
432 5249 552 5328 νομίμοις
566 5248 711 5329 ἐνέχεσθαι.
768 5245 864 5306 ritibus
878 5237 1072 5301 adherendum
1085 5258 1153 5298 esse.
1168 5239 1262 5317 Neque
1274 5239 1346 5300 enirn
1365 5241 1490 5322 magister
