3764 5992
855 500 1037 552 erismae.
1650 490 1720 583 743

406 674 460 757 μθ.
474 674 597 760 Θεοθύτρ
611 675 732 758 διακόνῳ.
1155 683 1261 744 XLIV.
1275 687 1422 748 Theodoto
1432 688 1568 751 diacono.

221 847 291 919 olto
311 859 356 918 καί
375 860 469 935 αὐτὸς,
483 860 523 920 ὅτι
537 863 584 920 οὔκ
596 859 626 920 ἂν
641 865 705 939 ἡμῖν
723 858 767 921 td
785 860 952 942 γραμμάτων
1045 863 1109 925 Scio
1122 865 1216 946 utique
1231 882 1257 928 te
1270 889 1317 950 per
1325 869 1417 932 literas
1426 894 1474 933 uos
1484 870 1596 945 minime
1604 896 1719 939 conveu-
1729 887 1816 932 cocum
1833 902 1875 933 an-

181 952 335 1032 συνεγένου,
350 956 373 1012 εί
386 953 430 1013 διὰ
443 952 587 1033 παρουσίας
601 953 675 1026 ἐξῆν·
690 953 759 1014 ἀλλὰ
778 955 866 1015 πάντα
879 953 954 1035 άρεὶς
1004 968 1098 1016 turum
1112 959 1207 1037 luisse,
1217 960 1240 1020 si
1250 982 1341 1023 coram
1351 961 1380 1022 id
1389 963 1722 1030 licuissetaverumomui-
1732 964 1762 996 ¹⁰
1774 950 1834 1010 Μ’

183 1048 241 1121 μεθ’
254 1049 331 1121 ἡμῶν
343 1046 450 1122 ἔμελλες
461 1035 541 1119 εἶναι,
559 1045 633 1124 εἰμὴ
652 1044 765 1124 κώλυμα
779 1036 822 1120 ἦν,
836 1045 881 1105 καὶ
896 1044 953 1105 κιύ·
968 1046 987 1093 Ε
1005 1047 1058 1109 bus
1080 1050 1160 1112 rebus
1179 1052 1286 1114 omissis
1304 1055 1340 1114 ad
1355 1077 1403 1116 nos
1416 1070 1441 1117 te
1454 1059 1605 1132 conferres,
1620 1059 1674 1121 nisi
1695 1074 1725 1121 ct

182 1136 257 1213 λυμα
274 1135 407 1214 μέγιστον,
421 1136 467 1197 καί
481 1141 498 1208 η
513 1144 559 1197 τοῦ
576 1135 648 1206 ἐτους
663 1135 735 1220 ὥρα,
750 1136 796 1197 καί
812 1141 865 1196 τῶν
882 1160 953 1219 πρα-
1005 1141 1069 1200 anni
1082 1156 1235 1224 tempus,et
1244 1147 1414 1226 negotiorum
1423 1147 1573 1211 difficultas
1582 1165 1629 1230 ‚ct
1638 1151 1722 1235 hujus

182 1227 292 1306 γμάτων
307 1234 323 1300 ἡ
337 1230 476 1302 δυσκολία,
490 1229 600 1288 καὶτῶν
612 1231 751 1300 ἐνταῦθαὴ
764 1231 823 1287 καθ’
838 1229 953 1302 ἑκάστην
1004 1231 1057 1291 loci
1074 1232 1192 1294 solitudo
1208 1237 1329 1316 quotidie
1347 1239 1549 1319 ingravescens,
1570 1243 1722 1304 maximum

180 1318 285 1399 ἡμέραν
309 1320 490 1397 ἐπιτεινομένη
513 1320 579 1400 πρὸς
598 1320 629 1380 τὸ
652 1330 742 1402 χεῖρον
762 1317 872 1401 ἐρημία.
899 1319 953 1379 Καὶ
1004 1323 1228 1406 impedimentum
1248 1329 1364 1390 afferret.
1381 1332 1436 1391 Nec
1453 1354 1521 1414 opus
1535 1347 1592 1410 est,
1608 1348 1638 1394 ut
1652 1357 1686 1395 cx
1696 1349 1723 1396 tc

181 1409 255 1468 οὐδέν
269 1410 362 1489 δέομαι
377 1416 455 1472 τοῦτο
471 1412 545 1491 παρὰ
557 1420 603 1473 σοῦ
615 1413 765 1490 μανθάνειν.
778 1411 889 1484 Ἐπειδὴ
901 1409 953 1492 γὰρ
1004 1415 1057 1475 hoc
1074 1416 1202 1478 ediscam.
1215 1420 1286 1478 Nam
1303 1441 1366 1480 cum
1383 1422 1453 1481 illud
1467 1423 1548 1483 semel
1565 1424 1633 1485 mihi
1646 1447 1721 1487 com·

179 1503 262 1580 ἔγνων
284 1503 369 1576 ἅπαξ,
389 1502 429 1562 ὅτι
449 1506 559 1586 σροδρὸς
580 1508 657 1583 ἡμῶν
679 1504 792 1585 ἐραστὴς
813 1495 850 1575 εἷ,
871 1504 951 1584 ἔγνων
1005 1521 1112 1587 pentum
1125 1509 1180 1585 sit,
1201 1532 1244 1570 me
1258 1511 1306 1570 abs
1327 1525 1353 1571 tc
1364 1512 1536 1575 vehementer
1547 1515 1652 1588 amari3
1669 1515 1721 1577 lroc

179 1596 226 1655 καὶ
242 1600 318 1655 τοῦτο
334 1599 431 1664 καλῶς.
449 1596 543 1674 Ἡμεῖς
563 1598 610 1674 μὲν
634 1587 689 1670 σύν,
708 1596 754 1656 καὶ
774 1594 811 1674 μὴ
833 1595 952 1673 άναμνί·
1004 1620 1109 1678 quoquc
1119 1601 1220 1681 optime
1232 1601 1304 1662 novi.
1317 1604 1486 1683 Quamquam
1496 1618 1600 1679 autem,
1614 1606 1721 1669 etiamsi

179 1690 273 1757 σαντός
285 1690 424 1770 σου,πρὸς
435 1690 536 1756 πάντας
554 1687 585 1748 dv
603 1690 817 1768 ἐπεστάλκαμεν·
831 1687 951 1766 έθανμά-
1003 1690 1113 1751 minime
1133 1693 1336 1772 admonuisses,
1362 1696 1540 1755 nihilomiuus
1563 1697 1600 1757 ad
1627 1719 1720 1760 omues

177 1806 262 1860 σαμεν
278 1781 307 1841 δέ
320 1805 349 1841 σε
364 1780 408 1839 καί
423 1781 522 1855 ταύτης
532 1787 581 1853 τῆς
594 1781 655 1862 περὶ
666 1785 738 1860 ἡμᾶς
750 1777 951 1860 ριλοατοργίας,
1003 1782 1152 1864 scripturus
1164 1806 1252 1843 eram:
1264 1799 1352 1846 tamen
1364 1785 1416 1845 hoc
1427 1787 1508 1846 etiam
1522 1787 1631 1848 nomine
1642 1802 1720 1851 tuum

176 1874 218 1932 ὅτι
232 1873 277 1931 καὶ
287 1876 326 1952 τῷ
336 1872 405 1932 τέλει
418 1876 466 1943 τῆς
481 1876 622 1944 ἐπιστολῆς
635 1873 804 1953 παράκλησιν
816 1872 881 1952 ὑπὲρ
893 1869 951 1931 τού·
1003 1892 1066 1952 erga
1079 1896 1127 1933 uos
1136 1894 1254 1935 amorem
1263 1875 1389 1936 admirati
1398 1899 1505 1954 sumus,
1516 1878 1591 1958 quod
1600 1894 1719 1941 extrema

175 1989 223 2025 του
235 1965 408 2046 προσέθηκας.
426 1967 512 2025 Τοῦτο
529 1965 580 2045 γὰρ
599 1969 686 2046 ψυχῆς
700 1964 799 2046 αρόθρα
814 1961 951 2046 μεριμνώ-
1003 1976 1050 2023 tua
1063 1965 1174 2047 epistola
1192 1989 1235 2027 mc
1248 1991 1355 2048 quoque
1368 1970 1403 2029 de
1415 1971 1467 2030 lrac
1480 1993 1509 2030 re
1521 1970 1720 2033 cohortandum

176 2078 226 2131 σης
237 2055 421 2136 τθιζήμέτερα,
436 2057 641 2138 ρροντιζούσης,
656 2055 820 2135 κηδομένης,
836 2053 950 2135 γνησίως
958 2097 993 2134 m
1003 2055 1116 2118 duxisti.
1127 2061 1198 2118 Nam
1210 2061 1262 2120 hoc
1273 2060 1356 2121 animi
1367 2076 1406 2122 est
1419 2063 1589 2123 vehementer
1597 2063 1718 2137 solliciti,

176 2153 283 2230 ἀγαπᾷν
298 2150 485 2228 ἐπισταμένης.
512 2151 576 2216 Τοῖς
597 2149 644 2227 μὲν
670 2137 714 2209 odi
737 2145 827 2214 σίλλοις
850 2145 948 2206 άπασιν
966 2152 986 2197 Α
1002 2169 1033 2207 ac
1045 2170 1136 2209 rerum
1146 2166 1297 2211 nostrarum
1308 2175 1372 2212 cura
1382 2154 1550 2233 laborantis,
1570 2169 1596 2214 et
1609 2154 1656 2235 qui
1664 2156 1720 2217 sin-

176 2240 344 2301 ἐπέσταλκα·
366 2242 459 2315 ἐπειδὴ
476 2241 504 2301 δὲ
521 2242 568 2300 καί
588 2238 714 2324 τῇκυρίρ
738 2262 789 2320 μου
812 2237 948 2319 Καρτερία
1000 2260 1060 2299 cere
1074 2263 1164 2302 amare
1189 2243 1269 2303 norit.
1283 2245 1467 2317 Quamobrem
1474 2260 1588 2328 excepta
1607 2246 1718 2308 domina

174 2335 268 2415 πρῴην
279 2327 346 2411 ἦμεν
359 2333 564 2406 ἐπεσταλκότος,
574 2332 692 2412 ἔγνωμεν
703 2331 731 2393 δὲ
743 2329 826 2404 αὐτὴν
841 2329 879 2408 μὴ
894 2331 948 2389 δια·
999 2353 1058 2392 mea
1072 2333 1203 2410 Cameria
1213 2334 1249 2394 ad
1259 2358 1340 2416 quam
1351 2359 1437 2418 nuper
1445 2337 1535 2397 literas
1546 2337 1619 2416 dodi,
1630 2340 1718 2400 omni·

173 2426 273 2506 τρίθειν
286 2429 380 2499 ἐκεῖσε,
392 2425 461 2486 ἀλλὰ
473 2426 577 2507 μακρὰν
590 2426 649 2485 θδὸν
662 2421 893 2502 ἀποθιδημηκίναι
905 2446 912 2460 ·
925 2425 949 2481 el
999 2424 1051 2485 bus
1065 2425 1178 2507 scripsi:
1190 2448 1250 2486 eam
1262 2442 1353 2487 autem
1366 2428 1423 2487 illic
1434 2449 1487 2488 non
1501 2430 1661 2489 commorari
1672 2450 1719 2490 ac-

175 2518 225 2596 μὲν
239 2510 292 2578 οἷόν
307 2543 335 2578 τε
354 2521 538 2598 ἐκπεμφθῆναι
560 2517 594 2577 τύ
607 2516 755 2598 γράμματα
775 2514 810 2575 td
828 2513 947 2597 ἡμέτερα
998 2517 1078 2598 cepi,
1102 2539 1198 2578 verum
1215 2519 1324 2599 longam
1348 2519 1590 2601 peregrinationem
1612 2521 1715 2582 iniisse.

173 2615 240 2683 ἐκεῖ,
255 2610 301 2670 καί
320 2618 397 2671 τοῦτο
415 2610 544 2690 γενέσθω,
564 2610 610 2670 ἐὰν
631 2608 796 2689 δοκιμάσῃς·
820 2609 843 2668 εί
864 2606 892 2668 δέ
906 2606 944 2687 μὴ
998 2608 1131 2680 Quocirca
1145 2611 1168 2670 si
1183 2611 1268 2671 literae
1283 2626 1380 2671 nostrae
1395 2612 1460 2672 illuc
1473 2612 1584 2694 perferri
1594 2625 1694 2694 queant
1708 2659 1716 2689 ,

174 2703 294 2775 δυνατὸν,
314 2712 368 2770 τοῖς
389 2711 450 2783 γοῦν
471 2703 570 2784 κυρίοις
589 2727 638 2781 μου
655 2700 826 2780 τιμιωτάτοις
839 2699 885 2759 καί
899 2701 946 2760 εὖ·
998 2702 1050 2766 hoc
1060 2724 1184 2783 quoque,
1201 2705 1224 2764 si
1240 2705 1291 2764 tibi
1306 2705 1455 2778 videbitur,
1471 2705 1534 2766 fiat:
1551 2705 1593 2767 sin
1606 2705 1638 2766 id
1657 2706 1718 2767 lieri

173 2794 337 2873 percurritur<
357 2804 412 2862 τοῖς
428 2796 507 2876 ’περί
520 2794 722 2877 Μαρκελλιανθν
738 2791 873 2874 συντυχὼν
888 2793 947 2853 δια·
998 2795 1110 2855 minime
1119 2795 1202 2876 possit
1209 2842 1219 2868 ,
1232 2797 1316 2857 velim
1329 2799 1423 2857 saltem
1435 2792 1588 2858 carissimos
1599 2819 1631 2859 ac
1640 2797 1717 2859 nobi·

172 2888 298 2968 λέχθητι,
319 2887 466 2967 ὥστεαύτῇ
484 2888 589 2950 εἴποτε
608 2886 946 2966 ἐπιστίλλσιεν,α’παλογή-
996 2887 1114 2946 lissimos
1128 2887 1202 2947 uiros
1222 2888 1430 2949 Marcellianum
1451 2902 1479 2948 et
1499 2888 1604 2949 socium
1616 2910 1717 2951 conve·
1825 2945 1835 2965 ,

172 2985 270 3041 σασθαι
280 2980 347 3059 ὑπὲρ
360 2983 447 3058 ἡμῶν,
468 2985 503 3048 ὡς
524 2984 571 3040 οὐκ
585 2979 817 3060 ἐῤῥαθυμηκότων,
829 2976 887 3038 nott
901 2979 946 3038 τὸν
996 2978 1074 3056 nias,
1090 2992 1171 3058 atque
1189 3000 1251 3039 cum
1263 2980 1297 3040 iis
1310 3000 1390 3060 agas,
1408 2995 1438 3040 ut
1452 2980 1476 3041 si
1492 2981 1600 3060 quaudo
1612 2980 1717 3042 adeam

173 3070 271 3149 μεταξὺ
291 3071 384 3150 χρόνον
406 3072 595 3150 σεσιγηκότων,
618 3073 678 3130 ἀλλ’
701 3071 753 3130 ὑπὸ
773 3075 821 3142 τῆς
841 3079 946 3151 μακρᾶς
996 3070 1131 3148 scribant,
1147 3069 1172 3130 ei
1187 3092 1231 3130 me
1240 3084 1375 3153 purgent,
1396 3071 1489 3152 utqui
1504 3093 1557 3133 non
1570 3073 1717 3155 pernegli·

172 3164 255 3232 αὐτῆς
268 3163 418 3241 ἀποδημίας
437 3165 605 3224 κωλυθέντων
624 3162 810 3244 συνεχέστερον
824 3161 946 3223 ἐπιστίλ·
996 3162 1114 3242 gentiam
1131 3164 1261 3244 tantisper
1272 3163 1418 3239 tacuerim,
1431 3184 1525 3224 verum
1538 3164 1620 3245 longa
1631 3163 1716 3246 ipsius

171 3258 225 3312 λειν
240 3256 306 3336 πρὸς
319 3257 407 3329 αὐτην.
996 3255 1114 3314 absentia
1125 3301 1135 3333 ,
1154 3255 1300 3334 quominus
1320 3254 1355 3315 ad
1372 3276 1431 3316 eam
1445 3257 1539 3318 crebro
1550 3256 1714 3333 scriberem,

997 3347 1141 3428 impeditus
1154 3348 1213 3408 sim.

344 3632 398 3709 με’,
420 3634 563 3714 Συμμάχῳ
584 3631 766 3714 πρεσύυτίριρ.
958 3645 977 3691 Β
1120 3631 1209 3691 XlV.
1221 3630 1592 3712 Symmachopresbytero.

208 3814 295 3876 Οὐδέν
314 3813 403 3875 καινὸν
420 3814 478 3876 οὐδὲ
501 3801 610 3884 ἀπεικὸς
628 3816 805 3896 τεθλιμμένην
819 3815 942 3877 θδεύοντα
1034 3813 1150 3875 Minime
1162 3836 1263 3874 novum
1276 3837 1307 3875 ac
1318 3828 1511 3897 praeposterum
1518 3814 1709 3897 videridebet‚

166 3907 466 3988 θθὸνστενοχωρεῑσθαι.
486 3908 604 3981 Τοιαύτη
623 3907 676 3989 γάρ
697 3912 745 3981 τῆς
761 3905 942 3990 ἀρετῆςὴρύ·
994 3905 1062 3983 siis,
1077 3906 1123 3985 qui
1138 3906 1345 3986 augustumitcr
1364 3920 1453 3984 tenet,
1476 3909 1615 3989 premitur.
1640 3911 1734 3971 Nam¹¹

168 4023 226 4072 σις,
248 3999 334 4058 πόνων
349 3999 426 4078 γέμει
438 4000 482 4058 καί
497 3999 626 4082 ἱδρώτων,
645 3999 793 4062 ἐπιύουλῶν
815 4000 861 4060 καί
883 4025 940 4060 κιν-
980 4000 1052 4059 'hnc
1065 3999 1175 4058 virtutis
1192 4011 1288 4057 natura
1302 4014 1351 4074 est,
1365 4013 1394 4058 ut
1407 3998 1548 4061 laboribus
1562 4015 1589 4061 et
1601 3994 1694 4062 sudori

168 4091 258 4153 δύνων.
273 4092 341 4152 Ἀλλ’
358 4098 375 4164 ἡ
391 4092 439 4170 μίν
451 4093 509 4161 ὁδὸς
521 4094 647 4168 τοιαύτη·
662 4094 697 4154 τὰ
710 4093 738 4154 δέ
751 4098 867 4154 ἐντεῦθεν
882 4092 941 4154 στί·
993 4090 1045 4150 bus
1064 4105 1144 4169 atque
1164 4089 1272 4150 insidiis
1287 4104 1313 4150 et
1332 4091 1459 4172 periculis
1478 4106 1586 4154 scateat.
1607 4095 1713 4180 Verum

167 4205 260 4263 φανοι,
276 4186 403 4267 βραδεῖα,
419 4185 454 4245 τά
467 4184 607 4266 ἀπόρρητα
620 4185 707 4265 θγαθθ
716 4231 724 4260 ,
739 4185 785 4246 καί
803 4186 877 4254 τέλος
893 4189 941 4246 οὐκ
993 4185 1043 4242 iter
1060 4182 1170 4263 quidem
1185 4196 1225 4242 est
1247 4182 1397 4263 ejusmodi:
1413 4196 1473 4263 post
1487 4197 1577 4244 autem
1591 4206 1713 4264 sequun-

166 4278 271 4356 ἔχοντα.
285 4277 396 4347 Τούτοις
415 4277 503 4338 τοίνυν
524 4279 618 4339 σαυτὸν
637 4283 805 4363 παρακάλει·
827 4279 873 4339 καί
887 4279 940 4360 γὰρ
993 4290 1163 4353 torcomnae,
1180 4274 1304 4357 praemia,
1323 4289 1349 4334 et
1361 4296 1458 4335 arcana
1472 4275 1556 4353 bona,
1568 4277 1714 4356 quihusfi-

164 4371 212 4428 καὶ
225 4374 242 4441 ἡ
255 4369 341 4438 ἄνεσις
352 4371 398 4430 καὶ
410 4377 428 4444 ἡ
439 4371 525 4447 θλίψις
536 4377 553 4444 η
565 4376 611 4429 τοῦ
624 4370 753 4451 παρόντος
766 4371 939 4452 παροδεύεται
992 4369 1035 4428 nis
1047 4368 1140 4429 nullus
1150 4382 1188 4427 cst
1198 4368 1369 4427 constitutus.
1384 4367 1441 4425 Hac
1455 4366 1540 4446 igitur
1549 4368 1712 4448 cogitatione

166 4461 241 4540 βίου,
267 4461 312 4521 καὶ
326 4465 397 4544 αὐτῷ
411 4468 449 4545 τῷ
470 4463 520 4544 βίῳ
542 4464 762 4544 συγκαταλύεται.
783 4465 874 4536 Μηδὲν
893 4457 938 4524 σύν
954 4471 973 4519 c
992 4477 1018 4522 te
1036 4462 1125 4543 ipsum
1143 4460 1295 4520 consolare:
1315 4480 1378 4519 nam
1398 4458 1537 4540 praesentis
1549 4459 1613 4520 vitae
1626 4475 1711 4522 etro·

165 4552 233 4631 μηδὲ
252 4553 356 4613 ἐκείνων
372 4556 497 4636 φυσάτω,
519 4556 587 4634 μηδὲ
602 4557 701 4618 τούτων
714 4556 876 4617 ταπεινούτω
892 4557 938 4617 καὶ
991 4556 1081 4636 luptas
1095 4567 1121 4612 ct
1142 4551 1279 4611 calamitas
1302 4572 1355 4610 una
1377 4572 1440 4609 cum
1459 4549 1511 4610 h'ac
1530 4551 1586 4612 vita
1608 4553 1711 4631 fluunt,

1781 3830 1815 3878 Δθ
1826 3850 1865 3880 ιιι·

1737 3911 1749 3940 ο
1766 3891 1824 3958 4ος,
1835 3898 1865 3940 ια

1738 3972 1778 4020 ⁰7·

165 4645 338 4706 συστελλέτω.
350 4645 385 4706 Ὁ
397 4647 447 4731 γάρ
460 4648 566 4727 ἄριστος
580 4648 741 4730 κυύερνήτης
754 4649 814 4709 οὔτε
836 4653 863 4710 ἐν
886 4673 937 4730 γα-
990 4646 1126 4724 simulque
1138 4665 1199 4703 cum
1210 4665 1240 4702 ea
1251 4643 1393 4725 intereunt.
1409 4645 1449 4703 Nc
1463 4642 1548 4722 igitur
1559 4644 1710 4726 quidquam
1807 4715 1812 4724 ,

162 4737 229 4817 λήνῃ
246 4744 406 4818 χαυνοῦται,
419 4739 478 4799 οὔτε
494 4743 520 4800 ἐν
536 4746 649 4821 χειμῶνι
663 4741 833 4824 ταράττεται.
849 4744 934 4802 Ταῦτ’
989 4740 1100 4799 illorum
1114 4736 1235 4795 animum
1249 4748 1327 4794 tuum
1341 4733 1431 4812 inflet,
1445 4753 1493 4795 nec
1506 4758 1616 4797 rursum
1630 4738 1711 4818 quid·

194 4938 204 4962 ⁸
224 4935 273 4982 rote
291 4933 344 4994 περὶ
358 4931 537 4996 καρκιλλιεινον.
549 4926 620 4991 Saepo
638 4925 749 4978 diximus
764 4925 789 4976 in
808 4925 879 4977 Edit.
892 4927 920 4979 S.
946 4941 1019 4991 agere
1040 4924 1250 4992 chrysostomum
1270 4919 1303 4972 de
1318 4923 1447 4973 Marciano
1465 4934 1491 4973 et
1509 4923 1654 4976 Ματταθίου
1671 4922 1710 4975 rel

161 5000 290 5052 Atlrnnnsii
307 4991 369 5053 illud
388 5015 433 5063 τοῖς
451 5012 504 5075 περί
520 5021 577 5054 raro
589 5003 621 5054 de
633 5021 683 5055 uno
696 5003 827 5069 colodici,
839 5006 923 5071 sapia·
947 5001 1192 5063 Marcelliano‚nam
1207 4999 1244 5051 sic
1255 5017 1355 5067 quoque
1366 5003 1489 5067 scriptum
1502 5004 1527 5053 in
1538 5001 1597 5055 llas.
1610 5001 1709 5072 legitur,

161 5082 223 5130 sime
238 5097 297 5131 vero
309 5091 354 5131 aut
364 5080 397 5131 de
409 5079 509 5132 duobus
523 5093 568 5132 aut
577 5080 609 5132 de
619 5081 741 5148 pluribus.
753 5085 800 5133 llic
810 5095 880 5134 certe
891 5082 923 5134 de
947 5080 1050 5151 quaudo
1062 5080 1095 5131 ad
1108 5093 1241 5146 utrumque
1251 5077 1329 5129 literne
1339 5082 1483 5146 mittuntur,
1494 5079 1564 5146 quod
1574 5099 1639 5150 saepe
1648 5099 1710 5133 con.

162 5156 261 5210 duobus
270 5159 359 5209 saltem
370 5176 511 5211 sermonem
522 5158 615 5211 habere
626 5159 728 5226 planum
741 5159 840 5212 ridetur
851 5178 882 5212 cx
890 5163 923 5221 jis
949 5162 1039 5228 tingit:
1054 5159 1181 5226 rariusque
1199 5156 1276 5209 literae
1295 5156 1328 5208 ad
1346 5157 1456 5224 singulos
1474 5156 1627 5228 diriguntur,
1637 5174 1665 5214 ut
1684 5165 1709 5213 iu

162 5254 217 5302 qua
229 5236 383 5303 precedunt,
393 5249 438 5298 τοῖς
450 5248 531 5308 κυρίως
539 5261 584 5305 μου
595 5248 738 5304 τιμιωτάτοις
749 5246 786 5293 καὶ
795 5246 924 5307 «ιλ-μοικαὶ·
948 5238 1038 5291 lrnrrrm
1053 5236 1214 5303 epistolarum
1227 5236 1333 5286 decursu
1346 5234 1542 5289 animadvertas.

164 5333 209 5369 rats
229 5329 274 5375 τοὶς
292 5325 343 5386 περὶ
370 5323 548 5388 θθαριιελλιανθν.
568 5316 688 5366 Libenter
708 5314 859 5368 crediderim
882 5317 923 5369 hic
