3764 5992
295 431 437 490 nonium
464 441 509 488 nn
534 441 644 490 cinno
670 440 835 492 nurnorro
855 439 898 487 er
924 439 969 487 un
993 438 1199 493 οινιτιιιιιιιι
1227 441 1416 492 rursusne.
1560 421 1636 513 473.

78 564 145 647 πυρί
159 568 204 625 τοῦ
220 563 390 654 ῌνεύματος·
405 565 489 634 Αὐτὸς
502 569 571 645 ὑμᾶς
585 567 709 646 βαπτίσει
723 567 750 625 ἀν
769 563 853 624 Πνιθ·
907 563 1006 623 effecit.
1018 563 1119 650 Lutum
1133 566 1247 629 tradidit
1263 568 1321 650 igni
1335 567 1473 650 Spiritus:
1486 571 1553 646 Ipse
1566 585 1722 636 vesunuh,
1736 591 1760 637 3,

81 681 149 735 ματι
163 656 245 738 ἁγίῳ,
267 656 313 716 καί
337 657 418 739 πυρί·
432 659 459 717 ἐν
474 657 566 734 ὕδατι,
579 659 624 721 ίνα
638 663 809 738 ἀναπλασθῇ·
826 660 853 716 ἐν
872 663 891 710 E
909 659 1070 735 baptizabit
1082 663 1114 716 in
1123 660 1232 739 Spiritu
1242 675 1356 737 sancto,
1365 675 1394 720 et
1408 664 1487 740 igni:
1499 659 1528 719 iu
1542 678 1623 737 aque,
1637 663 1672 695 ¹¹·
1743 664 1747 671 ‘

79 747 162 827 πυρί,
185 746 229 806 ἵνα
253 753 395 828 στερεωθῇ.
411 746 464 807 Διά
478 756 555 809 τοῦτο
570 754 585 809 ὀ
598 750 736 832 προφήτης
754 750 852 809 ἀνωθεν
908 759 938 805 ut
960 747 1164 826 reformaretur,
1189 751 1217 810 in
1245 752 1372 832 igni,th
1397 749 1620 810 consolidaretur.

79 837 268 921 προαγορεύων
282 838 387 919 ἱλεγεν·
402 838 452 908 Ὦς
466 841 545 912 σκεύη
560 843 696 920 κεραμέως
707 840 855 920 συντρίψας
907 837 972 897 Ideo
986 840 1116 920 propheta
1137 841 1204 902 olim
1222 844 1373 909 vaticinans
1391 841 1517 903 dicebat:
1532 844 1558 902 Τ
1556 862 1621 902 am·
1634 854 1700 900 reat.
1715 865 1736 896 τ.
1752 866 1776 912 9.

80 929 184 1000 αὐτούς.
199 932 259 989 Οὐκ
281 922 365 1007 εἶπεν,
386 935 421 999 ὡς
435 932 516 1003 σκεύη
540 936 698 1013 ὀστράκινα,
713 934 730 992 ἀ
743 933 854 998 ἕκαστος
908 952 996 1009 quam
1019 953 1096 992 uasa
1110 935 1204 1015 figuli
1224 950 1356 996 conteres
1376 955 1433 995 eos.
1449 937 1510 994 Non
1529 933 1620 1013 dixit,

79 1022 224 1097 κέκτηται·
238 1023 295 1081 ἔστι
312 1022 363 1104 γὰρ
374 1023 455 1097 σκεύη
471 1027 608 1105 κεραμέως
618 1028 725 1098 ἐκεῖνα,
744 1024 854 1106 θίργά-
909 1020 1062 1100 Tamquam
1074 1039 1336 1105 essetutrumque
1350 1026 1451 1106 singuli
1464 1024 1620 1106 possidente

79 1116 154 1181 ζιται
166 1118 181 1173 ὁ
193 1111 323 1195 κεραμεθς
337 1116 364 1172 ἀν
385 1118 424 1193 τῷ
446 1119 550 1195 τροχῷ·
570 1115 639 1176 ἀλλά
656 1115 690 1174 τὰ
710 1115 791 1186 σκεύη
808 1119 853 1174 τοῦ
907 1127 971 1170 sunt
989 1116 1061 1173 enirn
1080 1114 1127 1174 illa
1144 1136 1207 1176 vass
1224 1118 1317 1197 figuli,
1329 1139 1388 1196 quae
1400 1117 1503 1197 figulus
1521 1117 1549 1176 in
1563 1129 1640 1178 roti-

79 1203 219 1285 κεραμέως
236 1205 356 1277 πήλινα,
369 1204 403 1263 τὰ
418 1203 446 1264 δὲ
465 1206 584 1287 ἡμέτερα
596 1206 750 1286 ὀστράκινα.
764 1208 852 1284 Προα-
907 1222 955 1260 sun
972 1204 1152 1283 effingitzsed
1171 1229 1236 1267 vesu
1250 1209 1328 1288 figuli
1349 1210 1437 1285 lutea,
1453 1220 1544 1267 nostra
1557 1228 1623 1267 vero

78 1299 207 1375 ναγωνῶν
222 1285 267 1354 cili
281 1294 329 1367 τὴν
343 1294 387 1355 διὰ
396 1300 443 1353 τοῦ
464 1296 649 1375 βαπτίσματος
663 1295 852 1376 ἀναχώνευσιν,
907 1307 1028 1354 testacea.
1040 1296 1228 1357 Prununtinns
1248 1299 1339 1378 itaque
1363 1299 1550 1359 conflationem
1574 1320 1641 1379 per·

77 1383 129 1452 Ὧς
144 1384 242 1457 σκεύη,
256 1385 339 1466 φησὶ,
353 1386 490 1465 κεραμέως
503 1389 652 1468 συντρίψας
663 1388 764 1454 αὐτούς.
778 1387 853 1447 ’Avu-
905 1383 1041 1465 baptisma
1055 1386 1143 1446 denuo
1157 1387 1343 1469 repetendam,
1361 1393 1524 1468 Tamquam
1534 1411 1622 1465 oasa,

77 1475 207 1550 πλάττιι,
217 1476 305 1557 λέγει,
316 1475 489 1556 καίχωνεύει.
500 1479 662 1539 Καταόαίνω
672 1484 708 1547 ιῖς
719 1480 750 1539 τό
760 1479 855 1559 βάπτι·
907 1475 1011 1554 iuquit,
1036 1481 1109 1558 tguli
1123 1495 1254 1541 conteres
1264 1503 1321 1541 eos.
1331 1481 1581 1561 Relingit,inquit,
1597 1495 1624 1540 et

77 1590 153 1644 σμα,
167 1567 213 1626 καί
227 1567 425 1627 ἀναπλάττεταί
445 1592 495 1644 μου
516 1569 547 1628 τὸ
564 1573 675 1650 σχῆμα,
689 1571 735 1629 καί
749 1575 854 1650 ἀνοχω-
908 1566 1016 1626 conflat.
1040 1570 1181 1629 Descende
1206 1572 1234 1630 in
1259 1571 1409 1653 baptisma,
1432 1585 1459 1630 et
1481 1570 1624 1650 refingitur

77 1657 149 1718 νεύει
165 1664 210 1718 τοῦ
225 1657 380 1736 Πνεύμοτος
392 1659 423 1718 τὸ
436 1667 506 1740 πῦρ,
520 1662 565 1720 χοὶ
580 1661 682 1742 ,imm
692 1662 854 1743 ὀοοράχοοοο,
863 1654 995 1748 ⁸9²forme
1010 1676 1078 1732 mea,
1087 1656 1177 1717 denuo
1191 1660 1289 1719 conllat
1305 1660 1377 1738 ignis
1389 1658 1517 1738 Spiritus,
1527 1670 1554 1716 et
1564 1657 1622 1716 essi·

79 1747 141 1807 Ὅτι
164 1748 191 1809 δὲ
209 1751 239 1808 οθ
255 1749 356 1826 κόμπος
379 1750 413 1810 τά
434 1749 558 1831 βήματα,
579 1753 691 1812 ἄκουσον
706 1761 752 1813 τοῦ
773 1753 855 1813 Ἰώὸ·
874 1767 894 1809 Α
910 1747 980 1804 citur
994 1760 1116 1808 testacea.
1131 1749 1214 1823 Quod
1225 1764 1315 1809 autem
1325 1750 1383 1807 haec
1393 1770 1445 1808 non
1455 1747 1624 1829 exjactantia

79 1838 212 1913 Ἐποίηοο
223 1839 250 1900 δὲ
268 1847 342 1919 ἡμᾶς
361 1842 460 1913 ,mtto
477 1846 492 1901 ο
507 1842 534 1901 δὲ
552 1845 670 1913 Ποῦλος·
685 1843 812 1925 Ἔχοοοος
828 1845 856 1905 δὲ
909 1835 1499 1914 prodeunt,audiJobum:Fecitautemnos
1509 1841 1601 1900 lutum
1610 1865 1624 1911 ,·
1634 1873 1685 1919 1,,
1704 1887 1738 1918 ro.
1750 1877 1775 1933 9?

78 1931 127 1990 τὸν
149 1931 278 2011 θησαυρὸν
298 1924 390 1992 τοῦτον
402 1935 428 1992 ἐν
453 1933 618 2012 ὀστρακίναις
636 1935 765 1996 σκεύεσιν.
776 1936 857 1997 Ἀλλὰ
909 1929 1010 1988 Paulus
1036 1944 1126 1990 aulem
1139 1956 1145 1988 ²
1159 1935 1310 1992 Habenlsss
1333 1947 1431 1991 ⁰1¹le
1455 1934 1624 1991 mmmm
1635 1975 1658 2008 α.
1670 1963 1777 2028 σον-,ομ

81 2021 167 2101 βλίπι
185 2025 316 2104 ὀστράκου
331 2023 416 2103 ἰσχύν.
432 2024 473 2084 Oh
488 2024 539 2104 γὰρ
553 2026 617 2106 πυρὶ
630 2024 768 2104 ὤπτηταο,
787 2025 857 2085 ἀλλὰ
909 2021 988 2080 hunc
998 2025 1122 2081 invasis
1131 2028 1275 2083 testaceis.
1290 2023 1395 2083 Atride
1409 2022 1626 2083 testresortitudi-

81 2112 233 2191 Πνεύματι.
250 2117 313 2181 Πῶς
329 2114 499 2196 ἀστράκινον,
514 2117 646 2183 Πεντάκις
659 2117 857 2199 τεσσαράκοντα
909 2132 981 2170 nem.
995 2115 1055 2172 Non
1064 2113 1136 2172 euim
1147 2114 1174 2174 in
1189 2116 1252 2194 igne
1264 2127 1337 2173 coctu
1350 2128 1400 2187 cst,
1411 2113 1494 2173 sedin
1509 2114 1625 2195 Spiritu.

81 2202 1777 2287 mmfflfflwfflfflfflffifflfflmQmfflmmfflwwmmmfflm.

81 2298 129 2356 καί
142 2297 172 2357 τὸ
185 2298 339 2379 ὀστράκινον
359 2303 451 2365 σκεῦος
472 2302 501 2358 ού
515 2298 693 2371 κατεκλάοθη.
714 2299 858 2380 Νυχθήμι-
908 2315 1000 2375 genas
1027 2316 1088 2355 ιιιια
1112 2301 1208 2355 minus
1223 2301 1324 2376 accepi
1339 2321 1348 2353 .·
1364 2309 1409 2356 ter
1425 2301 1519 2378 virgis
1535 2295 1725 2358 cusum-²⁵·

82 2410 129 2466 ρον
149 2390 178 2446 ἀν
198 2392 237 2468 τῷ
260 2391 330 2467 βυθῷ
345 2389 490 2460 πεποίηκα.
504 2389 553 2450 Ἔν
563 2394 603 2470 τῷ
619 2394 691 2472 βυθῷ
701 2391 857 2466 πεποίηκεν,
910 2407 986 2458 sum,
999 2387 1091 2446 semel
1115 2387 1265 2468 lapidatus
1278 2409 1354 2464 sum,
1369 2402 1394 2447 et
1416 2400 1560 2448 testaceum
1580 2411 1629 2449 ves

82 2478 183 2550 καὶτὸ
195 2479 349 2560 ὀστράκινον
369 2483 398 2540 οὐ
413 2480 533 2552 διελύθη·
552 2480 700 2557 ἔναυάγησε
709 2526 717 2555 ,
727 2481 773 2541 καί
787 2488 858 2553 ὀθη-
912 2499 966 2538 non
982 2479 1149 2539 confractum
1162 2491 1212 2554 est.
1227 2481 1321 2539 Nocte
1338 2493 1367 2538 et
1377 2479 1425 2539 die
1436 2483 1468 2538 in
1479 2481 1631 2563 profundo

81 2570 179 2650 σαυρός
202 2572 249 2629 οὐκ
266 2570 402 2631 ἀπώλετο·
421 2571 452 2632 τὸ
477 2575 567 2631 πλοῖον
589 2572 760 2654 θποόρύχιον,
779 2574 860 2633 καὶὸ
913 2571 1070 2649 merissui.
1090 2570 1121 2628 lu
1146 2567 1281 2651 profundo
1300 2570 1361 2644 init,
1375 2584 1402 2629 et
1420 2591 1468 2631 vas
1485 2584 1630 2630 testaceum
1718 2592 1723 2597 ·

83 2657 322 2738 ρύρτοςίπλευσεν.
335 2659 464 2740 Ἔχοντες
491 2660 519 2718 δὲ
548 2659 592 2719 τὸν
611 2661 752 2741 θησαυρόν.
777 2664 859 2722 Ποῖον
912 2681 965 2719 non
979 2659 1097 2719 solutum
1108 2674 1147 2719 est
1160 2684 1166 2717 :
1180 2660 1352 2740 naufragium
1361 2661 1435 2738 iecit,
1447 2674 1474 2720 et
1487 2660 1629 2721 thesaurus

82 2749 233 2830 θησαυρόν;
253 2750 410 2828 Πνεύματος
424 2750 564 2831 χορηγίαν,
585 2752 763 2827 δικαιοσύνην,
778 2753 860 2831 ἅγια·
912 2773 965 2812 non
980 2751 1077 2833 periit:
1092 2751 1170 2811 navis
1186 2751 1325 2811 submersa
1337 2766 1388 2829 est,
1397 2766 1423 2812 et
1435 2773 1504 2812 onus
1514 2753 1572 2834 ejus
1583 2774 1632 2812 ns·

83 2839 163 2917 σμόν,
176 2839 369 2917 ἀπολύτρωσιν.
385 2843 481 2922 Ποῖον,
499 2841 557 2900 sliri
570 2864 624 2920 μοι.
637 2842 685 2902 Ἐν
699 2847 737 2923 τῷ
750 2844 860 2921 ὀνόματι
879 2859 897 2904 Β
913 2843 1028 2922 rigavit.
1051 2844 1203 2901 Habentes
1224 2856 1323 2901 autem
1345 2845 1525 2904 thesaurum.
1543 2844 1632 2918 Quem
1647 2886 1651 2895 ·

85 2933 177 3003 Ἰησοῦ
190 2934 323 3012 Χριστοῦ,
340 2933 440 3013 ἔγειραι
454 2934 499 2992 καί
513 2935 664 3014 περιπάτει.
679 2934 774 3010 Αἰνέα,
789 2936 861 2996 ἰᾶταί
914 2934 1090 2994 thesaurum?
1113 2934 1232 3015 Spiritus
1261 2949 1461 3012 commeatum,
1475 2936 1610 3018 justitient
1619 2982 1629 3016 ,

83 3049 115 3103 σι
127 3023 230 3097 Ἰησοῦς
243 3029 258 3084 θ
273 3023 396 3103 Χριστός.
411 3025 459 3084 Σοὶ
473 3024 553 3104 λίγω,
571 3025 601 3085 τὸ
612 3026 727 3107 πονηρὸν
741 3034 860 3106 πνεῦμα,
914 3024 1169 3098 sanctificationem,
1189 3023 1391 3085 redemtionem.
1407 3028 1512 3104 Quem,
1530 3048 1631 3107 quaeso,

84 3118 187 3177 ἄπελθε
200 3119 247 3177 ἀπ’
258 3120 346 3178 αὐτοῦ.
915 3117 1092 3201 thesaurum?
1103 3120 1142 3175 In
1156 3120 1274 3175 nomine
1282 3118 1354 3176 Jesu
1367 3118 1489 3194 Christi,
1504 3139 1590 3200 surge
1602 3131 1632 3180 et
1641 3139 1694 3185 Aci.
1708 3138 1732 3186 3.
1743 3141 1767 3189 ο,

913 3210 1044 3270 ambula.
1056 3211 1152 3268 AEnea
1159 3252 1169 3281 ,
1180 3222 1268 3269 sanat
1284 3221 1313 3268 te
1322 3210 1409 3269 lesus
1420 3211 1563 3271 Christus.
1581 3212 1632 3271 Τι’-
1641 3225 1696 3270 Aa.
1706 3237 1731 3283 9.-
1742 3222 1783 3284 st.

915 3307 1034 3381 hidico,
1050 3306 1388 3389 malignespiritusseri
1400 3308 1491 3365 abeo.
1640 3288 1785 3336 ¹⁶‘''⁶‘¹⁸·’

125 3381 203 3457 Εἶδες
213 3389 344 3472 θησαυρὸν
358 3391 502 3468 βασιλικῶν
515 3396 652 3476 θησαυρῶν
662 3394 861 3476 λαμπρότερον;
956 3400 1002 3456 {2-
1014 3395 1117 3456 Vidisti
1133 3395 1288 3456 thesaurum
1300 3396 1383 3475 regiis
1395 3397 1529 3457 thesauris
1544 3398 1630 3477 splen·
1680 3422 1726 3481 Qut
1747 3439 1758 3463 ο

83 3482 122 3542 Τί
136 3481 188 3560 γάρ
198 3488 313 3541 τοιοῦτον
334 3481 441 3541 δύναται
455 3486 575 3556 ποιήσειν
592 3488 758 3568 μαργαρίτης
780 3493 860 3567 βασι·
913 3484 1150 3558 didioremiQuid
1158 3487 1229 3546 enirn
1237 3488 1290 3547 tale
1299 3488 1384 3546 lucere
1395 3508 1523 3565 umquam
1532 3488 1631 3568 poterit
1640 3498 1677 3527 '²¹⁸
1697 3476 1784 3528 'lm'

84 3577 153 3642 λε’ως
160 3619 169 3646 ,
182 3567 234 3634 οἷον
247 3575 354 3655 βήματα
366 3577 513 3637 ἀποστολου
525 3605 533 3652 ;
545 3579 653 3647 Ἐπίθες
668 3580 750 3660 μυρία
764 3581 860 3652 διαδή-
915 3579 988 3658 regin
998 3577 1152 3657 margarita,
1160 3577 1239 3656 quale
1249 3577 1329 3637 verba
1342 3577 1457 3658 apostoli
1469 3577 1630 3639 ediderunt?
1639 3560 1685 3590 Μ’

87 3689 161 3746 ματα
174 3672 284 3748 νεκρῶν,
298 3672 344 3728 καί
357 3672 406 3729 οὐκ
422 3670 565 3750 ἐγείρεται·
581 3671 607 3729 ἀν
623 3671 650 3731 δὲ
667 3677 739 3751 βῆμα
755 3672 861 3743 ἐξῆλθεν
916 3674 1030 3750 λρροιιο
1040 3666 1340 3728 innumeradindemate
1353 3668 1476 3744 mortuis,
1486 3683 1573 3729 etnon
1584 3692 1631 3731 ex·

86 3757 246 3827 ἀποστόλου,
265 3760 310 3817 καί
332 3759 525 3829 στασιάζουσαν
548 3761 597 3834 τὴν
611 3762 687 3843 φύσιν
700 3762 862 3841 ἐπανήγαγε,
916 3763 1073 3823 citabuntur
1085 3787 1091 3820 ι
1101 3783 1185 3822 ιιιιιιιιι
1195 3783 1230 3821 ex
1238 3761 1359 3843 apostolo
1372 3782 1508 3841 egressum
1517 3763 1632 3823 verbum

52 3845 61 3854 ’
88 3849 136 3907 καί
150 3848 215 3925 πρὸς
227 3849 258 3908 τὸ
271 3853 382 3930 ἀρχαῖον
398 3850 759 3931 ἀποκατέστησεν.Ἐχοντες
773 3852 800 3911 ὀί
817 3854 862 3913 τὸν
915 3854 1045 3914 rebellem
1058 3868 1181 3913 naturum
1195 3852 1320 3929 reduxit,
1330 3866 1356 3912 et
1370 3853 1398 3912 iu
1407 3849 1557 3934 'pristinum
1571 3869 1633 3916 sta-

88 3941 220 4018 θησαυρὸν
235 3947 336 4001 τοῦτον.
351 3939 389 4001 Ὦ
406 3943 535 4023 θησαυρὸς
551 3945 580 4002 οὐ
600 3943 759 4023 τηρούμενοι
775 3943 863 4022 μόνον,
917 3963 975 4006 tum
1005 3946 1131 4007 restituit.
1150 3949 1301 4005 Habentes
1329 3958 1427 4005 autem
1463 3950 1632 4008 thesaurum

90 4029 161 4090 ἀλλά
180 4031 226 4089 καί
242 4036 330 4110 τηρῶν
344 4035 389 4093 τὸν
403 4023 486 4110 σ’ίκον,
502 4033 563 4094 ἔνθα
577 4034 727 4095 ἀπόκειται.
741 4037 864 4108 Συνῆκας
917 4040 1043 4100 hunc.0
1057 4039 1181 4099 thesaure
1199 4037 1246 4115 qui
1263 4058 1317 4096 non
1331 4051 1455 4098 servatur
1467 4038 1573 4115 solum,
1584 4039 1632 4101 sed

89 4112 1631 4213 Hwfflfflmffifflmsswwfflvmmmmmmmfflfflmffim

90 4213 174 4293 ἔχωσι
186 4214 347 4294 θησαυροθς,
362 4217 494 4296 μεγάλους
509 4217 596 4285 οἴκους
612 4220 864 4296 κατασκευάζουσιν,
880 4245 899 4292 c
916 4223 983 4304 qnid
997 4221 1135 4283 dixerim?
1151 4223 1238 4299 Reges
1254 4233 1330 4278 terrae
1347 4233 1373 4279 et
1397 4221 1553 4302 principes,
1568 4244 1631 4282 cum

89 4295 145 4363 οἷον
155 4304 274 4384 τοίχους,
289 4307 420 4388 μοχλοὺς,
436 4307 530 4389 θύρας,
542 4309 676 4389 φύλακας,
689 4313 811 4392 κλεῖθρα,
822 4312 865 4372 ἵνα
916 4317 1055 4376 thesauros
1074 4313 1191 4388 habent,
1213 4332 1324 4390 magnas
1344 4325 1504 4372 construunt
1524 4312 1629 4388 domos,

89 4398 392 4479 τηρηθῇόθησαυρός·ὁ
405 4401 519 4481 Χριστὸς
530 4401 558 4461 ὀί
569 4400 720 4462 τούναντίον
733 4404 864 4478 ἐποίησεν·
917 4430 1009 4468 muros
1023 4427 1132 4486 nempe,
1144 4417 1242 4475 vectes,
1258 4404 1339 4480 sores,
1355 4401 1489 4476 custodes,
1503 4424 1586 4482 seras,
1602 4419 1633 4464 ut

89 4491 139 4547 οὐκ
150 4491 177 4547 ἀν
189 4488 297 4571 λιθίνῳ,
309 4494 368 4550 ἀλλ’
379 4496 406 4551 ἐν
417 4492 566 4575 ὀστρακίνῳ
580 4493 667 4553 σκεύει
678 4495 723 4554 τόν
733 4498 865 4579 θησαυρὸν
918 4498 1086 4560 custodiatur
1099 4496 1261 4555 thesaurus:
1278 4493 1402 4553 Christus
1415 4506 1506 4552 autern
1526 4508 1631 4555 contra·

90 4579 194 4653 ἔθηκεν.
220 4583 254 4641 Εἰ
279 4583 362 4661 μέγας
382 4587 396 4642 ὀ
415 4587 562 4668 θησαυρὸς,
598 4587 642 4647 διά
665 4588 692 4646 τί
716 4588 748 4648 τὸ
775 4599 866 4661 σκεῦος
918 4592 990 4650 rium
1003 4590 1080 4666 secit;
1096 4608 1149 4647 nou
1164 4588 1191 4645 in
1205 4584 1321 4666 lapideo,
1340 4584 1386 4643 sed
1400 4584 1428 4642 in
1445 4597 1560 4645 testaceo
1570 4607 1634 4647 vase
1696 4633 1700 4641 .

91 4670 213 4745 ἀσθενές,
232 4670 313 4731 Ἀλλά
338 4674 376 4753 μὴ
402 4676 445 4736 διὰ
472 4685 550 4738 τοῦτο
574 4678 680 4746 ἀσθενὲς
702 4681 733 4740 τὸ
756 4687 864 4756 σκεῦος,
917 4684 1073 4742 thesaurum
1087 4678 1185 4760 posuit.
1194 4677 1224 4738 Si
1236 4697 1351 4756 magnus
1364 4675 1515 4752 thesaurus,
1523 4698 1573 4737 cur
1583 4699 1633 4739 vas

92 4762 185 4836 ἐπειδὴ
213 4765 296 4842 μέγας
319 4769 334 4823 θ
362 4769 509 4848 θησαυρός·
537 4774 566 4830 αθ
591 4770 643 4850 γάρ
665 4781 785 4852 τηρεῖται
813 4776 865 4835 θπό
919 4768 1173 4848 infirmumihtqui
1196 4767 1256 4827 ideo
1277 4788 1325 4827 vas
1348 4768 1489 4827 infirmum
1508 4769 1633 4848 est,quio

92 4857 139 4912 τοῦ
159 4852 283 4928 σκεύους,
305 4858 364 4914 ἀλλ’
392 4859 469 4926 αὐτὸς
492 4869 568 4941 τηρεῖ
594 4862 625 4922 τὸ
645 4849 746 4930 σκεῦος.
762 4865 865 4945 Τίθημι
918 4859 1396 4945 magnuscstthesnurus:nonenim
1408 4872 1632 4935 servaturrvase,

93 4943 146 5025 ὀγὼ
161 4944 205 5004 τὸν
220 4948 361 5028 θησαυρόν,
375 4949 415 5016 τίς
432 4950 540 5011 δύναται
555 4952 646 5014 λοιπὸν
661 4955 776 5034 κλέψαι,
793 4946 865 5016 lllll·
918 4956 965 5016 sed
987 4957 1045 5036 ipse
1065 4975 1114 5014 vas
1135 4964 1284 5012 conservat.
1301 4949 1361 5029 Ego
1375 4950 1532 5010 thesaurum
1548 4973 1630 5034 pono,

1643 3981 1779 4044 πίονψψ

93 5041 137 5096 θεν
157 5041 171 5096 θ
191 5037 328 5114 διάβολος,
352 5032 429 5113 ἦλθεν
444 5049 461 5115 ἡ
478 5045 636 5123 οἰκουμένη,
656 5036 736 5117 ἦλθον
759 5048 865 5130 μυρίοι,
919 5049 980 5128 quis
1008 5067 1074 5107 eum
1096 5042 1225 5104 suffurari
1252 5041 1361 5123 potest?
1380 5043 1465 5103 Venit
1488 5043 1633 5122 diabolus,

95 5129 142 5187 καί
162 5129 206 5189 τόν
230 5132 361 5214 θησαυρὸν
386 5138 433 5195 οὐκ
455 5135 582 5216 ἔκλεψαν·
607 5138 775 5220 ἐμαστίχθη,
789 5140 867 5201 iulo
920 5139 993 5199 venit
1006 5137 1080 5197 orbis
1094 5134 1448 5210 terrae,vencruntsexcenti
1461 5133 1595 5216 homines,
1607 5149 1634 5197 et

96 5221 227 5300 θησαυρὸς
240 5224 270 5281 ot
288 5223 433 5303 προιδόθη·
447 5227 639 5301 κατεποντίσθη
660 5231 697 5298 εἰς
723 5231 870 5303 θάλασσαν,
921 5232 1077 5290 thesaurum
1108 5247 1161 5286 non
1189 5225 1269 5284 irinati
1297 5238 1378 5283 sunt:
1403 5224 1568 5364 θαμρίψαιιιπι
1595 5242 1635 5288 est

239 5321 313 5363 rou.
339 5325 387 5363 ιιι.
