<?xml version="1.0" encoding="UTF-8"?>
<!DOCTYPE html PUBLIC "-//W3C//DTD XHTML 1.0 Transitional//EN"
    "http://www.w3.org/TR/xhtml1/DTD/xhtml1-transitional.dtd">
<html xmlns="http://www.w3.org/1999/xhtml" xml:lang="en" lang="en">
 <head>
  <title>
</title>
<meta http-equiv="Content-Type" content="text/html;charset=utf-8" />
  <meta name='ocr-system' content='tesseract 3.04.00' />
  <meta name='ocr-capabilities' content='ocr_page ocr_carea ocr_par ocr_line ocrx_word'/>
</head>
<body>
  <div class='ocr_page' id='page_1' title='image "./sanctipatrisnos03chrygoog_0134.png"; bbox 0 0 3764 5992; ppageno 0'>
   <div class='ocr_carea' id='block_1_1' title="bbox 38 397 1306 495">
    <p class='ocr_par' dir='ltr' id='par_1_1' title="bbox 38 397 1306 495">
     <span class='ocr_line' id='line_1_1' title="bbox 38 397 1306 495; baseline -0.006 -19"><span class='ocrx_word' id='word_1_1' title='bbox 38 397 40 399; x_wconf 60' lang='grc'><strong><em>’</em></strong></span> <span class='ocrx_word' id='word_1_2' title='bbox 100 407 170 493; x_wconf 77' lang='grc' dir='ltr'>ιι4</span> <span class='ocrx_word' id='word_1_3' title='bbox 408 423 452 495; x_wconf 76' lang='grc' dir='ltr'>ε.ι</span> <span class='ocrx_word' id='word_1_4' title='bbox 467 422 607 474; x_wconf 78' lang='lat' dir='ltr'>sotanis</span> <span class='ocrx_word' id='word_1_5' title='bbox 632 418 815 472; x_wconf 79' lang='lat' dir='ltr'>cnnrsosr.</span> <span class='ocrx_word' id='word_1_6' title='bbox 844 420 1008 472; x_wconf 81' lang='grc' dir='ltr'>εεεεειεε.</span> <span class='ocrx_word' id='word_1_7' title='bbox 1035 419 1306 471; x_wconf 81' lang='lat' dir='ltr'>consranrmon.</span> 
     </span>
    </p>
   </div>
   <div class='ocr_carea' id='block_1_2' title="bbox 6 533 1651 4750">
    <p class='ocr_par' dir='ltr' id='par_1_2' title="bbox 6 533 1651 4750">
     <span class='ocr_line' id='line_1_2' title="bbox 94 533 1643 634; baseline -0.006 -21"><span class='ocrx_word' id='word_1_8' title='bbox 94 550 340 634; x_wconf 87' lang='lat' dir='ltr'>comprobationem</span> <span class='ocrx_word' id='word_1_9' title='bbox 347 549 461 625; x_wconf 87' lang='lat' dir='ltr'>elucere,</span> <span class='ocrx_word' id='word_1_10' title='bbox 469 570 530 610; x_wconf 89' lang='lat' dir='ltr'>curn</span> <span class='ocrx_word' id='word_1_11' title='bbox 541 570 577 608; x_wconf 85' lang='lat' dir='ltr'>ex</span> <span class='ocrx_word' id='word_1_12' title='bbox 585 547 670 628; x_wconf 82' lang='lat' dir='ltr'>signis</span> <span class='ocrx_word' id='word_1_13' title='bbox 680 568 742 626; x_wconf 78' lang='lat' dir='ltr'>que</span> <span class='ocrx_word' id='word_1_14' title='bbox 751 561 811 608; x_wconf 90' lang='lat' dir='ltr'>tum</span> <span class='ocrx_word' id='word_1_15' title='bbox 828 621 830 624; x_wconf 8' lang='grc' dir='ltr'>γ</span> <span class='ocrx_word' id='word_1_16' title='bbox 865 547 1028 628; x_wconf 60' lang='lat' dir='ltr'>testetur,</span> <span class='ocrx_word' id='word_1_17' title='bbox 1043 548 1085 609; x_wconf 82' lang='grc' dir='ltr'>ότι</span> <span class='ocrx_word' id='word_1_18' title='bbox 1102 548 1236 628; x_wconf 80' lang='grc' dir='ltr'>ἄνθρωποι</span> <span class='ocrx_word' id='word_1_19' title='bbox 1251 533 1425 627; x_wconf 77' lang='grc' dir='ltr'>ιῖγρίμματαί</span> <span class='ocrx_word' id='word_1_20' title='bbox 1443 549 1497 606; x_wconf 79' lang='grc' dir='ltr'>εἰσι</span> <span class='ocrx_word' id='word_1_21' title='bbox 1512 544 1560 605; x_wconf 80' lang='grc' dir='ltr'>καί</span> <span class='ocrx_word' id='word_1_22' title='bbox 1573 546 1643 605; x_wconf 78' lang='grc' dir='ltr'>ἰδιῶ-</span> 
     </span>
     <span class='ocr_line' id='line_1_3' title="bbox 93 637 1642 723; baseline -0.003 -19"><span class='ocrx_word' id='word_1_23' title='bbox 93 645 251 720; x_wconf 86' lang='lat' dir='ltr'>factasunt,</span> <span class='ocrx_word' id='word_1_24' title='bbox 268 664 380 723; x_wconf 87' lang='lat' dir='ltr'>quaeque</span> <span class='ocrx_word' id='word_1_25' title='bbox 394 663 466 702; x_wconf 91' lang='lat' dir='ltr'>nunc</span> <span class='ocrx_word' id='word_1_26' title='bbox 477 642 557 716; x_wconf 89' lang='lat' dir='ltr'>fiunt,</span> <span class='ocrx_word' id='word_1_27' title='bbox 571 655 631 700; x_wconf 91' lang='lat' dir='ltr'>turn</span> <span class='ocrx_word' id='word_1_28' title='bbox 642 660 677 699; x_wconf 84' lang='lat' dir='ltr'>ex</span> <span class='ocrx_word' id='word_1_29' title='bbox 689 638 811 720; x_wconf 83' lang='lat' dir='ltr'>discipu·</span> <span class='ocrx_word' id='word_1_30' title='bbox 866 665 929 717; x_wconf 89' lang='grc' dir='ltr'>ται,</span> <span class='ocrx_word' id='word_1_31' title='bbox 944 641 1098 718; x_wconf 73' lang='grc' dir='ltr'>ἐθαύμαζον,</span> <span class='ocrx_word' id='word_1_32' title='bbox 1108 639 1154 700; x_wconf 78' lang='grc' dir='ltr'>καί</span> <span class='ocrx_word' id='word_1_33' title='bbox 1166 639 1353 719; x_wconf 77' lang='grc' dir='ltr'>ἠγωνίων,οθιι</span> <span class='ocrx_word' id='word_1_34' title='bbox 1364 637 1455 712; x_wconf 70' lang='grc' dir='ltr'>ἐπειδὴ</span> <span class='ocrx_word' id='word_1_35' title='bbox 1469 638 1642 718; x_wconf 78' lang='grc' dir='ltr'>ἀγράμματοι</span> 
     </span>
     <span class='ocr_line' id='line_1_4' title="bbox 93 725 1641 814; baseline -0.003 -18"><span class='ocrx_word' id='word_1_36' title='bbox 93 737 182 797; x_wconf 92' lang='lat' dir='ltr'>lorum</span> <span class='ocrx_word' id='word_1_37' title='bbox 196 736 396 807; x_wconf 81' lang='lat' dir='ltr'>benevolentia,</span> <span class='ocrx_word' id='word_1_38' title='bbox 415 735 461 814; x_wconf 92' lang='lat' dir='ltr'>qui</span> <span class='ocrx_word' id='word_1_39' title='bbox 488 748 548 793; x_wconf 91' lang='lat' dir='ltr'>tum</span> <span class='ocrx_word' id='word_1_40' title='bbox 560 732 703 809; x_wconf 79' lang='lat' dir='ltr'>vivebant,</span> <span class='ocrx_word' id='word_1_41' title='bbox 723 731 813 810; x_wconf 89' lang='lat' dir='ltr'>etqui</span> <span class='ocrx_word' id='word_1_42' title='bbox 867 725 944 808; x_wconf 71' lang='grc' dir='ltr'>ἦσαν,</span> <span class='ocrx_word' id='word_1_43' title='bbox 958 734 1016 792; x_wconf 79' lang='grc' dir='ltr'>ἀλλ’</span> <span class='ocrx_word' id='word_1_44' title='bbox 1029 731 1121 805; x_wconf 77' lang='grc' dir='ltr'>ίπειδθ,</span> <span class='ocrx_word' id='word_1_45' title='bbox 1138 731 1310 812; x_wconf 79' lang='grc' dir='ltr'>ἀγράμματοι</span> <span class='ocrx_word' id='word_1_46' title='bbox 1323 731 1395 800; x_wconf 82' lang='grc' dir='ltr'>ὄντες</span> <span class='ocrx_word' id='word_1_47' title='bbox 1411 731 1521 791; x_wconf 79' lang='grc' dir='ltr'>πάντων</span> <span class='ocrx_word' id='word_1_48' title='bbox 1535 733 1589 789; x_wconf 85' lang='grc' dir='ltr'>τῶν</span> <span class='ocrx_word' id='word_1_49' title='bbox 1600 754 1641 791; x_wconf 68' lang='grc' dir='ltr'>τε</span> 
     </span>
     <span class='ocr_line' id='line_1_5' title="bbox 93 822 1640 908; baseline -0.006 -19"><span class='ocrx_word' id='word_1_50' title='bbox 93 849 166 889; x_wconf 89' lang='lat' dir='ltr'>nunc</span> <span class='ocrx_word' id='word_1_51' title='bbox 179 828 398 904; x_wconf 82' lang='lat' dir='ltr'>vivunt,tumex</span> <span class='ocrx_word' id='word_1_52' title='bbox 410 825 576 907; x_wconf 91' lang='lat' dir='ltr'>periculisio</span> <span class='ocrx_word' id='word_1_53' title='bbox 591 824 692 903; x_wconf 88' lang='lat' dir='ltr'>quibus</span> <span class='ocrx_word' id='word_1_54' title='bbox 706 844 812 904; x_wconf 80' lang='lat' dir='ltr'>semper</span> <span class='ocrx_word' id='word_1_55' title='bbox 867 831 922 908; x_wconf 89' lang='grc' dir='ltr'>ρῶν</span> <span class='ocrx_word' id='word_1_56' title='bbox 945 825 1145 906; x_wconf 84' lang='grc' dir='ltr'>περιεγίνοντο,</span> <span class='ocrx_word' id='word_1_57' title='bbox 1176 824 1222 883; x_wconf 78' lang='grc' dir='ltr'>καί</span> <span class='ocrx_word' id='word_1_58' title='bbox 1245 824 1299 883; x_wconf 80' lang='grc' dir='ltr'>Τὸν</span> <span class='ocrx_word' id='word_1_59' title='bbox 1319 823 1455 904; x_wconf 84' lang='grc' dir='ltr'>ιίνθριοπεν</span> <span class='ocrx_word' id='word_1_60' title='bbox 1482 822 1529 884; x_wconf 71' lang='grc' dir='ltr'>σὺν</span> <span class='ocrx_word' id='word_1_61' title='bbox 1555 825 1640 890; x_wconf 79' lang='grc' dir='ltr'>αιἐιεῖς</span> 
     </span>
     <span class='ocr_line' id='line_1_6' title="bbox 93 907 1638 1002; baseline -0.007 -20"><span class='ocrx_word' id='word_1_62' title='bbox 93 920 187 982; x_wconf 84' lang='lat' dir='ltr'>fideles</span> <span class='ocrx_word' id='word_1_63' title='bbox 213 921 407 982; x_wconf 76' lang='lat' dir='ltr'>versabantur?</span> <span class='ocrx_word' id='word_1_64' title='bbox 437 919 524 982; x_wconf 81' lang='lat' dir='ltr'>Visne</span> <span class='ocrx_word' id='word_1_65' title='bbox 553 918 700 977; x_wconf 81' lang='lat' dir='ltr'><strong>etiamnum</strong></span> <span class='ocrx_word' id='word_1_66' title='bbox 723 918 814 978; x_wconf 86' lang='lat' dir='ltr'>hostes</span> <span class='ocrx_word' id='word_1_67' title='bbox 830 934 851 981; x_wconf 80' lang='lat'>1)</span> <span class='ocrx_word' id='word_1_68' title='bbox 867 923 978 1002; x_wconf 83' lang='grc' dir='ltr'>ὁρῶντες</span> <span class='ocrx_word' id='word_1_69' title='bbox 1000 918 1045 978; x_wconf 90' lang='grc' dir='ltr'>τδν</span> <span class='ocrx_word' id='word_1_70' title='bbox 1066 913 1297 998; x_wconf 74' lang='grc' dir='ltr'>τεθεραπευμένον,</span> <span class='ocrx_word' id='word_1_71' title='bbox 1316 915 1388 976; x_wconf 70' lang='grc' dir='ltr'>οὐδὲν</span> <span class='ocrx_word' id='word_1_72' title='bbox 1405 907 1478 996; x_wconf 80' lang='grc' dir='ltr'>εἶχον</span> <span class='ocrx_word' id='word_1_73' title='bbox 1492 919 1638 975; x_wconf 81' lang='grc' dir='ltr'>ἀντειπεῖν·</span> 
     </span>
     <span class='ocr_line' id='line_1_7' title="bbox 93 1008 1639 1096; baseline -0.005 -22"><span class='ocrx_word' id='word_1_74' title='bbox 93 1035 200 1075; x_wconf 89' lang='lat' dir='ltr'>cernere</span> <span class='ocrx_word' id='word_1_75' title='bbox 211 1013 399 1096; x_wconf 80' lang='lat' dir='ltr'>potentiamne</span> <span class='ocrx_word' id='word_1_76' title='bbox 410 1011 603 1091; x_wconf 85' lang='lat' dir='ltr'>virtutemejus</span> <span class='ocrx_word' id='word_1_77' title='bbox 615 1009 813 1091; x_wconf 81' lang='lat' dir='ltr'>pertimescere,</span> <span class='ocrx_word' id='word_1_78' title='bbox 868 1013 953 1074; x_wconf 71' lang='grc' dir='ltr'>καίτοι</span> <span class='ocrx_word' id='word_1_79' title='bbox 974 1035 1005 1092; x_wconf 88' lang='grc' dir='ltr'>γε</span> <span class='ocrx_word' id='word_1_80' title='bbox 1026 1011 1079 1092; x_wconf 86' lang='grc' dir='ltr'>τρδ</span> <span class='ocrx_word' id='word_1_81' title='bbox 1100 1008 1192 1068; x_wconf 83' lang='grc' dir='ltr'>τούτου</span> <span class='ocrx_word' id='word_1_82' title='bbox 1209 1008 1345 1088; x_wconf 81' lang='grc' dir='ltr'>ἀντελεγον</span> <span class='ocrx_word' id='word_1_83' title='bbox 1359 1018 1461 1085; x_wconf 82' lang='grc' dir='ltr'>σημεῖα</span> <span class='ocrx_word' id='word_1_84' title='bbox 1474 1011 1588 1087; x_wconf 82' lang='grc' dir='ltr'>δρῶντες</span> <span class='ocrx_word' id='word_1_85' title='bbox 1600 1031 1639 1086; x_wconf 88' lang='grc' dir='ltr'>γι-</span> 
     </span>
     <span class='ocr_line' id='line_1_8' title="bbox 93 1091 1639 1186; baseline -0.007 -19"><span class='ocrx_word' id='word_1_86' title='bbox 93 1105 220 1167; x_wconf 85' lang='lat' dir='ltr'>acmulto</span> <span class='ocrx_word' id='word_1_87' title='bbox 244 1104 362 1186; x_wconf 85' lang='lat' dir='ltr'>amplius</span> <span class='ocrx_word' id='word_1_88' title='bbox 385 1117 445 1184; x_wconf 89' lang='lat' dir='ltr'>post</span> <span class='ocrx_word' id='word_1_89' title='bbox 463 1124 570 1163; x_wconf 88' lang='lat' dir='ltr'>crucem</span> <span class='ocrx_word' id='word_1_90' title='bbox 584 1102 717 1161; x_wconf 75' lang='lat' dir='ltr'>estuare?</span> <span class='ocrx_word' id='word_1_91' title='bbox 740 1102 814 1161; x_wconf 81' lang='lat' dir='ltr'>Audi</span> <span class='ocrx_word' id='word_1_92' title='bbox 868 1103 975 1182; x_wconf 77' lang='grc' dir='ltr'>νόμενα.</span> <span class='ocrx_word' id='word_1_93' title='bbox 1004 1103 1069 1168; x_wconf 86' lang='grc' dir='ltr'>Πῶς</span> <span class='ocrx_word' id='word_1_94' title='bbox 1096 1091 1141 1159; x_wconf 72' lang='grc' dir='ltr'>οὗν</span> <span class='ocrx_word' id='word_1_95' title='bbox 1162 1098 1222 1159; x_wconf 91' lang='grc' dir='ltr'>τότε</span> <span class='ocrx_word' id='word_1_96' title='bbox 1245 1103 1292 1159; x_wconf 78' lang='grc' dir='ltr'>οὐκ</span> <span class='ocrx_word' id='word_1_97' title='bbox 1319 1104 1453 1174; x_wconf 75' lang='grc' dir='ltr'>ἀντεῖπονς</span> <span class='ocrx_word' id='word_1_98' title='bbox 1480 1097 1639 1168; x_wconf 77' lang='grc' dir='ltr'>Ἀπέστςαεν</span> 
     </span>
     <span class='ocr_line' id='line_1_9' title="bbox 7 1189 1639 1279; baseline -0.006 -19"><span class='ocrx_word' id='word_1_99' title='bbox 7 1210 31 1275; x_wconf 75' lang='grc'>4.</span> <span class='ocrx_word' id='word_1_100' title='bbox 47 1212 82 1260; x_wconf 78' lang='lat' dir='ltr'>rt.</span> <span class='ocrx_word' id='word_1_101' title='bbox 93 1218 157 1259; x_wconf 83' lang='lat' dir='ltr'>sane</span> <span class='ocrx_word' id='word_1_102' title='bbox 169 1196 328 1279; x_wconf 90' lang='lat' dir='ltr'>prudenter,</span> <span class='ocrx_word' id='word_1_103' title='bbox 343 1196 412 1276; x_wconf 92' lang='lat' dir='ltr'>quid</span> <span class='ocrx_word' id='word_1_104' title='bbox 427 1194 461 1254; x_wconf 88' lang='lat' dir='ltr'>de</span> <span class='ocrx_word' id='word_1_105' title='bbox 474 1195 517 1253; x_wconf 86' lang='lat' dir='ltr'>his</span> <span class='ocrx_word' id='word_1_106' title='bbox 531 1194 661 1274; x_wconf 89' lang='lat' dir='ltr'>scriptum</span> <span class='ocrx_word' id='word_1_107' title='bbox 684 1193 727 1253; x_wconf 90' lang='lat' dir='ltr'>sit.</span> <span class='ocrx_word' id='word_1_108' title='bbox 739 1195 814 1253; x_wconf 83' lang='lat' dir='ltr'>Cum</span> <span class='ocrx_word' id='word_1_109' title='bbox 870 1197 954 1255; x_wconf 76' lang='grc' dir='ltr'>αὐτῶν</span> <span class='ocrx_word' id='word_1_110' title='bbox 985 1194 1034 1267; x_wconf 75' lang='grc' dir='ltr'>τὴν</span> <span class='ocrx_word' id='word_1_111' title='bbox 1054 1196 1175 1274; x_wconf 84' lang='grc' dir='ltr'>γλῶτταν</span> <span class='ocrx_word' id='word_1_112' title='bbox 1200 1197 1219 1264; x_wconf 78' lang='grc' dir='ltr'>ἡ</span> <span class='ocrx_word' id='word_1_113' title='bbox 1243 1190 1354 1273; x_wconf 76' lang='grc' dir='ltr'>ἀόρατος</span> <span class='ocrx_word' id='word_1_114' title='bbox 1373 1196 1421 1251; x_wconf 81' lang='grc' dir='ltr'>τοῦ</span> <span class='ocrx_word' id='word_1_115' title='bbox 1444 1189 1639 1271; x_wconf 79' lang='grc' dir='ltr'>σταυρωθέντες</span> 
     </span>
     <span class='ocr_line' id='line_1_10' title="bbox 94 1282 1640 1367; baseline -0.006 -17"><span class='ocrx_word' id='word_1_116' title='bbox 94 1294 174 1350; x_wconf 80' lang='lat' dir='ltr'>enim</span> <span class='ocrx_word' id='word_1_117' title='bbox 184 1291 330 1361; x_wconf 81' lang='lat' dir='ltr'>viderent,</span> <span class='ocrx_word' id='word_1_118' title='bbox 349 1288 439 1366; x_wconf 87' lang='lat' dir='ltr'>inquit</span> <span class='ocrx_word' id='word_1_119' title='bbox 449 1286 601 1367; x_wconf 82' lang='lat' dir='ltr'>Scriptura,</span> <span class='ocrx_word' id='word_1_120' title='bbox 616 1286 717 1343; x_wconf 71' lang='lat' dir='ltr'>Judaet</span> <span class='ocrx_word' id='word_1_121' title='bbox 730 1287 815 1344; x_wconf 84' lang='lat' dir='ltr'>Petri</span> <span class='ocrx_word' id='word_1_122' title='bbox 869 1287 990 1366; x_wconf 80' lang='grc' dir='ltr'>δύναμις·</span> <span class='ocrx_word' id='word_1_123' title='bbox 1013 1287 1111 1351; x_wconf 80' lang='grc' dir='ltr'>ἐκεῖνος</span> <span class='ocrx_word' id='word_1_124' title='bbox 1124 1283 1156 1342; x_wconf 86' lang='grc' dir='ltr'>τδ</span> <span class='ocrx_word' id='word_1_125' title='bbox 1169 1283 1257 1362; x_wconf 79' lang='grc' dir='ltr'>στόμα</span> <span class='ocrx_word' id='word_1_126' title='bbox 1271 1285 1355 1342; x_wconf 84' lang='grc' dir='ltr'>αι’ντῶν</span> <span class='ocrx_word' id='word_1_127' title='bbox 1369 1282 1523 1365; x_wconf 75' lang='grc' dir='ltr'>ἐνίρραξεν·</span> <span class='ocrx_word' id='word_1_128' title='bbox 1545 1283 1640 1346; x_wconf 67' lang='lat' dir='ltr'>tutior</span> 
     </span>
     <span class='ocr_line' id='line_1_11' title="bbox 94 1372 1640 1463; baseline -0.006 -21"><span class='ocrx_word' id='word_1_129' title='bbox 94 1387 128 1442; x_wconf 82' lang='lat' dir='ltr'>in</span> <span class='ocrx_word' id='word_1_130' title='bbox 151 1383 296 1463; x_wconf 80' lang='lat' dir='ltr'>loquendo</span> <span class='ocrx_word' id='word_1_131' title='bbox 319 1382 496 1457; x_wconf 80' lang='lat' dir='ltr'>libertatem,</span> <span class='ocrx_word' id='word_1_132' title='bbox 512 1390 539 1437; x_wconf 91' lang='lat' dir='ltr'>et</span> <span class='ocrx_word' id='word_1_133' title='bbox 565 1379 705 1449; x_wconf 75' lang='lat' dir='ltr'>loannis,</span> <span class='ocrx_word' id='word_1_134' title='bbox 725 1390 815 1459; x_wconf 84' lang='lat' dir='ltr'>atque</span> <span class='ocrx_word' id='word_1_135' title='bbox 869 1378 917 1453; x_wconf 76' lang='grc' dir='ltr'>τλν</span> <span class='ocrx_word' id='word_1_136' title='bbox 931 1375 1081 1460; x_wconf 75' lang='grc' dir='ltr'>παρρησίαν</span> <span class='ocrx_word' id='word_1_137' title='bbox 1097 1374 1266 1436; x_wconf 79' lang='grc' dir='ltr'>κατέστειλε·</span> <span class='ocrx_word' id='word_1_138' title='bbox 1288 1373 1332 1433; x_wconf 81' lang='grc' dir='ltr'>διδ</span> <span class='ocrx_word' id='word_1_139' title='bbox 1351 1380 1428 1434; x_wconf 73' lang='grc' dir='ltr'>τοῦτο</span> <span class='ocrx_word' id='word_1_140' title='bbox 1448 1373 1495 1432; x_wconf 76' lang='grc' dir='ltr'>καί</span> <span class='ocrx_word' id='word_1_141' title='bbox 1508 1372 1640 1445; x_wconf 73' lang='grc' dir='ltr'>εἱστήκει-</span> 
     </span>
     <span class='ocr_line' id='line_1_12' title="bbox 94 1463 1643 1551; baseline -0.007 -18"><span class='ocrx_word' id='word_1_142' title='bbox 94 1475 362 1533; x_wconf 82' lang='lat' dir='ltr'>ant&#39;madverterent</span> <span class='ocrx_word' id='word_1_143' title='bbox 376 1473 508 1529; x_wconf 74' lang='lat' dir='ltr'>homines</span> <span class='ocrx_word' id='word_1_144' title='bbox 520 1470 589 1527; x_wconf 85' lang='lat' dir='ltr'>illos</span> <span class='ocrx_word' id='word_1_145' title='bbox 602 1470 815 1528; x_wconf 77' lang='lat' dir='ltr'>literarumru-</span> <span class='ocrx_word' id='word_1_146' title='bbox 870 1497 919 1535; x_wconf 75' lang='grc' dir='ltr'>σαν</span> <span class='ocrx_word' id='word_1_147' title='bbox 935 1470 1016 1551; x_wconf 83' lang='grc' dir='ltr'>μηδὲν</span> <span class='ocrx_word' id='word_1_148' title='bbox 1031 1469 1135 1549; x_wconf 78' lang='grc' dir='ltr'>ἔχοντες</span> <span class='ocrx_word' id='word_1_149' title='bbox 1157 1471 1299 1527; x_wconf 80' lang='grc' dir='ltr'>ἀντειπεῖν.</span> <span class='ocrx_word' id='word_1_150' title='bbox 1324 1466 1413 1527; x_wconf 82' lang='grc' dir='ltr'>Ὅταν</span> <span class='ocrx_word' id='word_1_151' title='bbox 1434 1465 1463 1525; x_wconf 75' lang='grc' dir='ltr'>δὲ</span> <span class='ocrx_word' id='word_1_152' title='bbox 1478 1464 1526 1524; x_wconf 79' lang='grc' dir='ltr'>καί</span> <span class='ocrx_word' id='word_1_153' title='bbox 1547 1463 1643 1544; x_wconf 56' lang='lat' dir='ltr'>spot,-</span> 
     </span>
     <span class='ocr_line' id='line_1_13' title="bbox 94 1557 1642 1644; baseline -0.006 -20"><span class='ocrx_word' id='word_1_154' title='bbox 94 1565 146 1624; x_wconf 83' lang='lat' dir='ltr'>des</span> <span class='ocrx_word' id='word_1_155' title='bbox 159 1577 188 1622; x_wconf 86' lang='lat' dir='ltr'>et</span> <span class='ocrx_word' id='word_1_156' title='bbox 200 1567 348 1644; x_wconf 85' lang='lat' dir='ltr'>imperitos</span> <span class='ocrx_word' id='word_1_157' title='bbox 367 1580 441 1634; x_wconf 84' lang='lat' dir='ltr'>esse,</span> <span class='ocrx_word' id='word_1_158' title='bbox 458 1562 652 1631; x_wconf 84' lang='lat' dir='ltr'>mt&#39;rabantttr,</span> <span class='ocrx_word' id='word_1_159' title='bbox 677 1573 704 1619; x_wconf 93' lang='lat' dir='ltr'>et</span> <span class='ocrx_word' id='word_1_160' title='bbox 715 1574 815 1619; x_wconf 88' lang='lat' dir='ltr'>metue·</span> <span class='ocrx_word' id='word_1_161' title='bbox 870 1566 965 1638; x_wconf 68' lang='grc' dir='ltr'>ξαντα,</span> <span class='ocrx_word' id='word_1_162' title='bbox 987 1564 1037 1643; x_wconf 84' lang='grc' dir='ltr'>ὅρα</span> <span class='ocrx_word' id='word_1_163' title='bbox 1056 1565 1114 1630; x_wconf 88' lang='grc' dir='ltr'>πῶς</span> <span class='ocrx_word' id='word_1_164' title='bbox 1127 1560 1176 1634; x_wconf 73' lang='grc' dir='ltr'>τὴν</span> <span class='ocrx_word' id='word_1_165' title='bbox 1190 1559 1288 1621; x_wconf 80' lang='grc' dir='ltr'>δειλίαν</span> <span class='ocrx_word' id='word_1_166' title='bbox 1299 1563 1456 1638; x_wconf 78' lang='grc' dir='ltr'>θρυλογοῶσι</span> <span class='ocrx_word' id='word_1_167' title='bbox 1470 1557 1520 1630; x_wconf 72' lang='grc' dir='ltr'>τὴν</span> <span class='ocrx_word' id='word_1_168' title='bbox 1534 1560 1642 1616; x_wconf 71' lang='lat' dir='ltr'>iwerin</span> 
     </span>
     <span class='ocr_line' id='line_1_14' title="bbox 94 1639 1643 1735; baseline -0.006 -21"><span class='ocrx_word' id='word_1_169' title='bbox 94 1654 160 1714; x_wconf 86' lang='lat' dir='ltr'>bant</span> <span class='ocrx_word' id='word_1_170' title='bbox 173 1674 228 1714; x_wconf 93' lang='lat' dir='ltr'>non</span> <span class='ocrx_word' id='word_1_171' title='bbox 251 1652 326 1732; x_wconf 91' lang='lat' dir='ltr'>quod</span> <span class='ocrx_word' id='word_1_172' title='bbox 339 1652 430 1712; x_wconf 76' lang='lat' dir='ltr'>literas</span> <span class='ocrx_word' id='word_1_173' title='bbox 444 1652 589 1722; x_wconf 81' lang='lat' dir='ltr'>nescirent,</span> <span class='ocrx_word' id='word_1_174' title='bbox 605 1649 654 1710; x_wconf 86' lang='lat' dir='ltr'>sed</span> <span class='ocrx_word' id='word_1_175' title='bbox 665 1649 738 1730; x_wconf 87' lang='lat' dir='ltr'>quod</span> <span class='ocrx_word' id='word_1_176' title='bbox 752 1673 815 1711; x_wconf 86' lang='lat' dir='ltr'>cum</span> <span class='ocrx_word' id='word_1_177' title='bbox 870 1656 1020 1727; x_wconf 74' lang='grc' dir='ltr'>Βούλεσθε,</span> <span class='ocrx_word' id='word_1_178' title='bbox 1035 1653 1125 1735; x_wconf 81' lang='grc' dir='ltr'>ρησίν,</span> <span class='ocrx_word' id='word_1_179' title='bbox 1141 1656 1283 1732; x_wconf 71' lang='grc' dir='ltr'>ἐπαγαγεῖν</span> <span class='ocrx_word' id='word_1_180' title='bbox 1303 1654 1344 1733; x_wconf 77' lang='grc' dir='ltr'>ἐρ’</span> <span class='ocrx_word' id='word_1_181' title='bbox 1358 1656 1430 1729; x_wconf 72' lang='grc' dir='ltr'>ἡμᾶς</span> <span class='ocrx_word' id='word_1_182' title='bbox 1450 1650 1483 1710; x_wconf 89' lang='grc' dir='ltr'>τδ</span> <span class='ocrx_word' id='word_1_183' title='bbox 1506 1639 1576 1726; x_wconf 78' lang='grc' dir='ltr'>αἷμα</span> <span class='ocrx_word' id='word_1_184' title='bbox 1598 1652 1643 1706; x_wconf 82' lang='grc' dir='ltr'>εοῶ</span> 
     </span>
     <span class='ocr_line' id='line_1_15' title="bbox 18 1737 1643 1827; baseline -0.004 -22"><span class='ocrx_word' id='word_1_185' title='bbox 18 1783 40 1812; x_wconf 75' lang='grc' dir='ltr'>ν,</span> <span class='ocrx_word' id='word_1_186' title='bbox 49 1761 85 1827; x_wconf 71' lang='lat'>14.</span> <span class='ocrx_word' id='word_1_187' title='bbox 94 1744 216 1805; x_wconf 80' lang='lat' dir='ltr'>illiterati</span> <span class='ocrx_word' id='word_1_188' title='bbox 227 1758 314 1804; x_wconf 90' lang='lat' dir='ltr'>essent</span> <span class='ocrx_word' id='word_1_189' title='bbox 326 1765 419 1803; x_wconf 91' lang='lat' dir='ltr'>omnes</span> <span class='ocrx_word' id='word_1_190' title='bbox 429 1742 561 1824; x_wconf 83' lang='lat' dir='ltr'>sapientes</span> <span class='ocrx_word' id='word_1_191' title='bbox 568 1745 718 1816; x_wconf 86' lang='lat' dir='ltr'>vincerent,</span> <span class='ocrx_word' id='word_1_192' title='bbox 728 1745 816 1803; x_wconf 85' lang='lat' dir='ltr'>Cum·</span> <span class='ocrx_word' id='word_1_193' title='bbox 871 1745 1008 1827; x_wconf 77' lang='grc' dir='ltr'>ἀνθρώπω</span> <span class='ocrx_word' id='word_1_194' title='bbox 1026 1744 1135 1816; x_wconf 74' lang='grc' dir='ltr'>τούτους</span> <span class='ocrx_word' id='word_1_195' title='bbox 1159 1743 1212 1802; x_wconf 83' lang='grc' dir='ltr'>Καί</span> <span class='ocrx_word' id='word_1_196' title='bbox 1226 1743 1288 1820; x_wconf 77' lang='grc' dir='ltr'>μὴν,</span> <span class='ocrx_word' id='word_1_197' title='bbox 1303 1747 1327 1803; x_wconf 80' lang='grc' dir='ltr'>εἰ</span> <span class='ocrx_word' id='word_1_198' title='bbox 1339 1740 1477 1821; x_wconf 79' lang='grc' dir='ltr'>ἅνθρωπός</span> <span class='ocrx_word' id='word_1_199' title='bbox 1487 1743 1548 1800; x_wconf 75' lang='grc' dir='ltr'>ἐστι</span> <span class='ocrx_word' id='word_1_200' title='bbox 1560 1737 1643 1819; x_wconf 71' lang='grc' dir='ltr'>ψιλός,</span> 
     </span>
     <span class='ocr_line' id='line_1_16' title="bbox 96 1826 1643 1923; baseline -0.001 -28"><span class='ocrx_word' id='word_1_201' title='bbox 96 1857 154 1919; x_wconf 83' lang='lat' dir='ltr'>qne</span> <span class='ocrx_word' id='word_1_202' title='bbox 167 1837 314 1894; x_wconf 81' lang='lat' dir='ltr'>bominem</span> <span class='ocrx_word' id='word_1_203' title='bbox 333 1848 494 1910; x_wconf 85' lang='lat' dir='ltr'>cernerent,</span> <span class='ocrx_word' id='word_1_204' title='bbox 515 1839 566 1914; x_wconf 83' lang='lat' dir='ltr'>qui</span> <span class='ocrx_word' id='word_1_205' title='bbox 588 1847 712 1894; x_wconf 81' lang='lat' dir='ltr'>sanatus</span> <span class='ocrx_word' id='word_1_206' title='bbox 739 1847 814 1910; x_wconf 84' lang='lat' dir='ltr'>erat,</span> <span class='ocrx_word' id='word_1_207' title='bbox 870 1840 896 1900; x_wconf 69' lang='grc' dir='ltr'>τί</span> <span class='ocrx_word' id='word_1_208' title='bbox 909 1839 1026 1905; x_wconf 68' lang='grc' dir='ltr'>δέδοικας</span> <span class='ocrx_word' id='word_1_209' title='bbox 1040 1841 1119 1896; x_wconf 80' lang='grc' dir='ltr'>ουλτοῦ</span> <span class='ocrx_word' id='word_1_210' title='bbox 1129 1836 1160 1895; x_wconf 81' lang='grc' dir='ltr'>τὸ</span> <span class='ocrx_word' id='word_1_211' title='bbox 1173 1826 1258 1923; x_wconf 75' lang='grc' dir='ltr'>αἴρας</span> <span class='ocrx_word' id='word_1_212' title='bbox 1272 1835 1369 1903; x_wconf 86' lang='grc' dir='ltr'>πόσους</span> <span class='ocrx_word' id='word_1_213' title='bbox 1383 1837 1485 1900; x_wconf 78' lang='grc' dir='ltr'>ἀνεῖλες</span> <span class='ocrx_word' id='word_1_214' title='bbox 1494 1831 1643 1912; x_wconf 74' lang='grc' dir='ltr'>προφήτας,</span> 
     </span>
     <span class='ocr_line' id='line_1_17' title="bbox 98 1918 1644 2009; baseline -0.001 -24"><span class='ocrx_word' id='word_1_215' title='bbox 98 1927 175 1985; x_wconf 78' lang='lat' dir='ltr'>ntott</span> <span class='ocrx_word' id='word_1_216' title='bbox 185 1938 324 2007; x_wconf 83' lang='lat' dir='ltr'>poterant</span> <span class='ocrx_word' id='word_1_217' title='bbox 332 1927 542 1997; x_wconf 81' lang='lat' dir='ltr'>contradicere,</span> <span class='ocrx_word' id='word_1_218' title='bbox 550 1920 654 1984; x_wconf 80' lang='lat' dir='ltr'>tametsi</span> <span class='ocrx_word' id='word_1_219' title='bbox 665 1939 742 1985; x_wconf 89' lang='lat' dir='ltr'>antea</span> <span class='ocrx_word' id='word_1_220' title='bbox 752 1947 816 1986; x_wconf 93' lang='lat' dir='ltr'>con·</span> <span class='ocrx_word' id='word_1_221' title='bbox 871 1932 968 1999; x_wconf 73' lang='grc' dir='ltr'>πόσους</span> <span class='ocrx_word' id='word_1_222' title='bbox 988 1927 1102 2009; x_wconf 74' lang='grc' dir='ltr'>ἔπραξας</span> <span class='ocrx_word' id='word_1_223' title='bbox 1123 1926 1257 2002; x_wconf 82' lang='grc' dir='ltr'>δικαίους,</span> <span class='ocrx_word' id='word_1_224' title='bbox 1278 1918 1301 1987; x_wconf 76' lang='grc' dir='ltr'>ὦ</span> <span class='ocrx_word' id='word_1_225' title='bbox 1323 1927 1455 2000; x_wconf 75' lang='grc' dir='ltr'>Ἰουδαῖο,</span> <span class='ocrx_word' id='word_1_226' title='bbox 1477 1924 1525 1985; x_wconf 80' lang='grc' dir='ltr'>καί</span> <span class='ocrx_word' id='word_1_227' title='bbox 1544 1922 1644 1990; x_wconf 76' lang='grc' dir='ltr'>οὖδενδς</span> 
     </span>
     <span class='ocr_line' id='line_1_18' title="bbox 96 2011 1645 2110; baseline 0.001 -33"><span class='ocrx_word' id='word_1_228' title='bbox 96 2016 265 2078; x_wconf 85' lang='lat' dir='ltr'>tradicebant</span> <span class='ocrx_word' id='word_1_229' title='bbox 277 2037 339 2110; x_wconf 77' lang='lat' dir='ltr'>cum</span> <span class='ocrx_word' id='word_1_230' title='bbox 346 2017 422 2095; x_wconf 77' lang='lat' dir='ltr'>signa</span> <span class='ocrx_word' id='word_1_231' title='bbox 440 2016 498 2075; x_wconf 88' lang='lat' dir='ltr'>lieri</span> <span class='ocrx_word' id='word_1_232' title='bbox 513 2015 646 2076; x_wconf 85' lang='lat' dir='ltr'>viderent.</span> <span class='ocrx_word' id='word_1_233' title='bbox 658 2017 715 2076; x_wconf 91' lang='lat' dir='ltr'>Cur</span> <span class='ocrx_word' id='word_1_234' title='bbox 731 2017 817 2096; x_wconf 82' lang='lat' dir='ltr'>igitur</span> <span class='ocrx_word' id='word_1_235' title='bbox 834 2033 853 2081; x_wconf 85' lang='lat' dir='ltr'>n</span> <span class='ocrx_word' id='word_1_236' title='bbox 872 2020 1002 2083; x_wconf 77' lang='grc' dir='ltr'>αὐτῶντὸ</span> <span class='ocrx_word' id='word_1_237' title='bbox 1014 2011 1081 2097; x_wconf 80' lang='grc' dir='ltr'>αἷμα</span> <span class='ocrx_word' id='word_1_238' title='bbox 1094 2019 1238 2100; x_wconf 55' lang='lat' dir='ltr'>{peditam</span> <span class='ocrx_word' id='word_1_239' title='bbox 1251 2018 1321 2086; x_wconf 86' lang='grc' dir='ltr'>τίνας</span> <span class='ocrx_word' id='word_1_240' title='bbox 1332 2018 1419 2078; x_wconf 80' lang='grc' dir='ltr'>ἕνεκεν</span> <span class='ocrx_word' id='word_1_241' title='bbox 1431 2021 1546 2078; x_wconf 80' lang='grc' dir='ltr'>ἐνταῦθα</span> <span class='ocrx_word' id='word_1_242' title='bbox 1560 2013 1629 2096; x_wconf 69' lang='grc' dir='ltr'>φθῇ</span> <span class='ocrx_word' id='word_1_243' title='bbox 1636 2037 1645 2086; x_wconf 71' lang='lat'>3</span> 
     </span>
     <span class='ocr_line' id='line_1_19' title="bbox 96 2105 1646 2189; baseline -0.003 -19"><span class='ocrx_word' id='word_1_244' title='bbox 96 2123 157 2170; x_wconf 89' lang='lat' dir='ltr'>tum</span> <span class='ocrx_word' id='word_1_245' title='bbox 168 2107 280 2168; x_wconf 88' lang='lat' dir='ltr'>minime</span> <span class='ocrx_word' id='word_1_246' title='bbox 295 2107 816 2169; x_wconf 86' lang='lat' dir='ltr'>contradicebant?Cohibebatillornm</span> <span class='ocrx_word' id='word_1_247' title='bbox 873 2114 1034 2175; x_wconf 87' lang='grc' dir='ltr'>Ιίατέσεισεν</span> <span class='ocrx_word' id='word_1_248' title='bbox 1057 2114 1141 2171; x_wconf 80' lang='grc' dir='ltr'>αὐτῶν</span> <span class='ocrx_word' id='word_1_249' title='bbox 1161 2110 1241 2177; x_wconf 81' lang='grc' dir='ltr'>ὄντως</span> <span class='ocrx_word' id='word_1_250' title='bbox 1264 2110 1296 2170; x_wconf 82' lang='grc' dir='ltr'>εδ</span> <span class='ocrx_word' id='word_1_251' title='bbox 1311 2110 1454 2176; x_wconf 80' lang='grc' dir='ltr'>αυνειδδςθ</span> <span class='ocrx_word' id='word_1_252' title='bbox 1471 2105 1646 2189; x_wconf 80' lang='grc' dir='ltr'>σταυρινθεὶς,</span> 
     </span>
     <span class='ocr_line' id='line_1_20' title="bbox 97 2194 1648 2288; baseline -0.002 -28"><span class='ocrx_word' id='word_1_253' title='bbox 97 2200 222 2281; x_wconf 76' lang='lat' dir='ltr'>lingnam</span> <span class='ocrx_word' id='word_1_254' title='bbox 229 2200 317 2259; x_wconf 78' lang='lat' dir='ltr'>virtus</span> <span class='ocrx_word' id='word_1_255' title='bbox 327 2199 476 2260; x_wconf 87' lang='lat' dir='ltr'>invisibilis</span> <span class='ocrx_word' id='word_1_256' title='bbox 484 2200 677 2288; x_wconf 68' lang='lat' dir='ltr'>crucifixmille</span> <span class='ocrx_word' id='word_1_257' title='bbox 684 2222 714 2261; x_wconf 91' lang='lat' dir='ltr'>os</span> <span class='ocrx_word' id='word_1_258' title='bbox 722 2223 817 2262; x_wconf 89' lang='lat' dir='ltr'>eorum</span> <span class='ocrx_word' id='word_1_259' title='bbox 873 2208 919 2267; x_wconf 78' lang='grc' dir='ltr'>καί</span> <span class='ocrx_word' id='word_1_260' title='bbox 932 2205 981 2278; x_wconf 80' lang='grc' dir='ltr'>τὴν</span> <span class='ocrx_word' id='word_1_261' title='bbox 998 2204 1112 2284; x_wconf 84' lang='grc' dir='ltr'>ἀγωνίαν</span> <span class='ocrx_word' id='word_1_262' title='bbox 1127 2205 1159 2276; x_wconf 78' lang='grc' dir='ltr'>ἣν</span> <span class='ocrx_word' id='word_1_263' title='bbox 1171 2194 1242 2283; x_wconf 79' lang='grc' dir='ltr'>εἶχεν</span> <span class='ocrx_word' id='word_1_264' title='bbox 1256 2202 1354 2282; x_wconf 80' lang='grc' dir='ltr'>αρόψτι</span> <span class='ocrx_word' id='word_1_265' title='bbox 1368 2203 1405 2281; x_wconf 74' lang='grc' dir='ltr'>μίν</span> <span class='ocrx_word' id='word_1_266' title='bbox 1424 2200 1585 2278; x_wconf 73' lang='grc' dir='ltr'>δυνάμενοι,</span> <span class='ocrx_word' id='word_1_267' title='bbox 1602 2197 1648 2258; x_wconf 79' lang='grc' dir='ltr'>καί</span> 
     </span>
     <span class='ocr_line' id='line_1_21' title="bbox 99 2288 1646 2377; baseline -0.001 -24"><span class='ocrx_word' id='word_1_268' title='bbox 99 2291 251 2366; x_wconf 86' lang='lat' dir='ltr'>obturabat,</span> <span class='ocrx_word' id='word_1_269' title='bbox 265 2290 312 2351; x_wconf 91' lang='lat' dir='ltr'>ille</span> <span class='ocrx_word' id='word_1_270' title='bbox 327 2290 478 2351; x_wconf 86' lang='lat' dir='ltr'>libertatem</span> <span class='ocrx_word' id='word_1_271' title='bbox 491 2291 518 2350; x_wconf 92' lang='lat' dir='ltr'>in</span> <span class='ocrx_word' id='word_1_272' title='bbox 533 2291 648 2352; x_wconf 90' lang='lat' dir='ltr'>dicendo</span> <span class='ocrx_word' id='word_1_273' title='bbox 667 2314 818 2374; x_wconf 86' lang='lat' dir='ltr'>compesce·</span> <span class='ocrx_word' id='word_1_274' title='bbox 873 2301 980 2365; x_wconf 73' lang='grc' dir='ltr'>ἄκοντες</span> <span class='ocrx_word' id='word_1_275' title='bbox 1009 2296 1054 2357; x_wconf 70' lang='grc' dir='ltr'>ἐπὶ</span> <span class='ocrx_word' id='word_1_276' title='bbox 1088 2300 1141 2354; x_wconf 89' lang='grc' dir='ltr'>τῶν</span> <span class='ocrx_word' id='word_1_277' title='bbox 1164 2297 1266 2377; x_wconf 74' lang='grc' dir='ltr'>ἐχθρῶν</span> <span class='ocrx_word' id='word_1_278' title='bbox 1288 2296 1446 2373; x_wconf 77' lang='grc' dir='ltr'>δρολαγοῶσι</span> <span class='ocrx_word' id='word_1_279' title='bbox 1472 2292 1522 2364; x_wconf 69' lang='grc' dir='ltr'>τὴν</span> <span class='ocrx_word' id='word_1_280' title='bbox 1548 2288 1646 2352; x_wconf 65' lang='lat' dir='ltr'>dulei</span> 
     </span>
     <span class='ocr_line' id='line_1_22' title="bbox 98 2379 1647 2466; baseline 0 -23"><span class='ocrx_word' id='word_1_281' title='bbox 98 2383 314 2465; x_wconf 79' lang='lat' dir='ltr'>batapropterea</span> <span class='ocrx_word' id='word_1_282' title='bbox 329 2382 445 2456; x_wconf 87' lang='lat' dir='ltr'>stabant,</span> <span class='ocrx_word' id='word_1_283' title='bbox 457 2403 543 2460; x_wconf 87' lang='lat' dir='ltr'>neque</span> <span class='ocrx_word' id='word_1_284' title='bbox 563 2396 687 2463; x_wconf 84' lang='lat' dir='ltr'>poterant</span> <span class='ocrx_word' id='word_1_285' title='bbox 707 2398 817 2444; x_wconf 88' lang='lat' dir='ltr'>eontra·</span> <span class='ocrx_word' id='word_1_286' title='bbox 873 2389 1019 2452; x_wconf 67' lang='grc' dir='ltr'>ἀσθένειαν.</span> <span class='ocrx_word' id='word_1_287' title='bbox 1046 2386 1101 2446; x_wconf 83' lang='grc' dir='ltr'>Καί</span> <span class='ocrx_word' id='word_1_288' title='bbox 1118 2385 1162 2447; x_wconf 80' lang='grc' dir='ltr'>ὅτι</span> <span class='ocrx_word' id='word_1_289' title='bbox 1184 2384 1232 2463; x_wconf 70' lang='lat' dir='ltr'>ple</span> <span class='ocrx_word' id='word_1_290' title='bbox 1252 2385 1394 2466; x_wconf 81' lang='grc' dir='ltr'>ἐσταύρουν</span> <span class='ocrx_word' id='word_1_291' title='bbox 1411 2384 1490 2442; x_wconf 81' lang='grc' dir='ltr'>αὐτὸν</span> <span class='ocrx_word' id='word_1_292' title='bbox 1506 2382 1591 2443; x_wconf 76' lang='grc' dir='ltr'>ἐόόιυν</span> <span class='ocrx_word' id='word_1_293' title='bbox 1600 2379 1647 2440; x_wconf 71' lang='grc' dir='ltr'>λί-</span> 
     </span>
     <span class='ocr_line' id='line_1_23' title="bbox 98 2468 1646 2561; baseline -0.003 -25"><span class='ocrx_word' id='word_1_294' title='bbox 98 2474 461 2536; x_wconf 85' lang='lat' dir='ltr'>dicere.Cumautemverba</span> <span class='ocrx_word' id='word_1_295' title='bbox 475 2474 555 2534; x_wconf 87' lang='lat' dir='ltr'>etiam</span> <span class='ocrx_word' id='word_1_296' title='bbox 566 2474 818 2556; x_wconf 83' lang='lat' dir='ltr'>protulerunt,vide</span> <span class='ocrx_word' id='word_1_297' title='bbox 873 2504 980 2561; x_wconf 85' lang='grc' dir='ltr'>γοντες,</span> <span class='ocrx_word' id='word_1_298' title='bbox 1002 2478 1044 2539; x_wconf 79' lang='lat' dir='ltr'>Tb</span> <span class='ocrx_word' id='word_1_299' title='bbox 1066 2468 1135 2556; x_wconf 75' lang='grc' dir='ltr'>αἷμα</span> <span class='ocrx_word' id='word_1_300' title='bbox 1150 2481 1229 2541; x_wconf 73' lang='grc' dir='ltr'>αὐτοῦ</span> <span class='ocrx_word' id='word_1_301' title='bbox 1245 2479 1285 2558; x_wconf 73' lang='grc' dir='ltr'>ἐφ’</span> <span class='ocrx_word' id='word_1_302' title='bbox 1304 2481 1375 2553; x_wconf 75' lang='grc' dir='ltr'>ἡμᾶς</span> <span class='ocrx_word' id='word_1_303' title='bbox 1394 2474 1441 2534; x_wconf 80' lang='grc' dir='ltr'>καί</span> <span class='ocrx_word' id='word_1_304' title='bbox 1457 2473 1503 2540; x_wconf 80' lang='lat' dir='ltr'>fni</span> <span class='ocrx_word' id='word_1_305' title='bbox 1521 2473 1557 2532; x_wconf 80' lang='grc' dir='ltr'>τίε</span> <span class='ocrx_word' id='word_1_306' title='bbox 1567 2472 1646 2531; x_wconf 76' lang='grc' dir='ltr'>τέκνα</span> 
     </span>
     <span class='ocr_line' id='line_1_24' title="bbox 14 2562 1647 2651; baseline -0.004 -22"><span class='ocrx_word' id='word_1_307' title='bbox 14 2591 38 2639; x_wconf 77' lang='lat'>5,</span> <span class='ocrx_word' id='word_1_308' title='bbox 50 2591 89 2642; x_wconf 61' lang='grc' dir='ltr'>νε,</span> <span class='ocrx_word' id='word_1_309' title='bbox 99 2590 154 2650; x_wconf 80' lang='lat' dir='ltr'>quo</span> <span class='ocrx_word' id='word_1_310' title='bbox 171 2582 251 2650; x_wconf 87' lang='lat' dir='ltr'>pacto</span> <span class='ocrx_word' id='word_1_311' title='bbox 271 2581 374 2627; x_wconf 88' lang='lat' dir='ltr'>metum</span> <span class='ocrx_word' id='word_1_312' title='bbox 393 2588 473 2627; x_wconf 91' lang='lat' dir='ltr'>sunm</span> <span class='ocrx_word' id='word_1_313' title='bbox 487 2568 630 2628; x_wconf 80' lang='lat' dir='ltr'>fateantur.</span> <span class='ocrx_word' id='word_1_314' title='bbox 654 2571 761 2644; x_wconf 79' lang='lat' dir='ltr'>Vultis,</span> <span class='ocrx_word' id='word_1_315' title='bbox 774 2569 819 2629; x_wconf 89' lang='lat' dir='ltr'>in·</span> <span class='ocrx_word' id='word_1_316' title='bbox 873 2576 964 2651; x_wconf 74' lang='grc' dir='ltr'>ἡμῶν·</span> <span class='ocrx_word' id='word_1_317' title='bbox 989 2571 1058 2631; x_wconf 76' lang='grc' dir='ltr'>οὕτω</span> <span class='ocrx_word' id='word_1_318' title='bbox 1077 2569 1252 2650; x_wconf 84' lang='grc' dir='ltr'>κατεφρόνουν</span> <span class='ocrx_word' id='word_1_319' title='bbox 1268 2577 1314 2630; x_wconf 80' lang='grc' dir='ltr'>τοῦ</span> <span class='ocrx_word' id='word_1_320' title='bbox 1328 2567 1440 2644; x_wconf 76' lang='grc' dir='ltr'>αἵματος</span> <span class='ocrx_word' id='word_1_321' title='bbox 1456 2569 1546 2625; x_wconf 81' lang='grc' dir='ltr'>αθτοῖ.</span> <span class='ocrx_word' id='word_1_322' title='bbox 1569 2562 1647 2624; x_wconf 70' lang='lat' dir='ltr'>ilerd</span> 
     </span>
     <span class='ocr_line' id='line_1_25' title="bbox 100 2655 1648 2744; baseline -0.004 -24"><span class='ocrx_word' id='word_1_323' title='bbox 100 2660 208 2742; x_wconf 85' lang='lat' dir='ltr'>quiunt,</span> <span class='ocrx_word' id='word_1_324' title='bbox 218 2656 358 2718; x_wconf 80' lang='lat' dir='ltr'>inducere</span> <span class='ocrx_word' id='word_1_325' title='bbox 367 2679 454 2740; x_wconf 81' lang='lat' dir='ltr'>super</span> <span class='ocrx_word' id='word_1_326' title='bbox 468 2679 521 2718; x_wconf 88' lang='lat' dir='ltr'>nos</span> <span class='ocrx_word' id='word_1_327' title='bbox 534 2663 710 2739; x_wconf 83' lang='lat' dir='ltr'>sanguinem</span> <span class='ocrx_word' id='word_1_328' title='bbox 723 2662 819 2719; x_wconf 83' lang='lat' dir='ltr'>bomi-</span> <span class='ocrx_word' id='word_1_329' title='bbox 874 2665 902 2724; x_wconf 79' lang='grc' dir='ltr'>δὲ</span> <span class='ocrx_word' id='word_1_330' title='bbox 922 2665 967 2725; x_wconf 79' lang='grc' dir='ltr'>τὸν</span> <span class='ocrx_word' id='word_1_331' title='bbox 990 2663 1103 2744; x_wconf 90' lang='grc' dir='ltr'>σταυρδν</span> <span class='ocrx_word' id='word_1_332' title='bbox 1123 2663 1221 2728; x_wconf 77' lang='grc' dir='ltr'>ἰδόντες</span> <span class='ocrx_word' id='word_1_333' title='bbox 1244 2662 1323 2720; x_wconf 80' lang='grc' dir='ltr'>αὐτοῦ</span> <span class='ocrx_word' id='word_1_334' title='bbox 1343 2657 1392 2731; x_wconf 64' lang='lat' dir='ltr'>aba</span> <span class='ocrx_word' id='word_1_335' title='bbox 1409 2655 1648 2735; x_wconf 73' lang='grc' dir='ltr'>δόναμινδιαλιίγε·</span> 
     </span>
     <span class='ocr_line' id='line_1_26' title="bbox 97 2746 1647 2850; baseline -0.005 -37"><span class='ocrx_word' id='word_1_336' title='bbox 97 2757 147 2826; x_wconf 82' lang='lat' dir='ltr'>¹nis</span> <span class='ocrx_word' id='word_1_337' title='bbox 158 2756 266 2812; x_wconf 82' lang='lat' dir='ltr'>istius?</span> <span class='ocrx_word' id='word_1_338' title='bbox 280 2753 314 2810; x_wconf 83' lang='lat' dir='ltr'>tt</span> <span class='ocrx_word' id='word_1_339' title='bbox 326 2750 428 2809; x_wconf 89' lang='lat' dir='ltr'>enimsi</span> <span class='ocrx_word' id='word_1_340' title='bbox 439 2749 530 2809; x_wconf 88' lang='lat' dir='ltr'>nudus</span> <span class='ocrx_word' id='word_1_341' title='bbox 544 2749 629 2811; x_wconf 89' lang='lat' dir='ltr'>horno</span> <span class='ocrx_word' id='word_1_342' title='bbox 642 2765 691 2827; x_wconf 83' lang='lat' dir='ltr'>est,</span> <span class='ocrx_word' id='word_1_343' title='bbox 704 2753 820 2832; x_wconf 85' lang='lat' dir='ltr'>curejus</span> <span class='ocrx_word' id='word_1_344' title='bbox 836 2808 860 2850; x_wconf 41' lang='grc' dir='ltr'>γε</span> <span class='ocrx_word' id='word_1_345' title='bbox 874 2779 985 2826; x_wconf 88' lang='grc' dir='ltr'>πουοαν,</span> <span class='ocrx_word' id='word_1_346' title='bbox 1001 2755 1142 2835; x_wconf 77' lang='grc' dir='ltr'>ροόοῦνται</span> <span class='ocrx_word' id='word_1_347' title='bbox 1154 2752 1201 2811; x_wconf 78' lang='grc' dir='ltr'>καὶ</span> <span class='ocrx_word' id='word_1_348' title='bbox 1215 2754 1349 2831; x_wconf 80' lang='grc' dir='ltr'>ἀγωνιῶσι</span> <span class='ocrx_word' id='word_1_349' title='bbox 1360 2796 1369 2825; x_wconf 89' lang='grc'>,</span> <span class='ocrx_word' id='word_1_350' title='bbox 1382 2748 1428 2808; x_wconf 81' lang='grc' dir='ltr'>καί</span> <span class='ocrx_word' id='word_1_351' title='bbox 1441 2747 1565 2826; x_wconf 72' lang='grc' dir='ltr'>λέγουσι</span> <span class='ocrx_word' id='word_1_352' title='bbox 1580 2746 1647 2806; x_wconf 83' lang='grc' dir='ltr'>Βοό-</span> 
     </span>
     <span class='ocr_line' id='line_1_27' title="bbox 99 2833 1647 2925; baseline -0.002 -21"><span class='ocrx_word' id='word_1_353' title='bbox 99 2843 257 2923; x_wconf 76' lang='lat' dir='ltr'>sanguinem</span> <span class='ocrx_word' id='word_1_354' title='bbox 271 2841 456 2924; x_wconf 76' lang='lat' dir='ltr'>pertimescis?</span> <span class='ocrx_word' id='word_1_355' title='bbox 471 2862 553 2919; x_wconf 86' lang='lat' dir='ltr'>quam</span> <span class='ocrx_word' id='word_1_356' title='bbox 566 2843 821 2924; x_wconf 87' lang='lat' dir='ltr'>multospmphetas</span> <span class='ocrx_word' id='word_1_357' title='bbox 838 2869 859 2913; x_wconf 73' lang='grc' dir='ltr'>,ς</span> <span class='ocrx_word' id='word_1_358' title='bbox 874 2852 951 2909; x_wconf 65' lang='lat' dir='ltr'>tecte</span> <span class='ocrx_word' id='word_1_359' title='bbox 973 2849 1116 2925; x_wconf 74' lang='grc' dir='ltr'>ἐπαγαγεῖν</span> <span class='ocrx_word' id='word_1_360' title='bbox 1137 2846 1178 2924; x_wconf 80' lang='grc' dir='ltr'>ἐρ’</span> <span class='ocrx_word' id='word_1_361' title='bbox 1202 2847 1274 2920; x_wconf 71' lang='grc' dir='ltr'>ἡμᾶς</span> <span class='ocrx_word' id='word_1_362' title='bbox 1293 2843 1324 2903; x_wconf 86' lang='grc' dir='ltr'>τδ</span> <span class='ocrx_word' id='word_1_363' title='bbox 1347 2833 1415 2918; x_wconf 80' lang='grc' dir='ltr'>αἷμα</span> <span class='ocrx_word' id='word_1_364' title='bbox 1437 2848 1484 2900; x_wconf 79' lang='grc' dir='ltr'>τοῦ</span> <span class='ocrx_word' id='word_1_365' title='bbox 1511 2838 1647 2919; x_wconf 69' lang='grc' dir='ltr'>ἀνθρώπω</span> 
     </span>
     <span class='ocr_line' id='line_1_28' title="bbox 99 2925 1647 3017; baseline -0.005 -21"><span class='ocrx_word' id='word_1_366' title='bbox 99 2935 236 3012; x_wconf 88' lang='lat' dir='ltr'>occidisti,</span> <span class='ocrx_word' id='word_1_367' title='bbox 250 2956 331 3013; x_wconf 88' lang='lat' dir='ltr'>quam</span> <span class='ocrx_word' id='word_1_368' title='bbox 344 2933 444 2993; x_wconf 83' lang='lat' dir='ltr'>multos</span> <span class='ocrx_word' id='word_1_369' title='bbox 454 2933 542 3014; x_wconf 88' lang='lat' dir='ltr'>justos</span> <span class='ocrx_word' id='word_1_370' title='bbox 552 2933 698 3013; x_wconf 72' lang='lat' dir='ltr'>jugulasti,</span> <span class='ocrx_word' id='word_1_371' title='bbox 713 2933 818 3014; x_wconf 83' lang='lat' dir='ltr'>Judaee,</span> <span class='ocrx_word' id='word_1_372' title='bbox 835 3009 838 3017; x_wconf 27' lang='grc' dir='ltr'>Ι</span> <span class='ocrx_word' id='word_1_373' title='bbox 874 2939 980 3012; x_wconf 72' lang='grc' dir='ltr'>τούτους</span> <span class='ocrx_word' id='word_1_374' title='bbox 999 2937 1094 2998; x_wconf 80' lang='grc' dir='ltr'>Καίτοι</span> <span class='ocrx_word' id='word_1_375' title='bbox 1106 2959 1136 3016; x_wconf 91' lang='grc' dir='ltr'>γε</span> <span class='ocrx_word' id='word_1_376' title='bbox 1154 2937 1177 2994; x_wconf 82' lang='grc' dir='ltr'>εἰ</span> <span class='ocrx_word' id='word_1_377' title='bbox 1191 2934 1291 3002; x_wconf 78' lang='grc' dir='ltr'>πλάνος</span> <span class='ocrx_word' id='word_1_378' title='bbox 1306 2925 1338 3008; x_wconf 69' lang='grc' dir='ltr'>ἤν</span> <span class='ocrx_word' id='word_1_379' title='bbox 1353 2932 1399 2992; x_wconf 80' lang='grc' dir='ltr'>καί</span> <span class='ocrx_word' id='word_1_380' title='bbox 1413 2931 1543 3004; x_wconf 79' lang='grc' dir='ltr'>ἀντίθεος,</span> <span class='ocrx_word' id='word_1_381' title='bbox 1563 2929 1647 2996; x_wconf 75' lang='grc' dir='ltr'>καθώς</span> 
     </span>
     <span class='ocr_line' id='line_1_29' title="bbox 100 3024 1646 3113; baseline -0.012 -25"><span class='ocrx_word' id='word_1_382' title='bbox 100 3048 149 3088; x_wconf 90' lang='lat' dir='ltr'>nec</span> <span class='ocrx_word' id='word_1_383' title='bbox 157 3027 241 3087; x_wconf 89' lang='lat' dir='ltr'>ullius</span> <span class='ocrx_word' id='word_1_384' title='bbox 249 3028 359 3086; x_wconf 92' lang='lat' dir='ltr'>illorum</span> <span class='ocrx_word' id='word_1_385' title='bbox 379 3025 538 3105; x_wconf 80' lang='lat' dir='ltr'>sanguinem</span> <span class='ocrx_word' id='word_1_386' title='bbox 551 3025 754 3086; x_wconf 73' lang='lat' dir='ltr'>reformidasti?</span> <span class='ocrx_word' id='word_1_387' title='bbox 772 3049 822 3089; x_wconf 91' lang='lat' dir='ltr'>eur</span> <span class='ocrx_word' id='word_1_388' title='bbox 876 3056 956 3113; x_wconf 76' lang='grc' dir='ltr'>ρατι,</span> <span class='ocrx_word' id='word_1_389' title='bbox 979 3029 1103 3090; x_wconf 88' lang='grc' dir='ltr'>Ἰουδαῖοι</span> <span class='ocrx_word' id='word_1_390' title='bbox 1127 3025 1293 3108; x_wconf 71' lang='grc' dir='ltr'>παράνομοι,</span> <span class='ocrx_word' id='word_1_391' title='bbox 1315 3024 1384 3092; x_wconf 85' lang='grc' dir='ltr'>τίνος</span> <span class='ocrx_word' id='word_1_392' title='bbox 1401 3024 1489 3083; x_wconf 74' lang='grc' dir='ltr'>ἔνεπεν</span> <span class='ocrx_word' id='word_1_393' title='bbox 1512 3026 1591 3082; x_wconf 78' lang='grc' dir='ltr'>αὐτοῦ</span> <span class='ocrx_word' id='word_1_394' title='bbox 1608 3024 1646 3080; x_wconf 81' lang='grc' dir='ltr'>δε.</span> 
     </span>
     <span class='ocr_line' id='line_1_30' title="bbox 100 3110 1647 3199; baseline -0.005 -21"><span class='ocrx_word' id='word_1_395' title='bbox 100 3117 187 3199; x_wconf 77' lang='lat' dir='ltr'>igitur</span> <span class='ocrx_word' id='word_1_396' title='bbox 208 3117 255 3177; x_wconf 91' lang='lat' dir='ltr'>bic</span> <span class='ocrx_word' id='word_1_397' title='bbox 271 3116 449 3178; x_wconf 85' lang='lat' dir='ltr'>reformidas?</span> <span class='ocrx_word' id='word_1_398' title='bbox 467 3118 541 3179; x_wconf 87' lang='lat' dir='ltr'>Vere</span> <span class='ocrx_word' id='word_1_399' title='bbox 554 3116 744 3177; x_wconf 88' lang='lat' dir='ltr'>conscientiam</span> <span class='ocrx_word' id='word_1_400' title='bbox 766 3133 822 3179; x_wconf 91' lang='lat' dir='ltr'>ter·</span> <span class='ocrx_word' id='word_1_401' title='bbox 877 3123 982 3184; x_wconf 77' lang='grc' dir='ltr'>δαίνιατε</span> <span class='ocrx_word' id='word_1_402' title='bbox 1003 3121 1034 3181; x_wconf 89' lang='grc' dir='ltr'>τδ</span> <span class='ocrx_word' id='word_1_403' title='bbox 1053 3111 1134 3197; x_wconf 67' lang='lat' dir='ltr'>elnam</span> <span class='ocrx_word' id='word_1_404' title='bbox 1152 3116 1206 3177; x_wconf 78' lang='lat' dir='ltr'>ttet</span> <span class='ocrx_word' id='word_1_405' title='bbox 1218 3117 1270 3198; x_wconf 80' lang='grc' dir='ltr'>γὰρ</span> <span class='ocrx_word' id='word_1_406' title='bbox 1283 3115 1330 3176; x_wconf 77' lang='grc' dir='ltr'>καί</span> <span class='ocrx_word' id='word_1_407' title='bbox 1340 3112 1586 3195; x_wconf 68' lang='grc' dir='ltr'>ἐγκαλλωπίζεσθαι</span> <span class='ocrx_word' id='word_1_408' title='bbox 1597 3110 1647 3170; x_wconf 69' lang='lat' dir='ltr'>ter</span> 
     </span>
     <span class='ocr_line' id='line_1_31' title="bbox 100 3201 1644 3296; baseline -0.004 -28"><span class='ocrx_word' id='word_1_409' title='bbox 100 3208 177 3268; x_wconf 79' lang='grc' dir='ltr'>τείνει</span> <span class='ocrx_word' id='word_1_410' title='bbox 188 3209 299 3268; x_wconf 92' lang='lat' dir='ltr'>illorum</span> <span class='ocrx_word' id='word_1_411' title='bbox 321 3207 479 3283; x_wconf 81' lang='lat' dir='ltr'>crucifixus,</span> <span class='ocrx_word' id='word_1_412' title='bbox 490 3228 621 3287; x_wconf 88' lang='lat' dir='ltr'>suamque</span> <span class='ocrx_word' id='word_1_413' title='bbox 644 3209 822 3271; x_wconf 84' lang='lat' dir='ltr'>formidinem</span> <span class='ocrx_word' id='word_1_414' title='bbox 857 3237 858 3240; x_wconf 43' lang='lat'>¹</span> <span class='ocrx_word' id='word_1_415' title='bbox 876 3218 916 3296; x_wconf 82' lang='grc' dir='ltr'>τῷ</span> <span class='ocrx_word' id='word_1_416' title='bbox 934 3213 1023 3295; x_wconf 83' lang='grc' dir='ltr'>ρόνιρ,</span> <span class='ocrx_word' id='word_1_417' title='bbox 1043 3213 1067 3270; x_wconf 88' lang='grc' dir='ltr'>εί</span> <span class='ocrx_word' id='word_1_418' title='bbox 1084 3216 1200 3276; x_wconf 80' lang='grc' dir='ltr'>τοιοῦτος</span> <span class='ocrx_word' id='word_1_419' title='bbox 1214 3201 1256 3282; x_wconf 70' lang='grc' dir='ltr'>ἦν.</span> <span class='ocrx_word' id='word_1_420' title='bbox 1271 3209 1342 3268; x_wconf 83' lang='grc' dir='ltr'>Ἀλλ’</span> <span class='ocrx_word' id='word_1_421' title='bbox 1364 3205 1455 3278; x_wconf 76' lang='grc' dir='ltr'>ἐπειδὴ</span> <span class='ocrx_word' id='word_1_422' title='bbox 1472 3212 1589 3271; x_wconf 79' lang='grc' dir='ltr'>τοιοῦτος</span> <span class='ocrx_word' id='word_1_423' title='bbox 1602 3206 1644 3262; x_wconf 83' lang='grc' dir='ltr'>οιέι</span> 
     </span>
     <span class='ocr_line' id='line_1_32' title="bbox 100 3298 1230 3383; baseline -0.001 -23"><span class='ocrx_word' id='word_1_424' title='bbox 100 3319 164 3360; x_wconf 88' lang='lat' dir='ltr'>cum</span> <span class='ocrx_word' id='word_1_425' title='bbox 170 3300 366 3360; x_wconf 89' lang='lat' dir='ltr'>occultarenon</span> <span class='ocrx_word' id='word_1_426' title='bbox 380 3298 550 3380; x_wconf 81' lang='lat' dir='ltr'>possent,vel</span> <span class='ocrx_word' id='word_1_427' title='bbox 561 3301 642 3359; x_wconf 84' lang='lat' dir='ltr'>etiam</span> <span class='ocrx_word' id='word_1_428' title='bbox 653 3300 733 3361; x_wconf 89' lang='lat' dir='ltr'>inviti</span> <span class='ocrx_word' id='word_1_429' title='bbox 745 3324 823 3364; x_wconf 88' lang='lat' dir='ltr'>suam</span> <span class='ocrx_word' id='word_1_430' title='bbox 877 3300 920 3382; x_wconf 74' lang='lat' dir='ltr'>ila,</span> <span class='ocrx_word' id='word_1_431' title='bbox 934 3305 977 3365; x_wconf 80' lang='grc' dir='ltr'>διδ</span> <span class='ocrx_word' id='word_1_432' title='bbox 992 3311 1068 3365; x_wconf 76' lang='grc' dir='ltr'>τοῦτο</span> <span class='ocrx_word' id='word_1_433' title='bbox 1078 3300 1230 3383; x_wconf 67' lang='grc' dir='ltr'>τρέμουσιν,</span> 
     </span>
     <span class='ocr_line' id='line_1_33' title="bbox 100 3389 823 3462; baseline 0.003 -11"><span class='ocrx_word' id='word_1_434' title='bbox 100 3411 192 3451; x_wconf 86' lang='lat' dir='ltr'>coram</span> <span class='ocrx_word' id='word_1_435' title='bbox 202 3390 319 3450; x_wconf 90' lang='lat' dir='ltr'>inimicis</span> <span class='ocrx_word' id='word_1_436' title='bbox 330 3389 542 3462; x_wconf 77' lang='lat' dir='ltr'>imbecillitatem</span> <span class='ocrx_word' id='word_1_437' title='bbox 554 3389 684 3452; x_wconf 86' lang='lat' dir='ltr'>fatentur.</span> <span class='ocrx_word' id='word_1_438' title='bbox 705 3396 744 3452; x_wconf 81' lang='lat' dir='ltr'>Ac</span> <span class='ocrx_word' id='word_1_439' title='bbox 755 3391 823 3454; x_wconf 89' lang='lat' dir='ltr'>dum</span> 
     </span>
     <span class='ocr_line' id='line_1_34' title="bbox 23 3479 823 3561; baseline 0.005 -22"><span class='ocrx_word' id='word_1_440' title='bbox 23 3546 28 3555; x_wconf 48' lang='grc'>,</span> <span class='ocrx_word' id='word_1_441' title='bbox 100 3479 181 3540; x_wconf 89' lang='lat' dir='ltr'>illum</span> <span class='ocrx_word' id='word_1_442' title='bbox 192 3481 302 3560; x_wconf 86' lang='lat' dir='ltr'>quidem</span> <span class='ocrx_word' id='word_1_443' title='bbox 315 3481 513 3561; x_wconf 82' lang='lat' dir='ltr'>crucifigerent,</span> <span class='ocrx_word' id='word_1_444' title='bbox 527 3480 680 3540; x_wconf 86' lang='lat' dir='ltr'>clamabant</span> <span class='ocrx_word' id='word_1_445' title='bbox 694 3480 823 3557; x_wconf 90' lang='lat' dir='ltr'>dicentes,</span> 
     </span>
     <span class='ocr_line' id='line_1_35' title="bbox 6 3573 823 3664; baseline 0.001 -30"><span class='ocrx_word' id='word_1_446' title='bbox 6 3600 39 3645; x_wconf 71' lang='grc' dir='ltr'>νν,</span> <span class='ocrx_word' id='word_1_447' title='bbox 52 3612 91 3664; x_wconf 74' lang='lat'>2„</span> <span class='ocrx_word' id='word_1_448' title='bbox 101 3573 230 3654; x_wconf 80' lang='lat' dir='ltr'>Sanguis</span> <span class='ocrx_word' id='word_1_449' title='bbox 254 3579 317 3657; x_wconf 80' lang='lat' dir='ltr'>ejus</span> <span class='ocrx_word' id='word_1_450' title='bbox 341 3593 427 3655; x_wconf 87' lang='lat' dir='ltr'>super</span> <span class='ocrx_word' id='word_1_451' title='bbox 442 3593 503 3647; x_wconf 88' lang='lat' dir='ltr'>nos,</span> <span class='ocrx_word' id='word_1_452' title='bbox 528 3587 556 3633; x_wconf 91' lang='lat' dir='ltr'>et</span> <span class='ocrx_word' id='word_1_453' title='bbox 578 3575 757 3656; x_wconf 81' lang='lat' dir='ltr'>superfilios</span> <span class='ocrx_word' id='word_1_454' title='bbox 770 3596 823 3635; x_wconf 91' lang='lat' dir='ltr'>no-</span> 
     </span>
     <span class='ocr_line' id='line_1_36' title="bbox 101 3664 825 3745; baseline 0.003 -21"><span class='ocrx_word' id='word_1_455' title='bbox 101 3676 196 3734; x_wconf 85' lang='lat' dir='ltr'>stros,·</span> <span class='ocrx_word' id='word_1_456' title='bbox 217 3665 285 3726; x_wconf 89' lang='lat' dir='ltr'>adeo</span> <span class='ocrx_word' id='word_1_457' title='bbox 308 3664 471 3744; x_wconf 73' lang='lat' dir='ltr'>sanguinem</span> <span class='ocrx_word' id='word_1_458' title='bbox 494 3665 553 3745; x_wconf 90' lang='lat' dir='ltr'>ejus</span> <span class='ocrx_word' id='word_1_459' title='bbox 565 3666 736 3745; x_wconf 86' lang='lat' dir='ltr'>spernebant.</span> <span class='ocrx_word' id='word_1_460' title='bbox 760 3668 825 3726; x_wconf 91' lang='lat' dir='ltr'>Post</span> 
     </span>
     <span class='ocr_line' id='line_1_37' title="bbox 101 3755 824 3836; baseline 0.007 -23"><span class='ocrx_word' id='word_1_461' title='bbox 101 3755 252 3836; x_wconf 80' lang='lat' dir='ltr'>passionem</span> <span class='ocrx_word' id='word_1_462' title='bbox 259 3771 349 3817; x_wconf 89' lang='lat' dir='ltr'>autem</span> <span class='ocrx_word' id='word_1_463' title='bbox 357 3777 420 3816; x_wconf 89' lang='lat' dir='ltr'>cunr</span> <span class='ocrx_word' id='word_1_464' title='bbox 433 3756 824 3836; x_wconf 80' lang='lat' dir='ltr'>effulgentemilliusvirtutem</span> 
     </span>
     <span class='ocr_line' id='line_1_38' title="bbox 101 3845 824 3928; baseline 0.003 -24"><span class='ocrx_word' id='word_1_465' title='bbox 101 3845 253 3923; x_wconf 91' lang='lat' dir='ltr'>intuentur,</span> <span class='ocrx_word' id='word_1_466' title='bbox 267 3848 459 3928; x_wconf 88' lang='lat' dir='ltr'>pertimescunt</span> <span class='ocrx_word' id='word_1_467' title='bbox 477 3861 504 3905; x_wconf 94' lang='lat' dir='ltr'>et</span> <span class='ocrx_word' id='word_1_468' title='bbox 516 3861 638 3923; x_wconf 78' lang='lat' dir='ltr'>aestuant,</span> <span class='ocrx_word' id='word_1_469' title='bbox 652 3848 802 3928; x_wconf 87' lang='lat' dir='ltr'>dicuntque</span> <span class='ocrx_word' id='word_1_470' title='bbox 816 3873 824 3906; x_wconf 85' lang='grc' dir='ltr'>ι</span> 
     </span>
     <span class='ocr_line' id='line_1_39' title="bbox 104 3937 827 4019; baseline 0.004 -22"><span class='ocrx_word' id='word_1_471' title='bbox 104 3937 202 3997; x_wconf 81' lang='lat' dir='ltr'>Vultis</span> <span class='ocrx_word' id='word_1_472' title='bbox 227 3941 367 3998; x_wconf 81' lang='lat' dir='ltr'>inducere</span> <span class='ocrx_word' id='word_1_473' title='bbox 394 3943 571 4019; x_wconf 83' lang='lat' dir='ltr'>sangninem</span> <span class='ocrx_word' id='word_1_474' title='bbox 597 3940 726 3999; x_wconf 80' lang='lat' dir='ltr'>bominis</span> <span class='ocrx_word' id='word_1_475' title='bbox 743 3945 827 4001; x_wconf 80' lang='lat' dir='ltr'>istius</span> 
     </span>
     <span class='ocr_line' id='line_1_40' title="bbox 104 4027 826 4109; baseline 0.001 -19"><span class='ocrx_word' id='word_1_476' title='bbox 104 4048 193 4109; x_wconf 80' lang='lat' dir='ltr'>super</span> <span class='ocrx_word' id='word_1_477' title='bbox 201 4050 254 4089; x_wconf 86' lang='lat' dir='ltr'>nos</span> <span class='ocrx_word' id='word_1_478' title='bbox 264 4037 278 4088; x_wconf 73' lang='grc' dir='ltr'><em>Ρ</em></span> <span class='ocrx_word' id='word_1_479' title='bbox 290 4034 326 4090; x_wconf 78' lang='lat' dir='ltr'>tt</span> <span class='ocrx_word' id='word_1_480' title='bbox 336 4030 408 4090; x_wconf 87' lang='lat' dir='ltr'>enim</span> <span class='ocrx_word' id='word_1_481' title='bbox 418 4030 441 4090; x_wconf 84' lang='lat' dir='ltr'>si</span> <span class='ocrx_word' id='word_1_482' title='bbox 451 4027 576 4090; x_wconf 86' lang='lat' dir='ltr'>seductor</span> <span class='ocrx_word' id='word_1_483' title='bbox 586 4044 655 4106; x_wconf 88' lang='lat' dir='ltr'>erat,</span> <span class='ocrx_word' id='word_1_484' title='bbox 665 4044 689 4089; x_wconf 91' lang='lat' dir='ltr'>et</span> <span class='ocrx_word' id='word_1_485' title='bbox 697 4029 826 4091; x_wconf 83' lang='lat' dir='ltr'>adversa-</span> 
     </span>
     <span class='ocr_line' id='line_1_41' title="bbox 102 4119 825 4203; baseline 0.003 -23"><span class='ocrx_word' id='word_1_486' title='bbox 102 4119 163 4180; x_wconf 87' lang='lat' dir='ltr'>rius</span> <span class='ocrx_word' id='word_1_487' title='bbox 176 4121 239 4197; x_wconf 86' lang='lat' dir='ltr'>Dei,</span> <span class='ocrx_word' id='word_1_488' title='bbox 250 4136 332 4203; x_wconf 91' lang='lat' dir='ltr'>prout</span> <span class='ocrx_word' id='word_1_489' title='bbox 341 4121 443 4196; x_wconf 84' lang='lat' dir='ltr'>dicitis,</span> <span class='ocrx_word' id='word_1_490' title='bbox 457 4122 560 4182; x_wconf 86' lang='lat' dir='ltr'>scelesti</span> <span class='ocrx_word' id='word_1_491' title='bbox 571 4121 674 4197; x_wconf 80' lang='lat' dir='ltr'>Judaei,</span> <span class='ocrx_word' id='word_1_492' title='bbox 686 4141 769 4201; x_wconf 89' lang='lat' dir='ltr'>quam</span> <span class='ocrx_word' id='word_1_493' title='bbox 788 4123 825 4182; x_wconf 93' lang='lat' dir='ltr'>ob</span> 
     </span>
     <span class='ocr_line' id='line_1_42' title="bbox 103 4213 827 4296; baseline -0.003 -20"><span class='ocrx_word' id='word_1_494' title='bbox 103 4232 213 4276; x_wconf 73' lang='lat' dir='ltr'>eausam</span> <span class='ocrx_word' id='word_1_495' title='bbox 223 4213 380 4293; x_wconf 76' lang='lat' dir='ltr'>sanguinem</span> <span class='ocrx_word' id='word_1_496' title='bbox 389 4214 474 4296; x_wconf 91' lang='lat' dir='ltr'>ipsius</span> <span class='ocrx_word' id='word_1_497' title='bbox 481 4213 601 4274; x_wconf 86' lang='lat' dir='ltr'>timetis?</span> <span class='ocrx_word' id='word_1_498' title='bbox 614 4213 722 4273; x_wconf 86' lang='lat' dir='ltr'>Etenim</span> <span class='ocrx_word' id='word_1_499' title='bbox 735 4213 757 4273; x_wconf 85' lang='lat' dir='ltr'>ei</span> <span class='ocrx_word' id='word_1_500' title='bbox 764 4214 827 4274; x_wconf 88' lang='lat' dir='ltr'>talis</span> 
     </span>
     <span class='ocr_line' id='line_1_43' title="bbox 103 4302 829 4384; baseline 0.004 -21"><span class='ocrx_word' id='word_1_501' title='bbox 103 4318 173 4380; x_wconf 79' lang='lat' dir='ltr'>etat,</span> <span class='ocrx_word' id='word_1_502' title='bbox 190 4304 266 4364; x_wconf 89' lang='lat' dir='ltr'>illius</span> <span class='ocrx_word' id='word_1_503' title='bbox 279 4305 361 4365; x_wconf 91' lang='lat' dir='ltr'>etiam</span> <span class='ocrx_word' id='word_1_504' title='bbox 372 4307 459 4366; x_wconf 87' lang='lat' dir='ltr'>fuerat</span> <span class='ocrx_word' id='word_1_505' title='bbox 482 4305 555 4365; x_wconf 70' lang='lat' dir='ltr'>caede</span> <span class='ocrx_word' id='word_1_506' title='bbox 568 4302 752 4384; x_wconf 78' lang='lat' dir='ltr'>gloriandum.</span> <span class='ocrx_word' id='word_1_507' title='bbox 773 4304 829 4366; x_wconf 87' lang='lat' dir='ltr'>Sed</span> 
     </span>
     <span class='ocr_line' id='line_1_44' title="bbox 104 4394 708 4473; baseline 0.002 -20"><span class='ocrx_word' id='word_1_508' title='bbox 104 4394 232 4473; x_wconf 83' lang='lat' dir='ltr'>qnoniam</span> <span class='ocrx_word' id='word_1_509' title='bbox 245 4395 307 4456; x_wconf 91' lang='lat' dir='ltr'>talis</span> <span class='ocrx_word' id='word_1_510' title='bbox 320 4418 373 4458; x_wconf 89' lang='lat' dir='ltr'>non</span> <span class='ocrx_word' id='word_1_511' title='bbox 387 4411 454 4472; x_wconf 90' lang='lat' dir='ltr'>erat,</span> <span class='ocrx_word' id='word_1_512' title='bbox 467 4396 571 4456; x_wconf 90' lang='lat' dir='ltr'>idcirco</span> <span class='ocrx_word' id='word_1_513' title='bbox 579 4408 708 4455; x_wconf 91' lang='lat' dir='ltr'>tremunt.</span> 
     </span>
     <span class='ocr_line' id='line_1_45' title="bbox 144 4468 1649 4567; baseline 0.003 -23"><span class='ocrx_word' id='word_1_514' title='bbox 144 4485 176 4545; x_wconf 84' lang='lat'>9.</span> <span class='ocrx_word' id='word_1_515' title='bbox 201 4486 291 4546; x_wconf 84' lang='lat' dir='ltr'>Vides</span> <span class='ocrx_word' id='word_1_516' title='bbox 309 4487 467 4567; x_wconf 87' lang='lat' dir='ltr'>undiqueet</span> <span class='ocrx_word' id='word_1_517' title='bbox 481 4487 605 4547; x_wconf 89' lang='lat' dir='ltr'>inimicos</span> <span class='ocrx_word' id='word_1_518' title='bbox 620 4502 734 4547; x_wconf 76' lang='lat' dir='ltr'>estuare</span> <span class='ocrx_word' id='word_1_519' title='bbox 749 4487 829 4547; x_wconf 89' lang='lat' dir='ltr'>acti·</span> <span class='ocrx_word' id='word_1_520' title='bbox 923 4478 1006 4561; x_wconf 71' lang='grc' dir='ltr'>Ὁρᾷς</span> <span class='ocrx_word' id='word_1_521' title='bbox 1028 4475 1192 4558; x_wconf 70' lang='grc' dir='ltr'>πανταχόθεν</span> <span class='ocrx_word' id='word_1_522' title='bbox 1212 4474 1259 4536; x_wconf 70' lang='grc' dir='ltr'>καί</span> <span class='ocrx_word' id='word_1_523' title='bbox 1277 4471 1337 4541; x_wconf 63' lang='grc' dir='ltr'>τοὺς</span> <span class='ocrx_word' id='word_1_524' title='bbox 1357 4468 1467 4553; x_wconf 60' lang='grc' dir='ltr'>ἕχθρὼῖ</span> <span class='ocrx_word' id='word_1_525' title='bbox 1486 4471 1649 4549; x_wconf 51' lang='grc' dir='ltr'>ἇίωνῑῶηί</span> 
     </span>
     <span class='ocr_line' id='line_1_46' title="bbox 104 4556 1651 4644; baseline -0.003 -5"><span class='ocrx_word' id='word_1_526' title='bbox 104 4575 199 4639; x_wconf 79' lang='lat' dir='ltr'>mere?</span> <span class='ocrx_word' id='word_1_527' title='bbox 226 4576 304 4638; x_wconf 81' lang='lat' dir='ltr'>vides</span> <span class='ocrx_word' id='word_1_528' title='bbox 334 4579 446 4638; x_wconf 90' lang='lat' dir='ltr'>illorum</span> <span class='ocrx_word' id='word_1_529' title='bbox 477 4579 661 4639; x_wconf 83' lang='lat' dir='ltr'>anxietatem?</span> <span class='ocrx_word' id='word_1_530' title='bbox 696 4579 828 4639; x_wconf 83' lang='lat' dir='ltr'>Crucilixi</span> <span class='ocrx_word' id='word_1_531' title='bbox 883 4569 1103 4644; x_wconf 72' lang='lat' dir='ltr'>aaldefetno‘mt3</span> <span class='ocrx_word' id='word_1_532' title='bbox 1124 4560 1191 4636; x_wconf 69' lang='grc' dir='ltr'>εἶδες</span> <span class='ocrx_word' id='word_1_533' title='bbox 1208 4570 1294 4626; x_wconf 59' lang='lat' dir='ltr'>&amp;imit</span> <span class='ocrx_word' id='word_1_534' title='bbox 1308 4566 1356 4638; x_wconf 63' lang='lat' dir='ltr'>t&#39;lt</span> <span class='ocrx_word' id='word_1_535' title='bbox 1371 4561 1504 4642; x_wconf 59' lang='grc' dir='ltr'>ἆτωνίανῖ</span> <span class='ocrx_word' id='word_1_536' title='bbox 1520 4556 1651 4620; x_wconf 61' lang='grc' dir='ltr'>Μάθῑῑῑί</span> 
     </span>
     <span class='ocr_line' id='line_1_47' title="bbox 106 4647 1650 4750; baseline 0.003 -24"><span class='ocrx_word' id='word_1_537' title='bbox 106 4686 216 4746; x_wconf 83' lang='lat' dir='ltr'>quoque</span> <span class='ocrx_word' id='word_1_538' title='bbox 234 4667 430 4749; x_wconf 78' lang='lat' dir='ltr'>benignitatem</span> <span class='ocrx_word' id='word_1_539' title='bbox 452 4690 590 4750; x_wconf 80' lang='lat' dir='ltr'>cognosce.</span> <span class='ocrx_word' id='word_1_540' title='bbox 619 4668 763 4749; x_wconf 87' lang='lat' dir='ltr'>Siquidem</span> <span class='ocrx_word' id='word_1_541' title='bbox 786 4671 828 4730; x_wconf 94' lang='lat' dir='ltr'>illi</span> <span class='ocrx_word' id='word_1_542' title='bbox 882 4671 929 4725; x_wconf 80' lang='grc' dir='ltr'>τοῖν</span> <span class='ocrx_word' id='word_1_543' title='bbox 952 4660 1145 4742; x_wconf 59' lang='lat' dir='ltr'>cenopolim&lt;</span> <span class='ocrx_word' id='word_1_544' title='bbox 1166 4660 1216 4732; x_wconf 58' lang='grc' dir='ltr'>*ἦν</span> <span class='ocrx_word' id='word_1_545' title='bbox 1236 4654 1445 4738; x_wconf 61' lang='grc' dir='ltr'>φῖλανθθωπίαν·</span> <span class='ocrx_word' id='word_1_546' title='bbox 1471 4653 1591 4713; x_wconf 49' lang='lat' dir='ltr'>&#39;Enim</span> <span class='ocrx_word' id='word_1_547' title='bbox 1608 4647 1650 4729; x_wconf 59' lang='lat' dir='ltr'>Fi*</span> 
     </span>
    </p>
   </div>
   <div class='ocr_carea' id='block_1_3' title="bbox 1 4737 1653 5300">
    <p class='ocr_par' dir='ltr' id='par_1_3' title="bbox 1 4737 1653 5300">
     <span class='ocr_line' id='line_1_48' title="bbox 9 4737 1652 4842; baseline -0.01 -27"><span class='ocrx_word' id='word_1_548' title='bbox 9 4768 43 4815; x_wconf 82' lang='lat' dir='ltr'>at.</span> <span class='ocrx_word' id='word_1_549' title='bbox 57 4755 217 4837; x_wconf 59' lang='lat' dir='ltr'>anquidem</span> <span class='ocrx_word' id='word_1_550' title='bbox 231 4759 358 4821; x_wconf 81' lang='lat' dir='ltr'>dicebant</span> <span class='ocrx_word' id='word_1_551' title='bbox 373 4785 380 4818; x_wconf 85' lang='grc' dir='ltr'>ι</span> <span class='ocrx_word' id='word_1_552' title='bbox 394 4763 519 4842; x_wconf 84' lang='lat' dir='ltr'>Sanguis</span> <span class='ocrx_word' id='word_1_553' title='bbox 532 4765 595 4842; x_wconf 79' lang='lat' dir='ltr'>ejus</span> <span class='ocrx_word' id='word_1_554' title='bbox 610 4782 697 4842; x_wconf 85' lang='grc' dir='ltr'>εειρεν</span> <span class='ocrx_word' id='word_1_555' title='bbox 718 4783 782 4835; x_wconf 87' lang='lat' dir='ltr'>nos,</span> <span class='ocrx_word' id='word_1_556' title='bbox 800 4777 829 4822; x_wconf 84' lang='lat' dir='ltr'>et</span> <span class='ocrx_word' id='word_1_557' title='bbox 882 4754 933 4837; x_wconf 75' lang='grc' dir='ltr'>γὰρ</span> <span class='ocrx_word' id='word_1_558' title='bbox 953 4753 1055 4833; x_wconf 82' lang='grc' dir='ltr'>ἔλεγον·</span> <span class='ocrx_word' id='word_1_559' title='bbox 1079 4752 1120 4813; x_wconf 83' lang='grc' dir='ltr'>Τδ</span> <span class='ocrx_word' id='word_1_560' title='bbox 1145 4742 1213 4829; x_wconf 80' lang='grc' dir='ltr'>αἷμα</span> <span class='ocrx_word' id='word_1_561' title='bbox 1236 4752 1313 4808; x_wconf 82' lang='grc' dir='ltr'>αὐτοῦ</span> <span class='ocrx_word' id='word_1_562' title='bbox 1338 4744 1379 4826; x_wconf 74' lang='grc' dir='ltr'>ἐφ’</span> <span class='ocrx_word' id='word_1_563' title='bbox 1398 4749 1485 4823; x_wconf 65' lang='grc' dir='ltr'>ἡμᾶς,</span> <span class='ocrx_word' id='word_1_564' title='bbox 1501 4742 1548 4802; x_wconf 81' lang='grc' dir='ltr'>καί</span> <span class='ocrx_word' id='word_1_565' title='bbox 1564 4737 1652 4802; x_wconf 64' lang='lat' dir='ltr'>extet</span> 
     </span>
     <span class='ocr_line' id='line_1_49' title="bbox 107 4828 1653 4930; baseline -0.013 -19"><span class='ocrx_word' id='word_1_566' title='bbox 107 4868 195 4929; x_wconf 79' lang='lat' dir='ltr'>tttper</span> <span class='ocrx_word' id='word_1_567' title='bbox 205 4848 293 4930; x_wconf 80' lang='lat' dir='ltr'>filios</span> <span class='ocrx_word' id='word_1_568' title='bbox 310 4868 428 4914; x_wconf 84' lang='lat' dir='ltr'>nostros</span> <span class='ocrx_word' id='word_1_569' title='bbox 445 4877 454 4910; x_wconf 91' lang='lat'>.·</span> <span class='ocrx_word' id='word_1_570' title='bbox 471 4853 595 4912; x_wconf 86' lang='lat' dir='ltr'>Christus</span> <span class='ocrx_word' id='word_1_571' title='bbox 616 4867 708 4912; x_wconf 91' lang='lat' dir='ltr'>autem</span> <span class='ocrx_word' id='word_1_572' title='bbox 723 4853 830 4913; x_wconf 88' lang='lat' dir='ltr'>nonita</span> <span class='ocrx_word' id='word_1_573' title='bbox 882 4847 962 4908; x_wconf 80' lang='grc' dir='ltr'>τέκνα</span> <span class='ocrx_word' id='word_1_574' title='bbox 974 4850 1069 4924; x_wconf 74' lang='grc' dir='ltr'>ἡμῶν·</span> <span class='ocrx_word' id='word_1_575' title='bbox 1085 4842 1139 4903; x_wconf 79' lang='grc' dir='ltr'>ὅδὲ</span> <span class='ocrx_word' id='word_1_576' title='bbox 1153 4841 1266 4921; x_wconf 82' lang='grc' dir='ltr'>Χριστδι</span> <span class='ocrx_word' id='word_1_577' title='bbox 1279 4842 1328 4900; x_wconf 81' lang='grc' dir='ltr'>οὐκ</span> <span class='ocrx_word' id='word_1_578' title='bbox 1340 4834 1463 4909; x_wconf 74' lang='grc' dir='ltr'>ἐποίησεν</span> <span class='ocrx_word' id='word_1_579' title='bbox 1476 4833 1574 4900; x_wconf 71' lang='grc' dir='ltr'>οὕτως·</span> <span class='ocrx_word' id='word_1_580' title='bbox 1588 4828 1653 4892; x_wconf 72' lang='lat' dir='ltr'>tm</span> 
     </span>
     <span class='ocr_line' id='line_1_50' title="bbox 1 4923 1653 5026; baseline -0.012 -25"><span class='ocrx_word' id='word_1_581' title='bbox 1 4951 43 5001; x_wconf 71' lang='grc' dir='ltr'>ιελ</span> <span class='ocrx_word' id='word_1_582' title='bbox 56 4947 95 5016; x_wconf 81' lang='lat' dir='ltr'>³·l·</span> <span class='ocrx_word' id='word_1_583' title='bbox 106 4940 183 5015; x_wconf 85' lang='lat' dir='ltr'>focit;</span> <span class='ocrx_word' id='word_1_584' title='bbox 193 4961 290 5002; x_wconf 80' lang='lat' dir='ltr'>verum</span> <span class='ocrx_word' id='word_1_585' title='bbox 302 4944 459 5026; x_wconf 87' lang='lat' dir='ltr'>supplicans</span> <span class='ocrx_word' id='word_1_586' title='bbox 467 4945 541 5005; x_wconf 91' lang='lat' dir='ltr'>Patri</span> <span class='ocrx_word' id='word_1_587' title='bbox 551 4944 830 5017; x_wconf 83' lang='lat' dir='ltr'>ait,Pater,dimitte</span> <span class='ocrx_word' id='word_1_588' title='bbox 882 4941 948 5022; x_wconf 87' lang='grc' dir='ltr'>πρδς</span> <span class='ocrx_word' id='word_1_589' title='bbox 967 4939 1011 4999; x_wconf 87' lang='grc' dir='ltr'>τδν</span> <span class='ocrx_word' id='word_1_590' title='bbox 1034 4935 1144 5014; x_wconf 77' lang='grc' dir='ltr'>Πατέρα</span> <span class='ocrx_word' id='word_1_591' title='bbox 1166 4930 1343 4994; x_wconf 78' lang='grc' dir='ltr'>καθικετεύων</span> <span class='ocrx_word' id='word_1_592' title='bbox 1360 4928 1448 5007; x_wconf 79' lang='grc' dir='ltr'>λέγει,</span> <span class='ocrx_word' id='word_1_593' title='bbox 1476 4926 1581 5007; x_wconf 85' lang='grc' dir='ltr'>Πότερ,</span> <span class='ocrx_word' id='word_1_594' title='bbox 1593 4923 1653 5003; x_wconf 73' lang='grc' dir='ltr'>δρας</span> 
     </span>
     <span class='ocr_line' id='line_1_51' title="bbox 106 5015 1653 5124; baseline -0.014 -29"><span class='ocrx_word' id='word_1_595' title='bbox 106 5032 168 5095; x_wconf 85' lang='grc' dir='ltr'>ίίίίε</span> <span class='ocrx_word' id='word_1_596' title='bbox 183 5055 191 5091; x_wconf 85' lang='grc' dir='ltr'>ι</span> <span class='ocrx_word' id='word_1_597' title='bbox 207 5039 354 5093; x_wconf 85' lang='lat' dir='ltr'>nonenim</span> <span class='ocrx_word' id='word_1_598' title='bbox 364 5042 474 5109; x_wconf 85' lang='lat' dir='ltr'>sciunt,</span> <span class='ocrx_word' id='word_1_599' title='bbox 493 5038 567 5118; x_wconf 82' lang='lat' dir='ltr'>quid</span> <span class='ocrx_word' id='word_1_600' title='bbox 566 5039 701 5118; x_wconf 81' lang='lat' dir='ltr'>faciunt.</span> <span class='ocrx_word' id='word_1_601' title='bbox 716 5035 746 5097; x_wconf 86' lang='lat' dir='ltr'>si</span> <span class='ocrx_word' id='word_1_602' title='bbox 756 5035 828 5096; x_wconf 92' lang='lat' dir='ltr'>enirn</span> <span class='ocrx_word' id='word_1_603' title='bbox 845 5055 864 5102; x_wconf 78' lang='grc' dir='ltr'>ιε</span> <span class='ocrx_word' id='word_1_604' title='bbox 883 5036 984 5100; x_wconf 84' lang='grc' dir='ltr'>αὐτοῖς·</span> <span class='ocrx_word' id='word_1_605' title='bbox 1004 5031 1035 5088; x_wconf 80' lang='grc' dir='ltr'>οὗ</span> <span class='ocrx_word' id='word_1_606' title='bbox 1056 5026 1108 5107; x_wconf 82' lang='grc' dir='ltr'>γδρ</span> <span class='ocrx_word' id='word_1_607' title='bbox 1127 5025 1214 5087; x_wconf 86' lang='grc' dir='ltr'>οίδασι</span> <span class='ocrx_word' id='word_1_608' title='bbox 1233 5024 1260 5082; x_wconf 86' lang='grc' dir='ltr'>τί</span> <span class='ocrx_word' id='word_1_609' title='bbox 1280 5028 1407 5084; x_wconf 78' lang='grc' dir='ltr'>ποιοῦσιν.</span> <span class='ocrx_word' id='word_1_610' title='bbox 1429 5020 1464 5080; x_wconf 79' lang='lat' dir='ltr'>Et</span> <span class='ocrx_word' id='word_1_611' title='bbox 1477 5017 1532 5100; x_wconf 69' lang='grc' dir='ltr'>γὰρ</span> <span class='ocrx_word' id='word_1_612' title='bbox 1554 5015 1653 5124; x_wconf 65' lang='grc' dir='ltr'>ίγίνετε</span> 
     </span>
     <span class='ocr_line' id='line_1_52' title="bbox 106 5109 1652 5209; baseline -0.014 -21"><span class='ocrx_word' id='word_1_613' title='bbox 106 5123 257 5207; x_wconf 81' lang='grc' dir='ltr'>ευρεείίίοε</span> <span class='ocrx_word' id='word_1_614' title='bbox 270 5126 381 5206; x_wconf 83' lang='lat' dir='ltr'>sanguis</span> <span class='ocrx_word' id='word_1_615' title='bbox 394 5127 826 5209; x_wconf 85' lang='lat' dir='ltr'>fuisset,etsuperliliosillorum,</span> <span class='ocrx_word' id='word_1_616' title='bbox 882 5124 913 5184; x_wconf 90' lang='grc' dir='ltr'>τδ</span> <span class='ocrx_word' id='word_1_617' title='bbox 931 5115 1000 5199; x_wconf 75' lang='grc' dir='ltr'>αἷμα</span> <span class='ocrx_word' id='word_1_618' title='bbox 1022 5122 1101 5179; x_wconf 84' lang='grc' dir='ltr'>αθτοῶ</span> <span class='ocrx_word' id='word_1_619' title='bbox 1123 5117 1166 5177; x_wconf 82' lang='grc' dir='ltr'>ἐπ’</span> <span class='ocrx_word' id='word_1_620' title='bbox 1185 5114 1277 5182; x_wconf 69' lang='grc' dir='ltr'>αὐτοὺς</span> <span class='ocrx_word' id='word_1_621' title='bbox 1295 5112 1341 5173; x_wconf 81' lang='grc' dir='ltr'>καί</span> <span class='ocrx_word' id='word_1_622' title='bbox 1358 5112 1402 5172; x_wconf 77' lang='grc' dir='ltr'>ἐπὶ</span> <span class='ocrx_word' id='word_1_623' title='bbox 1414 5109 1449 5169; x_wconf 73' lang='lat' dir='ltr'>ad</span> <span class='ocrx_word' id='word_1_624' title='bbox 1464 5109 1547 5170; x_wconf 83' lang='grc' dir='ltr'>τίνινα</span> <span class='ocrx_word' id='word_1_625' title='bbox 1558 5110 1652 5176; x_wconf 80' lang='grc' dir='ltr'>αὐτων,</span> 
     </span>
     <span class='ocr_line' id='line_1_53' title="bbox 110 5199 1652 5300; baseline -0.019 -17"><span class='ocrx_word' id='word_1_626' title='bbox 110 5238 279 5300; x_wconf 86' lang='lat' dir='ltr'>nequaquam</span> <span class='ocrx_word' id='word_1_627' title='bbox 294 5240 329 5279; x_wconf 90' lang='lat' dir='ltr'>ex</span> <span class='ocrx_word' id='word_1_628' title='bbox 342 5219 453 5282; x_wconf 88' lang='lat' dir='ltr'>illorum</span> <span class='ocrx_word' id='word_1_629' title='bbox 463 5221 529 5282; x_wconf 81' lang='lat' dir='ltr'>liliis</span> <span class='ocrx_word' id='word_1_630' title='bbox 548 5219 645 5281; x_wconf 88' lang='lat' dir='ltr'>delecti</span> <span class='ocrx_word' id='word_1_631' title='bbox 661 5234 748 5281; x_wconf 84' lang='lat' dir='ltr'>essent</span> <span class='ocrx_word' id='word_1_632' title='bbox 761 5241 826 5300; x_wconf 88' lang='lat' dir='ltr'>apo·</span> <span class='ocrx_word' id='word_1_633' title='bbox 882 5217 931 5278; x_wconf 82' lang='grc' dir='ltr'>οιῖκ</span> <span class='ocrx_word' id='word_1_634' title='bbox 950 5213 981 5273; x_wconf 83' lang='grc' dir='ltr'>διν</span> <span class='ocrx_word' id='word_1_635' title='bbox 1003 5212 1056 5272; x_wconf 76' lang='grc' dir='ltr'>ἀπὸ</span> <span class='ocrx_word' id='word_1_636' title='bbox 1079 5212 1130 5268; x_wconf 87' lang='grc' dir='ltr'>τῶν</span> <span class='ocrx_word' id='word_1_637' title='bbox 1147 5207 1245 5270; x_wconf 76' lang='grc' dir='ltr'>πίτνων</span> <span class='ocrx_word' id='word_1_638' title='bbox 1262 5208 1348 5266; x_wconf 79' lang='grc' dir='ltr'>αὐτῶν</span> <span class='ocrx_word' id='word_1_639' title='bbox 1362 5202 1483 5281; x_wconf 77' lang='grc' dir='ltr'>ῖγίνοντο</span> <span class='ocrx_word' id='word_1_640' title='bbox 1495 5199 1652 5278; x_wconf 74' lang='grc' dir='ltr'>ἀπόστολοι·</span> 
     </span>
    </p>
   </div>
   <div class='ocr_carea' id='block_1_4' title="bbox 0 0 1892 5992">
    <p class='ocr_par' dir='ltr' id='par_1_4' title="bbox 0 0 1892 5992">
     <span class='ocr_line' id='line_1_54' title="bbox 0 0 1892 5992; baseline 0 0"><span class='ocrx_word' id='word_1_641' title='bbox 0 0 1892 5992; x_wconf 95' lang='lat' dir='ltr'> </span> 
     </span>
    </p>
   </div>
  </div>
 </body>
</html>
