<?xml version="1.0" encoding="UTF-8"?>
<!DOCTYPE html PUBLIC "-//W3C//DTD XHTML 1.0 Transitional//EN"
    "http://www.w3.org/TR/xhtml1/DTD/xhtml1-transitional.dtd">
<html xmlns="http://www.w3.org/1999/xhtml" xml:lang="en" lang="en">
 <head>
  <title>
</title>
<meta http-equiv="Content-Type" content="text/html;charset=utf-8" />
  <meta name='ocr-system' content='tesseract 3.04.00' />
  <meta name='ocr-capabilities' content='ocr_page ocr_carea ocr_par ocr_line ocrx_word'/>
</head>
<body>
  <div class='ocr_page' id='page_1' title='image "./sanctipatrisnos03chrygoog/sanctipatrisnos03chrygoog_0501.png"; bbox 0 0 3764 5992; ppageno 0'>
   <div class='ocr_carea' id='block_1_1' title="bbox 93 426 164 528">
    <p class='ocr_par' dir='ltr' id='par_1_1' title="bbox 93 426 164 528">
     <span class='ocr_line' id='line_1_1' title="bbox 93 426 164 528; baseline 0 -13"><span class='ocrx_word' id='word_1_1' title='bbox 93 426 164 528; x_wconf 75' lang='lat' dir='ltr'><strong>lqo</strong></span> 
     </span>
    </p>
   </div>
   <div class='ocr_carea' id='block_1_2' title="bbox 77 577 831 3023">
    <p class='ocr_par' dir='ltr' id='par_1_2' title="bbox 77 577 831 3023">
     <span class='ocr_line' id='line_1_2' title="bbox 92 577 828 661; baseline -0.012 -17"><span class='ocrx_word' id='word_1_2' title='bbox 92 595 206 659; x_wconf 76' lang='lat' dir='ltr'><strong>tantm,</strong></span> <span class='ocrx_word' id='word_1_3' title='bbox 214 582 261 642; x_wconf 87' lang='lat' dir='ltr'><strong>sed</strong></span> <span class='ocrx_word' id='word_1_4' title='bbox 271 598 296 642; x_wconf 89' lang='lat' dir='ltr'><strong>et</strong></span> <span class='ocrx_word' id='word_1_5' title='bbox 307 582 500 661; x_wconf 90' lang='lat' dir='ltr'><strong>quinquaginta</strong></span> <span class='ocrx_word' id='word_1_6' title='bbox 510 595 534 639; x_wconf 92' lang='lat' dir='ltr'><strong>et</strong></span> <span class='ocrx_word' id='word_1_7' title='bbox 544 591 692 654; x_wconf 90' lang='lat' dir='ltr'><strong>centum,ct</strong></span> <span class='ocrx_word' id='word_1_8' title='bbox 702 577 828 657; x_wconf 90' lang='lat' dir='ltr'><strong>amplius,</strong></span> 
     </span>
     <span class='ocr_line' id='line_1_3' title="bbox 91 671 831 755; baseline -0.008 -20"><span class='ocrx_word' id='word_1_9' title='bbox 91 690 118 736; x_wconf 89' lang='lat' dir='ltr'><strong>et</strong></span> <span class='ocrx_word' id='word_1_10' title='bbox 127 678 219 737; x_wconf 87' lang='lat' dir='ltr'><strong>inveni</strong></span> <span class='ocrx_word' id='word_1_11' title='bbox 234 698 282 736; x_wconf 91' lang='lat' dir='ltr'><strong>vos</strong></span> <span class='ocrx_word' id='word_1_12' title='bbox 292 677 420 747; x_wconf 78' lang='lat' dir='ltr'><strong>laetantes,</strong></span> <span class='ocrx_word' id='word_1_13' title='bbox 434 689 460 734; x_wconf 92' lang='lat' dir='ltr'><strong>et</strong></span> <span class='ocrx_word' id='word_1_14' title='bbox 471 675 699 755; x_wconf 79' lang='lat' dir='ltr'><strong>philosophantes,</strong></span> <span class='ocrx_word' id='word_1_15' title='bbox 709 686 735 731; x_wconf 93' lang='lat' dir='ltr'><strong>et</strong></span> <span class='ocrx_word' id='word_1_16' title='bbox 745 671 773 730; x_wconf 92' lang='lat' dir='ltr'><strong>in</strong></span> <span class='ocrx_word' id='word_1_17' title='bbox 780 672 831 729; x_wconf 87' lang='lat' dir='ltr'><strong>Dei</strong></span> 
     </span>
     <span class='ocr_line' id='line_1_4' title="bbox 90 764 831 850; baseline -0.009 -21"><span class='ocrx_word' id='word_1_18' title='bbox 90 771 186 830; x_wconf 89' lang='lat' dir='ltr'><strong>timore</strong></span> <span class='ocrx_word' id='word_1_19' title='bbox 209 785 415 850; x_wconf 79' lang='lat' dir='ltr'><strong>perseverantes.</strong></span> <span class='ocrx_word' id='word_1_20' title='bbox 432 767 569 846; x_wconf 83' lang='lat' dir='ltr'><strong>Numquid</strong></span> <span class='ocrx_word' id='word_1_21' title='bbox 587 789 636 847; x_wconf 88' lang='lat' dir='ltr'><strong>ego</strong></span> <span class='ocrx_word' id='word_1_22' title='bbox 654 770 730 825; x_wconf 86' lang='lat' dir='ltr'><strong>Mose</strong></span> <span class='ocrx_word' id='word_1_23' title='bbox 750 764 831 823; x_wconf 90' lang='lat' dir='ltr'><strong>altior</strong></span> 
     </span>
     <span class='ocr_line' id='line_1_5' title="bbox 90 860 829 924; baseline -0.004 -1"><span class='ocrx_word' id='word_1_24' title='bbox 90 865 255 924; x_wconf 73' lang='lat' dir='ltr'><strong>sumtlbsit</strong></span> <span class='ocrx_word' id='word_1_25' title='bbox 272 888 278 920; x_wconf 92' lang='lat'>:</span> <span class='ocrx_word' id='word_1_26' title='bbox 294 864 346 922; x_wconf 93' lang='lat' dir='ltr'><strong>hoc</strong></span> <span class='ocrx_word' id='word_1_27' title='bbox 360 864 431 922; x_wconf 89' lang='lat' dir='ltr'><strong>enim</strong></span> <span class='ocrx_word' id='word_1_28' title='bbox 442 863 532 922; x_wconf 88' lang='lat' dir='ltr'><strong>dicere</strong></span> <span class='ocrx_word' id='word_1_29' title='bbox 549 875 676 921; x_wconf 78' lang='lat' dir='ltr'><strong>extremm</strong></span> <span class='ocrx_word' id='word_1_30' title='bbox 689 860 829 920; x_wconf 80' lang='lat' dir='ltr'><strong>dementiae</strong></span> 
     </span>
     <span class='ocr_line' id='line_1_6' title="bbox 89 955 826 1038; baseline -0.009 -19"><span class='ocrx_word' id='word_1_31' title='bbox 89 972 137 1019; x_wconf 88' lang='lat' dir='ltr'><strong>cst.</strong></span> <span class='ocrx_word' id='word_1_32' title='bbox 149 958 204 1019; x_wconf 87' lang='lat' dir='ltr'><strong>Sed</strong></span> <span class='ocrx_word' id='word_1_33' title='bbox 223 958 286 1036; x_wconf 90' lang='lat' dir='ltr'><strong>quia</strong></span> <span class='ocrx_word' id='word_1_34' title='bbox 304 958 421 1038; x_wconf 90' lang='lat' dir='ltr'><strong>populus</strong></span> <span class='ocrx_word' id='word_1_35' title='bbox 436 959 484 1017; x_wconf 89' lang='lat' dir='ltr'><strong>istc</strong></span> <span class='ocrx_word' id='word_1_36' title='bbox 500 959 548 1017; x_wconf 93' lang='lat' dir='ltr'><strong>illo</strong></span> <span class='ocrx_word' id='word_1_37' title='bbox 558 957 659 1037; x_wconf 89' lang='lat' dir='ltr'><strong>populo</strong></span> <span class='ocrx_word' id='word_1_38' title='bbox 673 955 826 1030; x_wconf 81' lang='lat' dir='ltr'><strong>sublimior,</strong></span> 
     </span>
     <span class='ocr_line' id='line_1_7' title="bbox 87 1050 828 1133; baseline -0.005 -22"><span class='ocrx_word' id='word_1_39' title='bbox 87 1067 225 1133; x_wconf 86' lang='lat' dir='ltr'><strong>propterea</strong></span> <span class='ocrx_word' id='word_1_40' title='bbox 244 1068 271 1112; x_wconf 92' lang='lat' dir='ltr'><strong>ct</strong></span> <span class='ocrx_word' id='word_1_41' title='bbox 285 1053 330 1111; x_wconf 91' lang='lat' dir='ltr'><strong>ille</strong></span> <span class='ocrx_word' id='word_1_42' title='bbox 342 1052 377 1111; x_wconf 88' lang='lat' dir='ltr'><strong>de</strong></span> <span class='ocrx_word' id='word_1_43' title='bbox 390 1066 480 1111; x_wconf 88' lang='lat' dir='ltr'><strong>monte</strong></span> <span class='ocrx_word' id='word_1_44' title='bbox 493 1052 655 1111; x_wconf 88' lang='lat' dir='ltr'><strong>descendens</strong></span> <span class='ocrx_word' id='word_1_45' title='bbox 673 1050 828 1130; x_wconf 75' lang='lat' dir='ltr'><strong>increpabat</strong></span> 
     </span>
     <span class='ocr_line' id='line_1_8' title="bbox 87 1145 827 1227; baseline -0.003 -23"><span class='ocrx_word' id='word_1_46' title='bbox 87 1149 176 1205; x_wconf 78' lang='lat' dir='ltr'><strong>Aaron</strong></span> <span class='ocrx_word' id='word_1_47' title='bbox 190 1146 226 1205; x_wconf 93' lang='lat' dir='ltr'><strong>ob</strong></span> <span class='ocrx_word' id='word_1_48' title='bbox 238 1146 395 1206; x_wconf 83' lang='lat' dir='ltr'><strong>seditionem</strong></span> <span class='ocrx_word' id='word_1_49' title='bbox 408 1147 545 1227; x_wconf 89' lang='lat' dir='ltr'><strong>populi,et</strong></span> <span class='ocrx_word' id='word_1_50' title='bbox 556 1147 670 1206; x_wconf 81' lang='lat' dir='ltr'><strong>irascens</strong></span> <span class='ocrx_word' id='word_1_51' title='bbox 681 1145 827 1204; x_wconf 86' lang='lat' dir='ltr'><strong>inveheba-</strong></span> 
     </span>
     <span class='ocr_line' id='line_1_9' title="bbox 87 1239 827 1319; baseline -0.001 -21"><span class='ocrx_word' id='word_1_52' title='bbox 87 1246 131 1299; x_wconf 88' lang='lat' dir='ltr'><strong>tur</strong></span> <span class='ocrx_word' id='word_1_53' title='bbox 143 1240 170 1298; x_wconf 91' lang='lat' dir='ltr'><strong>in</strong></span> <span class='ocrx_word' id='word_1_54' title='bbox 182 1262 254 1317; x_wconf 87' lang='lat' dir='ltr'><strong>cum,</strong></span> <span class='ocrx_word' id='word_1_55' title='bbox 268 1263 317 1300; x_wconf 90' lang='lat' dir='ltr'><strong>cur</strong></span> <span class='ocrx_word' id='word_1_56' title='bbox 330 1242 497 1319; x_wconf 81' lang='lat' dir='ltr'><strong>acquieverit</strong></span> <span class='ocrx_word' id='word_1_57' title='bbox 510 1240 756 1302; x_wconf 73' lang='lat' dir='ltr'><strong>voluntatieorum.</strong></span> <span class='ocrx_word' id='word_1_58' title='bbox 768 1239 827 1319; x_wconf 90' lang='lat' dir='ltr'><strong>Ego</strong></span> 
     </span>
     <span class='ocr_line' id='line_1_10' title="bbox 85 1333 826 1416; baseline -0.001 -24"><span class='ocrx_word' id='word_1_59' title='bbox 85 1347 174 1393; x_wconf 88' lang='lat' dir='ltr'><strong>autem</strong></span> <span class='ocrx_word' id='word_1_60' title='bbox 184 1333 329 1397; x_wconf 88' lang='lat' dir='ltr'><strong>adveniens</strong></span> <span class='ocrx_word' id='word_1_61' title='bbox 340 1335 472 1416; x_wconf 71' lang='lat' dir='ltr'><strong>praeconia</strong></span> <span class='ocrx_word' id='word_1_62' title='bbox 483 1348 570 1395; x_wconf 85' lang='lat' dir='ltr'><strong>vestra</strong></span> <span class='ocrx_word' id='word_1_63' title='bbox 581 1348 606 1394; x_wconf 90' lang='lat' dir='ltr'><strong>ct</strong></span> <span class='ocrx_word' id='word_1_64' title='bbox 618 1355 727 1394; x_wconf 89' lang='lat' dir='ltr'><strong>coronas</strong></span> <span class='ocrx_word' id='word_1_65' title='bbox 737 1347 826 1392; x_wconf 88' lang='lat' dir='ltr'><strong>conte·</strong></span> 
     </span>
     <span class='ocr_line' id='line_1_11' title="bbox 85 1425 828 1510; baseline 0 -22"><span class='ocrx_word' id='word_1_66' title='bbox 85 1429 220 1489; x_wconf 81' lang='lat' dir='ltr'><strong>xamllbi</strong></span> <span class='ocrx_word' id='word_1_67' title='bbox 229 1430 300 1488; x_wconf 85' lang='lat' dir='ltr'><strong>enirn</strong></span> <span class='ocrx_word' id='word_1_68' title='bbox 307 1429 503 1510; x_wconf 66' lang='lat' dir='ltr'><strong>prevaricatio,</strong></span> <span class='ocrx_word' id='word_1_69' title='bbox 508 1429 546 1488; x_wconf 90' lang='lat' dir='ltr'><strong>ibi</strong></span> <span class='ocrx_word' id='word_1_70' title='bbox 557 1425 828 1508; x_wconf 88' lang='lat' dir='ltr'><strong>reatussubsequatur</strong></span> 
     </span>
     <span class='ocr_line' id='line_1_12' title="bbox 84 1523 827 1604; baseline -0.004 -20"><span class='ocrx_word' id='word_1_71' title='bbox 84 1545 190 1584; x_wconf 89' lang='lat' dir='ltr'><strong>necesse</strong></span> <span class='ocrx_word' id='word_1_72' title='bbox 202 1538 250 1600; x_wconf 89' lang='lat' dir='ltr'><strong>est,</strong></span> <span class='ocrx_word' id='word_1_73' title='bbox 260 1536 286 1583; x_wconf 90' lang='lat' dir='ltr'><strong>et</strong></span> <span class='ocrx_word' id='word_1_74' title='bbox 294 1525 447 1604; x_wconf 89' lang='lat' dir='ltr'><strong>objurgatio</strong></span> <span class='ocrx_word' id='word_1_75' title='bbox 454 1548 463 1601; x_wconf 90' lang='lat'>;</span> <span class='ocrx_word' id='word_1_76' title='bbox 476 1523 523 1582; x_wconf 90' lang='lat' dir='ltr'><strong>ubi</strong></span> <span class='ocrx_word' id='word_1_77' title='bbox 532 1537 623 1583; x_wconf 87' lang='lat' dir='ltr'><strong>autem</strong></span> <span class='ocrx_word' id='word_1_78' title='bbox 634 1525 773 1595; x_wconf 89' lang='lat' dir='ltr'><strong>correctio,</strong></span> <span class='ocrx_word' id='word_1_79' title='bbox 787 1523 827 1582; x_wconf 92' lang='lat' dir='ltr'><strong>ibi</strong></span> 
     </span>
     <span class='ocr_line' id='line_1_13' title="bbox 84 1617 826 1698; baseline -0.001 -21"><span class='ocrx_word' id='word_1_80' title='bbox 84 1617 179 1678; x_wconf 88' lang='lat' dir='ltr'><strong>laudes</strong></span> <span class='ocrx_word' id='word_1_81' title='bbox 187 1631 213 1677; x_wconf 93' lang='lat' dir='ltr'><strong>et</strong></span> <span class='ocrx_word' id='word_1_82' title='bbox 219 1619 354 1698; x_wconf 75' lang='lat' dir='ltr'><strong>preconia</strong></span> <span class='ocrx_word' id='word_1_83' title='bbox 360 1632 386 1678; x_wconf 91' lang='lat' dir='ltr'><strong>et</strong></span> <span class='ocrx_word' id='word_1_84' title='bbox 395 1639 498 1678; x_wconf 83' lang='lat' dir='ltr'><strong>corunae</strong></span> <span class='ocrx_word' id='word_1_85' title='bbox 507 1643 513 1675; x_wconf 75' lang='grc' dir='ltr'><strong><em>ι</em></strong></span> <span class='ocrx_word' id='word_1_86' title='bbox 523 1618 690 1696; x_wconf 87' lang='lat' dir='ltr'><strong>ideoquectsi</strong></span> <span class='ocrx_word' id='word_1_87' title='bbox 700 1617 826 1698; x_wconf 87' lang='lat' dir='ltr'><strong>ampliori</strong></span> 
     </span>
     <span class='ocr_line' id='line_1_14' title="bbox 85 1710 825 1794; baseline 0 -23"><span class='ocrx_word' id='word_1_88' title='bbox 85 1719 205 1794; x_wconf 87' lang='lat' dir='ltr'><strong>tempore</strong></span> <span class='ocrx_word' id='word_1_89' title='bbox 225 1710 381 1771; x_wconf 90' lang='lat' dir='ltr'><strong>demoratus</strong></span> <span class='ocrx_word' id='word_1_90' title='bbox 401 1734 461 1771; x_wconf 91' lang='lat' dir='ltr'><strong>sum</strong></span> <span class='ocrx_word' id='word_1_91' title='bbox 478 1713 567 1788; x_wconf 89' lang='lat' dir='ltr'><strong>loras,</strong></span> <span class='ocrx_word' id='word_1_92' title='bbox 583 1733 636 1771; x_wconf 95' lang='lat' dir='ltr'><strong>non</strong></span> <span class='ocrx_word' id='word_1_93' title='bbox 650 1733 693 1770; x_wconf 91' lang='lat' dir='ltr'><strong>me</strong></span> <span class='ocrx_word' id='word_1_94' title='bbox 705 1711 825 1791; x_wconf 83' lang='lat' dir='ltr'><strong>poenitet,</strong></span> 
     </span>
     <span class='ocr_line' id='line_1_15' title="bbox 84 1807 827 1887; baseline -0.003 -20"><span class='ocrx_word' id='word_1_95' title='bbox 84 1807 147 1887; x_wconf 83' lang='lat' dir='ltr'><strong>quia</strong></span> <span class='ocrx_word' id='word_1_96' title='bbox 166 1807 335 1866; x_wconf 81' lang='lat' dir='ltr'><strong>confidebam</strong></span> <span class='ocrx_word' id='word_1_97' title='bbox 350 1807 385 1866; x_wconf 90' lang='lat' dir='ltr'><strong>de</strong></span> <span class='ocrx_word' id='word_1_98' title='bbox 408 1821 505 1867; x_wconf 77' lang='lat' dir='ltr'><strong>vestrae</strong></span> <span class='ocrx_word' id='word_1_99' title='bbox 531 1807 649 1867; x_wconf 88' lang='lat' dir='ltr'><strong>caritatis</strong></span> <span class='ocrx_word' id='word_1_100' title='bbox 668 1808 781 1879; x_wconf 84' lang='lat' dir='ltr'><strong>affectu,</strong></span> <span class='ocrx_word' id='word_1_101' title='bbox 801 1820 827 1865; x_wconf 88' lang='lat' dir='ltr'><strong>et</strong></span> 
     </span>
     <span class='ocr_line' id='line_1_16' title="bbox 83 1899 826 1980; baseline -0.001 -20"><span class='ocrx_word' id='word_1_102' title='bbox 83 1899 236 1980; x_wconf 88' lang='lat' dir='ltr'><strong>integritate</strong></span> <span class='ocrx_word' id='word_1_103' title='bbox 261 1900 327 1960; x_wconf 88' lang='lat' dir='ltr'><strong>fidei</strong></span> <span class='ocrx_word' id='word_1_104' title='bbox 343 1925 349 1958; x_wconf 92' lang='lat'><strong>:</strong></span> <span class='ocrx_word' id='word_1_105' title='bbox 376 1901 494 1961; x_wconf 86' lang='lat' dir='ltr'><strong>sciebam</strong></span> <span class='ocrx_word' id='word_1_106' title='bbox 521 1901 592 1960; x_wconf 91' lang='lat' dir='ltr'><strong>euim</strong></span> <span class='ocrx_word' id='word_1_107' title='bbox 619 1921 731 1960; x_wconf 87' lang='lat' dir='ltr'><strong>uxorem</strong></span> <span class='ocrx_word' id='word_1_108' title='bbox 758 1900 826 1959; x_wconf 90' lang='lat' dir='ltr'><strong>mihi</strong></span> 
     </span>
     <span class='ocr_line' id='line_1_17' title="bbox 81 1995 826 2077; baseline -0.001 -22"><span class='ocrx_word' id='word_1_109' title='bbox 81 1995 269 2077; x_wconf 88' lang='lat' dir='ltr'><strong>desponsatam</strong></span> <span class='ocrx_word' id='word_1_110' title='bbox 280 1997 399 2056; x_wconf 86' lang='lat' dir='ltr'><strong>castitate</strong></span> <span class='ocrx_word' id='word_1_111' title='bbox 409 2018 467 2056; x_wconf 90' lang='lat' dir='ltr'><strong>esse</strong></span> <span class='ocrx_word' id='word_1_112' title='bbox 475 1995 618 2071; x_wconf 81' lang='lat' dir='ltr'><strong>munitam,</strong></span> <span class='ocrx_word' id='word_1_113' title='bbox 626 1995 695 2055; x_wconf 91' lang='lat' dir='ltr'><strong>sicut</strong></span> <span class='ocrx_word' id='word_1_114' title='bbox 706 1996 733 2055; x_wconf 92' lang='lat' dir='ltr'><strong>in</strong></span> <span class='ocrx_word' id='word_1_115' title='bbox 743 2017 826 2055; x_wconf 75' lang='lat' dir='ltr'><strong>secu-</strong></span> 
     </span>
     <span class='ocr_line' id='line_1_18' title="bbox 82 2087 825 2170; baseline 0 -22"><span class='ocrx_word' id='word_1_116' title='bbox 82 2089 134 2150; x_wconf 86' lang='lat' dir='ltr'><strong>lari</strong></span> <span class='ocrx_word' id='word_1_117' title='bbox 147 2090 273 2170; x_wconf 86' lang='lat' dir='ltr'><strong>conjugio</strong></span> <span class='ocrx_word' id='word_1_118' title='bbox 287 2091 383 2151; x_wconf 88' lang='lat' dir='ltr'><strong>assolet</strong></span> <span class='ocrx_word' id='word_1_119' title='bbox 399 2091 514 2151; x_wconf 90' lang='lat' dir='ltr'><strong>evenire.</strong></span> <span class='ocrx_word' id='word_1_120' title='bbox 534 2090 641 2150; x_wconf 84' lang='lat' dir='ltr'><strong>Etenim</strong></span> <span class='ocrx_word' id='word_1_121' title='bbox 654 2091 699 2149; x_wconf 81' lang='lat' dir='ltr'><strong>vir</strong></span> <span class='ocrx_word' id='word_1_122' title='bbox 718 2087 825 2170; x_wconf 89' lang='lat' dir='ltr'><strong>quando</strong></span> 
     </span>
     <span class='ocr_line' id='line_1_19' title="bbox 80 2184 826 2268; baseline 0.003 -25"><span class='ocrx_word' id='word_1_123' title='bbox 80 2185 248 2268; x_wconf 85' lang='lat' dir='ltr'><strong>impudicam</strong></span> <span class='ocrx_word' id='word_1_124' title='bbox 258 2207 370 2245; x_wconf 75' lang='lat' dir='ltr'><strong>uxorem</strong></span> <span class='ocrx_word' id='word_1_125' title='bbox 381 2184 513 2246; x_wconf 87' lang='lat' dir='ltr'><strong>haberese</strong></span> <span class='ocrx_word' id='word_1_126' title='bbox 524 2187 608 2261; x_wconf 85' lang='lat' dir='ltr'><strong>novit,</strong></span> <span class='ocrx_word' id='word_1_127' title='bbox 615 2208 664 2246; x_wconf 89' lang='lat' dir='ltr'><strong>nec</strong></span> <span class='ocrx_word' id='word_1_128' title='bbox 673 2187 826 2267; x_wconf 86' lang='lat' dir='ltr'><strong>prospicere</strong></span> 
     </span>
     <span class='ocr_line' id='line_1_20' title="bbox 79 2275 826 2362; baseline -0.001 -22"><span class='ocrx_word' id='word_1_129' title='bbox 79 2281 104 2340; x_wconf 87' lang='lat' dir='ltr'><strong>ei</strong></span> <span class='ocrx_word' id='word_1_130' title='bbox 113 2279 237 2340; x_wconf 87' lang='lat' dir='ltr'><strong>dedomo</strong></span> <span class='ocrx_word' id='word_1_131' title='bbox 246 2275 388 2362; x_wconf 89' lang='lat' dir='ltr'><strong>permittit:</strong></span> <span class='ocrx_word' id='word_1_132' title='bbox 396 2282 498 2361; x_wconf 86' lang='lat' dir='ltr'><strong>quietsi</strong></span> <span class='ocrx_word' id='word_1_133' title='bbox 508 2282 669 2362; x_wconf 87' lang='lat' dir='ltr'><strong>peregrinari</strong></span> <span class='ocrx_word' id='word_1_134' title='bbox 679 2278 826 2359; x_wconf 91' lang='lat' dir='ltr'><strong>aliquando</strong></span> 
     </span>
     <span class='ocr_line' id='line_1_21' title="bbox 81 2376 824 2456; baseline -0.003 -19"><span class='ocrx_word' id='word_1_135' title='bbox 81 2389 189 2437; x_wconf 83' lang='lat' dir='ltr'><strong>coactus</strong></span> <span class='ocrx_word' id='word_1_136' title='bbox 199 2377 297 2452; x_wconf 88' lang='lat' dir='ltr'><strong>suerit,</strong></span> <span class='ocrx_word' id='word_1_137' title='bbox 311 2377 417 2456; x_wconf 90' lang='lat' dir='ltr'><strong>cogitur</strong></span> <span class='ocrx_word' id='word_1_138' title='bbox 431 2377 484 2437; x_wconf 89' lang='lat' dir='ltr'><strong>cito</strong></span> <span class='ocrx_word' id='word_1_139' title='bbox 495 2378 605 2455; x_wconf 89' lang='lat' dir='ltr'><strong>reverti,</strong></span> <span class='ocrx_word' id='word_1_140' title='bbox 618 2377 694 2455; x_wconf 84' lang='lat' dir='ltr'><strong>quasi</strong></span> <span class='ocrx_word' id='word_1_141' title='bbox 707 2376 824 2455; x_wconf 89' lang='lat' dir='ltr'><strong>quodam</strong></span> 
     </span>
     <span class='ocr_line' id='line_1_22' title="bbox 79 2470 822 2552; baseline 0 -22"><span class='ocrx_word' id='word_1_142' title='bbox 79 2470 242 2552; x_wconf 88' lang='lat' dir='ltr'><strong>suspicionis</strong></span> <span class='ocrx_word' id='word_1_143' title='bbox 252 2474 345 2531; x_wconf 89' lang='lat' dir='ltr'><strong>aculeo</strong></span> <span class='ocrx_word' id='word_1_144' title='bbox 358 2473 512 2532; x_wconf 90' lang='lat' dir='ltr'><strong>stimulatus</strong></span> <span class='ocrx_word' id='word_1_145' title='bbox 522 2496 530 2547; x_wconf 90' lang='lat'>;</span> <span class='ocrx_word' id='word_1_146' title='bbox 542 2472 591 2550; x_wconf 91' lang='lat' dir='ltr'><strong>qui</strong></span> <span class='ocrx_word' id='word_1_147' title='bbox 601 2486 690 2531; x_wconf 88' lang='lat' dir='ltr'><strong>autem</strong></span> <span class='ocrx_word' id='word_1_148' title='bbox 705 2471 822 2531; x_wconf 89' lang='lat' dir='ltr'><strong>sobriam</strong></span> 
     </span>
     <span class='ocr_line' id='line_1_23' title="bbox 77 2566 823 2639; baseline 0.003 -15"><span class='ocrx_word' id='word_1_149' title='bbox 77 2579 104 2625; x_wconf 88' lang='lat' dir='ltr'><strong>et</strong></span> <span class='ocrx_word' id='word_1_150' title='bbox 112 2580 213 2625; x_wconf 84' lang='lat' dir='ltr'><strong>castam</strong></span> <span class='ocrx_word' id='word_1_151' title='bbox 222 2566 314 2638; x_wconf 87' lang='lat' dir='ltr'><strong>habet,</strong></span> <span class='ocrx_word' id='word_1_152' title='bbox 324 2568 395 2627; x_wconf 86' lang='lat' dir='ltr'><strong>loras</strong></span> <span class='ocrx_word' id='word_1_153' title='bbox 402 2589 512 2627; x_wconf 89' lang='lat' dir='ltr'><strong>securus</strong></span> <span class='ocrx_word' id='word_1_154' title='bbox 523 2580 652 2639; x_wconf 88' lang='lat' dir='ltr'><strong>moratur,</strong></span> <span class='ocrx_word' id='word_1_155' title='bbox 662 2567 823 2626; x_wconf 85' lang='lat' dir='ltr'><strong>sufficientes</strong></span> 
     </span>
     <span class='ocr_line' id='line_1_24' title="bbox 78 2660 821 2738; baseline 0.001 -20"><span class='ocrx_word' id='word_1_156' title='bbox 78 2680 128 2738; x_wconf 93' lang='lat' dir='ltr'><strong>pro</strong></span> <span class='ocrx_word' id='word_1_157' title='bbox 139 2675 293 2720; x_wconf 87' lang='lat' dir='ltr'><strong>curatorum</strong></span> <span class='ocrx_word' id='word_1_158' title='bbox 303 2661 451 2720; x_wconf 87' lang='lat' dir='ltr'><strong>munimine</strong></span> <span class='ocrx_word' id='word_1_159' title='bbox 461 2682 548 2719; x_wconf 88' lang='lat' dir='ltr'><strong>mores</strong></span> <span class='ocrx_word' id='word_1_160' title='bbox 557 2660 711 2738; x_wconf 85' lang='lat' dir='ltr'><strong>relinquens</strong></span> <span class='ocrx_word' id='word_1_161' title='bbox 719 2660 821 2719; x_wconf 83' lang='lat' dir='ltr'><strong>uxoris.</strong></span> 
     </span>
     <span class='ocr_line' id='line_1_25' title="bbox 78 2755 822 2838; baseline 0 -25"><span class='ocrx_word' id='word_1_162' title='bbox 78 2756 138 2838; x_wconf 77' lang='lat' dir='ltr'><strong>lloc</strong></span> <span class='ocrx_word' id='word_1_163' title='bbox 151 2775 200 2833; x_wconf 86' lang='lat' dir='ltr'><strong>ego</strong></span> <span class='ocrx_word' id='word_1_164' title='bbox 217 2771 244 2814; x_wconf 88' lang='lat' dir='ltr'><strong>et</strong></span> <span class='ocrx_word' id='word_1_165' title='bbox 256 2760 346 2815; x_wconf 91' lang='lat' dir='ltr'><strong>hIoses</strong></span> <span class='ocrx_word' id='word_1_166' title='bbox 358 2755 430 2835; x_wconf 81' lang='lat' dir='ltr'><strong>passi</strong></span> <span class='ocrx_word' id='word_1_167' title='bbox 447 2776 549 2816; x_wconf 91' lang='lat' dir='ltr'><strong>sumus.</strong></span> <span class='ocrx_word' id='word_1_168' title='bbox 562 2756 609 2815; x_wconf 93' lang='lat' dir='ltr'><strong>llle</strong></span> <span class='ocrx_word' id='word_1_169' title='bbox 622 2755 744 2833; x_wconf 90' lang='lat' dir='ltr'><strong>quidem,</strong></span> <span class='ocrx_word' id='word_1_170' title='bbox 759 2756 822 2835; x_wconf 91' lang='lat' dir='ltr'><strong>quia</strong></span> 
     </span>
     <span class='ocr_line' id='line_1_26' title="bbox 78 2849 819 2930; baseline 0.001 -23"><span class='ocrx_word' id='word_1_171' title='bbox 78 2849 305 2909; x_wconf 84' lang='lat' dir='ltr'><strong>inemendabilem</strong></span> <span class='ocrx_word' id='word_1_172' title='bbox 315 2870 483 2930; x_wconf 84' lang='lat' dir='ltr'><strong>synagogam</strong></span> <span class='ocrx_word' id='word_1_173' title='bbox 492 2850 609 2908; x_wconf 83' lang='lat' dir='ltr'><strong>habebat</strong></span> <span class='ocrx_word' id='word_1_174' title='bbox 617 2871 741 2924; x_wconf 87' lang='lat' dir='ltr'><strong>uxorem,</strong></span> <span class='ocrx_word' id='word_1_175' title='bbox 757 2851 819 2909; x_wconf 88' lang='lat' dir='ltr'><strong>reli-</strong></span> 
     </span>
     <span class='ocr_line' id='line_1_27' title="bbox 77 2943 819 3023; baseline 0 -22"><span class='ocrx_word' id='word_1_176' title='bbox 77 2943 138 3022; x_wconf 92' lang='lat' dir='ltr'><strong>quit</strong></span> <span class='ocrx_word' id='word_1_177' title='bbox 151 2964 221 3019; x_wconf 86' lang='lat' dir='ltr'><strong>eam,</strong></span> <span class='ocrx_word' id='word_1_178' title='bbox 232 2958 257 3003; x_wconf 89' lang='lat' dir='ltr'><strong>et</strong></span> <span class='ocrx_word' id='word_1_179' title='bbox 273 2943 401 3002; x_wconf 87' lang='lat' dir='ltr'><strong>loruicata</strong></span> <span class='ocrx_word' id='word_1_180' title='bbox 416 2956 466 3017; x_wconf 91' lang='lat' dir='ltr'><strong>est,</strong></span> <span class='ocrx_word' id='word_1_181' title='bbox 475 2957 501 3002; x_wconf 89' lang='lat' dir='ltr'><strong>et</strong></span> <span class='ocrx_word' id='word_1_182' title='bbox 511 2943 648 3023; x_wconf 83' lang='lat' dir='ltr'><strong>compellit</strong></span> <span class='ocrx_word' id='word_1_183' title='bbox 660 2964 723 3002; x_wconf 89' lang='lat' dir='ltr'><strong>eum</strong></span> <span class='ocrx_word' id='word_1_184' title='bbox 734 2946 819 3019; x_wconf 84' lang='lat' dir='ltr'><strong>Deus,</strong></span> 
     </span>
    </p>
   </div>
   <div class='ocr_carea' id='block_1_3' title="bbox 398 443 1289 502">
    <p class='ocr_par' dir='ltr' id='par_1_3' title="bbox 398 443 1289 502">
     <span class='ocr_line' id='line_1_28' title="bbox 398 443 1289 502; baseline -0.006 1"><span class='ocrx_word' id='word_1_185' title='bbox 398 455 427 502; x_wconf 73' lang='lat' dir='ltr'><strong>S.</strong></span> <span class='ocrx_word' id='word_1_186' title='bbox 456 453 595 502; x_wconf 67' lang='lat' dir='ltr'><strong>tntums</strong></span> <span class='ocrx_word' id='word_1_187' title='bbox 623 447 804 498; x_wconf 77' lang='lat' dir='ltr'><strong>CllltYSOS&#39;l&#39;·</strong></span> <span class='ocrx_word' id='word_1_188' title='bbox 836 443 990 497; x_wconf 68' lang='lat' dir='ltr'><strong>necuter.</strong></span> <span class='ocrx_word' id='word_1_189' title='bbox 1019 448 1289 498; x_wconf 75' lang='lat' dir='ltr'><strong>CONSThthNOl’.</strong></span> 
     </span>
    </p>
   </div>
   <div class='ocr_carea' id='block_1_4' title="bbox 879 575 1637 1406">
    <p class='ocr_par' dir='ltr' id='par_1_4' title="bbox 879 575 1637 1406">
     <span class='ocr_line' id='line_1_29' title="bbox 883 575 1637 658; baseline 0.011 -24"><span class='ocrx_word' id='word_1_190' title='bbox 883 575 943 636; x_wconf 92' lang='lat' dir='ltr'><strong>diso</strong></span> <span class='ocrx_word' id='word_1_191' title='bbox 956 579 1095 637; x_wconf 89' lang='lat' dir='ltr'><strong>meliorem</strong></span> <span class='ocrx_word' id='word_1_192' title='bbox 1112 603 1118 634; x_wconf 91' lang='lat'><strong>:</strong></span> <span class='ocrx_word' id='word_1_193' title='bbox 1135 593 1160 637; x_wconf 91' lang='lat' dir='ltr'><strong>et</strong></span> <span class='ocrx_word' id='word_1_194' title='bbox 1174 579 1214 637; x_wconf 92' lang='lat' dir='ltr'><strong>ibi</strong></span> <span class='ocrx_word' id='word_1_195' title='bbox 1233 578 1344 656; x_wconf 89' lang='lat' dir='ltr'><strong>quidem</strong></span> <span class='ocrx_word' id='word_1_196' title='bbox 1361 599 1472 658; x_wconf 89' lang='lat' dir='ltr'><strong>serpens</strong></span> <span class='ocrx_word' id='word_1_197' title='bbox 1487 594 1547 639; x_wconf 89' lang='lat' dir='ltr'><strong>erat</strong></span> <span class='ocrx_word' id='word_1_198' title='bbox 1565 576 1637 641; x_wconf 56' lang='lat' dir='ltr'><strong>insi*</strong></span> 
     </span>
     <span class='ocr_line' id='line_1_30' title="bbox 882 659 1636 754; baseline 0.009 -26"><span class='ocrx_word' id='word_1_199' title='bbox 882 669 1024 741; x_wconf 85' lang='lat' dir='ltr'><strong>dians,hic</strong></span> <span class='ocrx_word' id='word_1_200' title='bbox 1034 687 1122 732; x_wconf 89' lang='lat' dir='ltr'><strong>autem</strong></span> <span class='ocrx_word' id='word_1_201' title='bbox 1135 659 1259 731; x_wconf 77' lang='lat' dir='ltr'><strong>Christus</strong></span> <span class='ocrx_word' id='word_1_202' title='bbox 1271 672 1399 754; x_wconf 85' lang='lat' dir='ltr'><strong>mysteria</strong></span> <span class='ocrx_word' id='word_1_203' title='bbox 1414 674 1559 735; x_wconf 89' lang='lat' dir='ltr'><strong>celebrans</strong></span> <span class='ocrx_word' id='word_1_204' title='bbox 1574 700 1581 733; x_wconf 73' lang='grc' dir='ltr'><strong>ε</strong></span> <span class='ocrx_word' id='word_1_205' title='bbox 1597 677 1636 735; x_wconf 89' lang='lat' dir='ltr'><strong>ibi</strong></span> 
     </span>
     <span class='ocr_line' id='line_1_31' title="bbox 883 765 1635 839; baseline 0.009 -17"><span class='ocrx_word' id='word_1_206' title='bbox 883 765 958 823; x_wconf 84' lang='lat' dir='ltr'><strong>lleva</strong></span> <span class='ocrx_word' id='word_1_207' title='bbox 970 780 1025 824; x_wconf 87' lang='lat' dir='ltr'><strong>erat</strong></span> <span class='ocrx_word' id='word_1_208' title='bbox 1042 766 1181 839; x_wconf 85' lang='lat' dir='ltr'><strong>seducens,</strong></span> <span class='ocrx_word' id='word_1_209' title='bbox 1193 768 1238 826; x_wconf 91' lang='lat' dir='ltr'><strong>hic</strong></span> <span class='ocrx_word' id='word_1_210' title='bbox 1252 782 1342 826; x_wconf 85' lang='lat' dir='ltr'><strong>autem</strong></span> <span class='ocrx_word' id='word_1_211' title='bbox 1358 782 1383 826; x_wconf 89' lang='lat' dir='ltr'><strong>et</strong></span> <span class='ocrx_word' id='word_1_212' title='bbox 1393 789 1528 828; x_wconf 85' lang='lat' dir='ltr'><strong>coronans</strong></span> <span class='ocrx_word' id='word_1_213' title='bbox 1543 771 1635 829; x_wconf 85' lang='lat' dir='ltr'><strong>Eccle-</strong></span> 
     </span>
     <span class='ocr_line' id='line_1_32' title="bbox 881 858 1633 942; baseline 0.008 -26"><span class='ocrx_word' id='word_1_214' title='bbox 881 858 936 916; x_wconf 86' lang='lat' dir='ltr'><strong>sia:</strong></span> <span class='ocrx_word' id='word_1_215' title='bbox 953 860 991 917; x_wconf 93' lang='lat' dir='ltr'><strong>ibi</strong></span> <span class='ocrx_word' id='word_1_216' title='bbox 1009 859 1095 918; x_wconf 76' lang='lat' dir='ltr'><strong>Adam</strong></span> <span class='ocrx_word' id='word_1_217' title='bbox 1121 861 1310 932; x_wconf 87' lang='lat' dir='ltr'><strong>seducebatur,</strong></span> <span class='ocrx_word' id='word_1_218' title='bbox 1329 861 1374 919; x_wconf 94' lang='lat' dir='ltr'><strong>hic</strong></span> <span class='ocrx_word' id='word_1_219' title='bbox 1396 860 1499 919; x_wconf 83' lang='lat' dir='ltr'><strong>autem&#39;</strong></span> <span class='ocrx_word' id='word_1_220' title='bbox 1514 863 1633 942; x_wconf 91' lang='lat' dir='ltr'><strong>populus</strong></span> 
     </span>
     <span class='ocr_line' id='line_1_33' title="bbox 880 952 1632 1030; baseline 0.009 -20"><span class='ocrx_word' id='word_1_221' title='bbox 880 952 1000 1012; x_wconf 73' lang='lat' dir='ltr'><strong>adheret</strong></span> <span class='ocrx_word' id='word_1_222' title='bbox 1011 957 1069 1013; x_wconf 92' lang='lat' dir='ltr'><strong>Dco</strong></span> <span class='ocrx_word' id='word_1_223' title='bbox 1079 955 1132 1013; x_wconf 87' lang='lat' dir='ltr'><strong>:ihi</strong></span> <span class='ocrx_word' id='word_1_224' title='bbox 1142 956 1251 1013; x_wconf 86' lang='lat' dir='ltr'><strong>arbores</strong></span> <span class='ocrx_word' id='word_1_225' title='bbox 1263 955 1435 1030; x_wconf 78' lang='lat' dir='ltr'><strong>diversar,hic</strong></span> <span class='ocrx_word' id='word_1_226' title='bbox 1447 973 1540 1015; x_wconf 90' lang='lat' dir='ltr'><strong>autem</strong></span> <span class='ocrx_word' id='word_1_227' title='bbox 1551 957 1632 1017; x_wconf 90' lang='lat' dir='ltr'><strong>dona·</strong></span> 
     </span>
     <span class='ocr_line' id='line_1_34' title="bbox 881 1048 1630 1132; baseline 0.011 -28"><span class='ocrx_word' id='word_1_228' title='bbox 881 1048 965 1106; x_wconf 80' lang='lat' dir='ltr'><strong>tiones</strong></span> <span class='ocrx_word' id='word_1_229' title='bbox 982 1049 1077 1108; x_wconf 75' lang='lat' dir='ltr'><strong>varias:</strong></span> <span class='ocrx_word' id='word_1_230' title='bbox 1093 1050 1121 1107; x_wconf 92' lang='lat' dir='ltr'><strong>in</strong></span> <span class='ocrx_word' id='word_1_231' title='bbox 1141 1049 1271 1107; x_wconf 86' lang='lat' dir='ltr'><strong>Paradiso</strong></span> <span class='ocrx_word' id='word_1_232' title='bbox 1292 1050 1403 1108; x_wconf 87' lang='lat' dir='ltr'><strong>arbores</strong></span> <span class='ocrx_word' id='word_1_233' title='bbox 1419 1067 1630 1132; x_wconf 85' lang='lat' dir='ltr'><strong>marcescentes,</strong></span> 
     </span>
     <span class='ocr_line' id='line_1_35' title="bbox 880 1143 1632 1208; baseline 0.008 -7"><span class='ocrx_word' id='word_1_234' title='bbox 880 1144 908 1201; x_wconf 90' lang='lat' dir='ltr'><strong>in</strong></span> <span class='ocrx_word' id='word_1_235' title='bbox 923 1143 1043 1203; x_wconf 86' lang='lat' dir='ltr'><strong>Ecclesia</strong></span> <span class='ocrx_word' id='word_1_236' title='bbox 1058 1145 1167 1202; x_wconf 87' lang='lat' dir='ltr'><strong>arbores</strong></span> <span class='ocrx_word' id='word_1_237' title='bbox 1181 1145 1393 1203; x_wconf 83' lang='lat' dir='ltr'><strong>fructificantes:</strong></span> <span class='ocrx_word' id='word_1_238' title='bbox 1408 1146 1435 1204; x_wconf 91' lang='lat' dir='ltr'><strong>in</strong></span> <span class='ocrx_word' id='word_1_239' title='bbox 1445 1146 1495 1204; x_wconf 90' lang='lat' dir='ltr'><strong>illo</strong></span> <span class='ocrx_word' id='word_1_240' title='bbox 1505 1147 1632 1208; x_wconf 87' lang='lat' dir='ltr'><strong>Paradiso</strong></span> 
     </span>
     <span class='ocr_line' id='line_1_36' title="bbox 880 1236 1631 1320; baseline 0.011 -27"><span class='ocrx_word' id='word_1_241' title='bbox 880 1239 1091 1316; x_wconf 90' lang='lat' dir='ltr'><strong>unumquodque</strong></span> <span class='ocrx_word' id='word_1_242' title='bbox 1109 1259 1192 1316; x_wconf 89' lang='lat' dir='ltr'><strong>genus</strong></span> <span class='ocrx_word' id='word_1_243' title='bbox 1211 1239 1336 1296; x_wconf 86' lang='lat' dir='ltr'><strong>sementis</strong></span> <span class='ocrx_word' id='word_1_244' title='bbox 1360 1236 1386 1298; x_wconf 88' lang='lat' dir='ltr'><strong>in</strong></span> <span class='ocrx_word' id='word_1_245' title='bbox 1408 1262 1458 1298; x_wconf 92' lang='lat' dir='ltr'><strong>suo</strong></span> <span class='ocrx_word' id='word_1_246' title='bbox 1479 1259 1631 1320; x_wconf 84' lang='lat' dir='ltr'><strong>perseverat</strong></span> 
     </span>
     <span class='ocr_line' id='line_1_37' title="bbox 879 1328 1630 1406; baseline 0.009 -21"><span class='ocrx_word' id='word_1_247' title='bbox 879 1340 960 1401; x_wconf 86' lang='lat' dir='ltr'><strong>statu,</strong></span> <span class='ocrx_word' id='word_1_248' title='bbox 972 1328 999 1387; x_wconf 89' lang='lat' dir='ltr'><strong>in</strong></span> <span class='ocrx_word' id='word_1_249' title='bbox 1011 1330 1061 1388; x_wconf 92' lang='lat' dir='ltr'><strong>isto</strong></span> <span class='ocrx_word' id='word_1_250' title='bbox 1073 1349 1137 1387; x_wconf 89' lang='lat' dir='ltr'><strong>vcro</strong></span> <span class='ocrx_word' id='word_1_251' title='bbox 1147 1328 1270 1406; x_wconf 90' lang='lat' dir='ltr'><strong>paradiso</strong></span> <span class='ocrx_word' id='word_1_252' title='bbox 1282 1331 1304 1388; x_wconf 90' lang='lat' dir='ltr'><strong>si</strong></span> <span class='ocrx_word' id='word_1_253' title='bbox 1320 1330 1446 1390; x_wconf 84' lang='lat' dir='ltr'><strong>invenero</strong></span> <span class='ocrx_word' id='word_1_254' title='bbox 1459 1332 1630 1405; x_wconf 82' lang='lat' dir='ltr'><strong>labruscam,</strong></span> 
     </span>
    </p>
   </div>
   <div class='ocr_carea' id='block_1_5' title="bbox 870 1423 1629 3024">
    <p class='ocr_par' dir='ltr' id='par_1_5' title="bbox 870 1423 1629 3024">
     <span class='ocr_line' id='line_1_38' title="bbox 877 1423 1629 1500; baseline 0.011 -20"><span class='ocrx_word' id='word_1_255' title='bbox 877 1423 962 1482; x_wconf 82' lang='lat' dir='ltr'><strong>vitem</strong></span> <span class='ocrx_word' id='word_1_256' title='bbox 986 1424 1095 1483; x_wconf 90' lang='lat' dir='ltr'><strong>uberem</strong></span> <span class='ocrx_word' id='word_1_257' title='bbox 1117 1424 1234 1482; x_wconf 82' lang='lat' dir='ltr'><strong>efficiam</strong></span> <span class='ocrx_word' id='word_1_258' title='bbox 1251 1449 1258 1481; x_wconf 75' lang='grc' dir='ltr'><strong><em>ε</em></strong></span> <span class='ocrx_word' id='word_1_259' title='bbox 1277 1424 1298 1483; x_wconf 92' lang='lat' dir='ltr'><strong>si</strong></span> <span class='ocrx_word' id='word_1_260' title='bbox 1320 1427 1448 1485; x_wconf 84' lang='lat' dir='ltr'><strong>invenero</strong></span> <span class='ocrx_word' id='word_1_261' title='bbox 1467 1428 1629 1500; x_wconf 85' lang='lat' dir='ltr'><strong>oleastrum,</strong></span> 
     </span>
     <span class='ocr_line' id='line_1_39' title="bbox 879 1518 1629 1584; baseline 0.009 -8"><span class='ocrx_word' id='word_1_262' title='bbox 879 1537 969 1576; x_wconf 86' lang='lat' dir='ltr'><strong>veram</strong></span> <span class='ocrx_word' id='word_1_263' title='bbox 980 1518 1081 1576; x_wconf 90' lang='lat' dir='ltr'><strong>olivam</strong></span> <span class='ocrx_word' id='word_1_264' title='bbox 1092 1518 1223 1576; x_wconf 90' lang='lat' dir='ltr'><strong>efliciam:</strong></span> <span class='ocrx_word' id='word_1_265' title='bbox 1235 1519 1297 1577; x_wconf 87' lang='lat' dir='ltr'><strong>talis</strong></span> <span class='ocrx_word' id='word_1_266' title='bbox 1305 1520 1405 1578; x_wconf 88' lang='lat' dir='ltr'><strong>etenim</strong></span> <span class='ocrx_word' id='word_1_267' title='bbox 1415 1533 1455 1578; x_wconf 81' lang='lat' dir='ltr'><strong>est</strong></span> <span class='ocrx_word' id='word_1_268' title='bbox 1463 1536 1543 1580; x_wconf 86' lang='lat' dir='ltr'><strong>terrae</strong></span> <span class='ocrx_word' id='word_1_269' title='bbox 1552 1523 1629 1584; x_wconf 90' lang='lat' dir='ltr'><strong>istius</strong></span> 
     </span>
     <span class='ocr_line' id='line_1_40' title="bbox 878 1610 1628 1694; baseline 0.012 -26"><span class='ocrx_word' id='word_1_270' title='bbox 878 1624 984 1670; x_wconf 89' lang='lat' dir='ltr'><strong>natura.</strong></span> <span class='ocrx_word' id='word_1_271' title='bbox 1000 1612 1114 1692; x_wconf 88' lang='lat' dir='ltr'><strong>Propter</strong></span> <span class='ocrx_word' id='word_1_272' title='bbox 1128 1610 1185 1670; x_wconf 79' lang='lat' dir='ltr'><strong>haec</strong></span> <span class='ocrx_word' id='word_1_273' title='bbox 1199 1613 1314 1691; x_wconf 88' lang='lat' dir='ltr'><strong>gaudeo,</strong></span> <span class='ocrx_word' id='word_1_274' title='bbox 1331 1616 1507 1694; x_wconf 77' lang='lat' dir='ltr'><strong>praetermitto</strong></span> <span class='ocrx_word' id='word_1_275' title='bbox 1522 1619 1628 1678; x_wconf 85' lang='lat' dir='ltr'><strong>satisfa-</strong></span> 
     </span>
     <span class='ocr_line' id='line_1_41' title="bbox 878 1706 1628 1793; baseline 0.011 -30"><span class='ocrx_word' id='word_1_276' title='bbox 878 1706 993 1765; x_wconf 87' lang='lat' dir='ltr'><strong>ctionem</strong></span> <span class='ocrx_word' id='word_1_277' title='bbox 1002 1730 1009 1765; x_wconf 90' lang='lat'>:</span> <span class='ocrx_word' id='word_1_278' title='bbox 1018 1706 1154 1785; x_wconf 92' lang='lat' dir='ltr'><strong>quomodo</strong></span> <span class='ocrx_word' id='word_1_279' title='bbox 1164 1728 1226 1764; x_wconf 90' lang='lat' dir='ltr'><strong>vero</strong></span> <span class='ocrx_word' id='word_1_280' title='bbox 1237 1729 1284 1766; x_wconf 87' lang='lat' dir='ltr'><strong>ros</strong></span> <span class='ocrx_word' id='word_1_281' title='bbox 1294 1707 1413 1766; x_wconf 86' lang='lat' dir='ltr'><strong>abduxit</strong></span> <span class='ocrx_word' id='word_1_282' title='bbox 1420 1709 1488 1768; x_wconf 89' lang='lat' dir='ltr'><strong>tanti</strong></span> <span class='ocrx_word' id='word_1_283' title='bbox 1499 1714 1628 1793; x_wconf 86' lang='lat' dir='ltr'><strong>temporis</strong></span> 
     </span>
     <span class='ocr_line' id='line_1_42' title="bbox 877 1800 1625 1882; baseline 0.009 -22"><span class='ocrx_word' id='word_1_284' title='bbox 877 1800 1036 1880; x_wconf 83' lang='lat' dir='ltr'><strong>longitudo,</strong></span> <span class='ocrx_word' id='word_1_285' title='bbox 1053 1802 1182 1882; x_wconf 90' lang='lat' dir='ltr'><strong>suscipite</strong></span> <span class='ocrx_word' id='word_1_286' title='bbox 1202 1804 1396 1862; x_wconf 86' lang='lat' dir='ltr'><strong>satifactionem</strong></span> <span class='ocrx_word' id='word_1_287' title='bbox 1420 1827 1526 1881; x_wconf 87' lang='lat' dir='ltr'><strong>meam,</strong></span> <span class='ocrx_word' id='word_1_288' title='bbox 1540 1809 1625 1867; x_wconf 81' lang='lat' dir='ltr'><strong>caris-</strong></span> 
     </span>
     <span class='ocr_line' id='line_1_43' title="bbox 877 1894 1624 1977; baseline 0.011 -23"><span class='ocrx_word' id='word_1_289' title='bbox 877 1894 949 1954; x_wconf 88' lang='lat' dir='ltr'><strong>simi.</strong></span> <span class='ocrx_word' id='word_1_290' title='bbox 963 1895 992 1956; x_wconf 82' lang='lat' dir='ltr'><strong>si</strong></span> <span class='ocrx_word' id='word_1_291' title='bbox 1003 1917 1110 1955; x_wconf 87' lang='lat' dir='ltr'><strong>servum</strong></span> <span class='ocrx_word' id='word_1_292' title='bbox 1119 1897 1221 1955; x_wconf 88' lang='lat' dir='ltr'><strong>alicubi</strong></span> <span class='ocrx_word' id='word_1_293' title='bbox 1231 1897 1357 1977; x_wconf 86' lang='lat' dir='ltr'><strong>dirigatis</strong></span> <span class='ocrx_word' id='word_1_294' title='bbox 1369 1920 1421 1958; x_wconf 91' lang='lat' dir='ltr'><strong>non</strong></span> <span class='ocrx_word' id='word_1_295' title='bbox 1434 1915 1624 1976; x_wconf 87' lang='lat' dir='ltr'><strong>revertentem,</strong></span> 
     </span>
     <span class='ocr_line' id='line_1_44' title="bbox 876 1989 1622 2079; baseline 0.013 -31"><span class='ocrx_word' id='word_1_296' title='bbox 876 1989 986 2068; x_wconf 79' lang='lat' dir='ltr'><strong>exigitis</strong></span> <span class='ocrx_word' id='word_1_297' title='bbox 995 2011 1088 2050; x_wconf 89' lang='lat' dir='ltr'><strong>causas</strong></span> <span class='ocrx_word' id='word_1_298' title='bbox 1098 1992 1144 2049; x_wconf 91' lang='lat' dir='ltr'><strong>ubi</strong></span> <span class='ocrx_word' id='word_1_299' title='bbox 1157 2005 1275 2051; x_wconf 89' lang='lat' dir='ltr'><strong>moratus</strong></span> <span class='ocrx_word' id='word_1_300' title='bbox 1289 1993 1390 2067; x_wconf 89' lang='lat' dir='ltr'><strong>sit,ubi</strong></span> <span class='ocrx_word' id='word_1_301' title='bbox 1401 2008 1506 2054; x_wconf 91' lang='lat' dir='ltr'><strong>tantum</strong></span> <span class='ocrx_word' id='word_1_302' title='bbox 1519 2019 1622 2079; x_wconf 81' lang='lat' dir='ltr'><strong>expen-</strong></span> 
     </span>
     <span class='ocr_line' id='line_1_45' title="bbox 877 2084 1622 2166; baseline 0.015 -24"><span class='ocrx_word' id='word_1_303' title='bbox 877 2084 947 2143; x_wconf 90' lang='lat' dir='ltr'><strong>derit</strong></span> <span class='ocrx_word' id='word_1_304' title='bbox 956 2089 1098 2166; x_wconf 88' lang='lat' dir='ltr'><strong>temporis:</strong></span> <span class='ocrx_word' id='word_1_305' title='bbox 1110 2100 1135 2144; x_wconf 90' lang='lat' dir='ltr'><strong>et</strong></span> <span class='ocrx_word' id='word_1_306' title='bbox 1147 2105 1195 2165; x_wconf 88' lang='lat' dir='ltr'><strong>ego</strong></span> <span class='ocrx_word' id='word_1_307' title='bbox 1206 2109 1299 2146; x_wconf 83' lang='lat' dir='ltr'><strong>servus</strong></span> <span class='ocrx_word' id='word_1_308' title='bbox 1310 2110 1371 2147; x_wconf 90' lang='lat' dir='ltr'><strong>sum</strong></span> <span class='ocrx_word' id='word_1_309' title='bbox 1381 2105 1475 2149; x_wconf 79' lang='lat' dir='ltr'><strong>restrae</strong></span> <span class='ocrx_word' id='word_1_310' title='bbox 1485 2094 1622 2153; x_wconf 86' lang='lat' dir='ltr'><strong>caritatis:</strong></span> 
     </span>
     <span class='ocr_line' id='line_1_46' title="bbox 876 2179 1622 2264; baseline 0.017 -27"><span class='ocrx_word' id='word_1_311' title='bbox 876 2179 978 2239; x_wconf 87' lang='lat' dir='ltr'><strong>emistis</strong></span> <span class='ocrx_word' id='word_1_312' title='bbox 993 2181 1063 2239; x_wconf 85' lang='lat' dir='ltr'><strong>cuim</strong></span> <span class='ocrx_word' id='word_1_313' title='bbox 1079 2202 1132 2258; x_wconf 89' lang='lat' dir='ltr'><strong>me,</strong></span> <span class='ocrx_word' id='word_1_314' title='bbox 1146 2204 1198 2240; x_wconf 91' lang='lat' dir='ltr'><strong>non</strong></span> <span class='ocrx_word' id='word_1_315' title='bbox 1215 2183 1358 2262; x_wconf 77' lang='lat' dir='ltr'><strong>premium</strong></span> <span class='ocrx_word' id='word_1_316' title='bbox 1372 2186 1558 2264; x_wconf 85' lang='lat' dir='ltr'><strong>conficientes,</strong></span> <span class='ocrx_word' id='word_1_317' title='bbox 1575 2190 1622 2249; x_wconf 87' lang='lat' dir='ltr'><strong>sed</strong></span> 
     </span>
     <span class='ocr_line' id='line_1_47' title="bbox 876 2275 1622 2360; baseline 0.017 -28"><span class='ocrx_word' id='word_1_318' title='bbox 876 2275 1014 2334; x_wconf 87' lang='lat' dir='ltr'><strong>caritatem</strong></span> <span class='ocrx_word' id='word_1_319' title='bbox 1022 2276 1196 2336; x_wconf 89' lang='lat' dir='ltr'><strong>ostendentes.</strong></span> <span class='ocrx_word' id='word_1_320' title='bbox 1206 2278 1319 2337; x_wconf 87' lang='lat' dir='ltr'><strong>Gaudeo</strong></span> <span class='ocrx_word' id='word_1_321' title='bbox 1332 2279 1434 2360; x_wconf 89' lang='lat' dir='ltr'><strong>qnippe</strong></span> <span class='ocrx_word' id='word_1_322' title='bbox 1446 2282 1494 2339; x_wconf 90' lang='lat' dir='ltr'><strong>tali</strong></span> <span class='ocrx_word' id='word_1_323' title='bbox 1510 2287 1622 2345; x_wconf 81' lang='lat' dir='ltr'><strong>servitio</strong></span> 
     </span>
     <span class='ocr_line' id='line_1_48' title="bbox 875 2371 1622 2458; baseline 0.015 -30"><span class='ocrx_word' id='word_1_324' title='bbox 875 2371 1064 2452; x_wconf 88' lang='lat' dir='ltr'><strong>mancipatus,</strong></span> <span class='ocrx_word' id='word_1_325' title='bbox 1080 2393 1127 2430; x_wconf 90' lang='lat' dir='ltr'><strong>nec</strong></span> <span class='ocrx_word' id='word_1_326' title='bbox 1140 2394 1268 2450; x_wconf 89' lang='lat' dir='ltr'><strong>umquam</strong></span> <span class='ocrx_word' id='word_1_327' title='bbox 1283 2372 1334 2431; x_wconf 93' lang='lat' dir='ltr'><strong>hoc</strong></span> <span class='ocrx_word' id='word_1_328' title='bbox 1353 2375 1485 2434; x_wconf 80' lang='lat' dir='ltr'><strong>famulatu</strong></span> <span class='ocrx_word' id='word_1_329' title='bbox 1499 2393 1564 2458; x_wconf 93' lang='lat' dir='ltr'><strong>opto</strong></span> <span class='ocrx_word' id='word_1_330' title='bbox 1579 2402 1622 2440; x_wconf 94' lang='lat' dir='ltr'><strong>me</strong></span> 
     </span>
     <span class='ocr_line' id='line_1_49' title="bbox 875 2462 1620 2532; baseline 0.013 -10"><span class='ocrx_word' id='word_1_331' title='bbox 875 2462 944 2523; x_wconf 86' lang='lat' dir='ltr'><strong>solvi</strong></span> <span class='ocrx_word' id='word_1_332' title='bbox 957 2488 963 2520; x_wconf 93' lang='lat'><strong>:</strong></span> <span class='ocrx_word' id='word_1_333' title='bbox 978 2465 1076 2523; x_wconf 89' lang='lat' dir='ltr'><strong>etenim</strong></span> <span class='ocrx_word' id='word_1_334' title='bbox 1091 2465 1165 2524; x_wconf 92' lang='lat' dir='ltr'><strong>istud</strong></span> <span class='ocrx_word' id='word_1_335' title='bbox 1177 2466 1320 2524; x_wconf 88' lang='lat' dir='ltr'><strong>servitium</strong></span> <span class='ocrx_word' id='word_1_336' title='bbox 1344 2468 1411 2526; x_wconf 91' lang='lat' dir='ltr'><strong>mihi</strong></span> <span class='ocrx_word' id='word_1_337' title='bbox 1424 2470 1552 2530; x_wconf 86' lang='lat' dir='ltr'><strong>libertate</strong></span> <span class='ocrx_word' id='word_1_338' title='bbox 1565 2474 1620 2532; x_wconf 89' lang='lat' dir='ltr'><strong>ele·</strong></span> 
     </span>
     <span class='ocr_line' id='line_1_50' title="bbox 873 2559 1619 2638; baseline 0.015 -21"><span class='ocrx_word' id='word_1_339' title='bbox 873 2559 981 2638; x_wconf 89' lang='lat' dir='ltr'><strong>gantius</strong></span> <span class='ocrx_word' id='word_1_340' title='bbox 994 2559 1085 2620; x_wconf 88' lang='lat' dir='ltr'><strong>:istud</strong></span> <span class='ocrx_word' id='word_1_341' title='bbox 1100 2560 1244 2619; x_wconf 86' lang='lat' dir='ltr'><strong>servitium</strong></span> <span class='ocrx_word' id='word_1_342' title='bbox 1258 2562 1285 2619; x_wconf 92' lang='lat' dir='ltr'><strong>in</strong></span> <span class='ocrx_word' id='word_1_343' title='bbox 1297 2561 1365 2619; x_wconf 91' lang='lat' dir='ltr'><strong>illud</strong></span> <span class='ocrx_word' id='word_1_344' title='bbox 1379 2563 1499 2623; x_wconf 90' lang='lat' dir='ltr'><strong>tribunal</strong></span> <span class='ocrx_word' id='word_1_345' title='bbox 1510 2567 1619 2628; x_wconf 88' lang='lat' dir='ltr'><strong>beatum</strong></span> 
     </span>
     <span class='ocr_line' id='line_1_51' title="bbox 872 2654 1619 2722; baseline 0.015 -10"><span class='ocrx_word' id='word_1_346' title='bbox 872 2654 1015 2715; x_wconf 87' lang='lat' dir='ltr'><strong>collocavit</strong></span> <span class='ocrx_word' id='word_1_347' title='bbox 1031 2655 1099 2714; x_wconf 92' lang='lat' dir='ltr'><strong>mihi</strong></span> <span class='ocrx_word' id='word_1_348' title='bbox 1122 2655 1211 2714; x_wconf 88' lang='lat' dir='ltr'><strong>sedem</strong></span> <span class='ocrx_word' id='word_1_349' title='bbox 1226 2679 1232 2711; x_wconf 80' lang='lat' dir='ltr'>z</span> <span class='ocrx_word' id='word_1_350' title='bbox 1250 2656 1321 2715; x_wconf 90' lang='lat' dir='ltr'><strong>istud</strong></span> <span class='ocrx_word' id='word_1_351' title='bbox 1343 2658 1484 2718; x_wconf 83' lang='lat' dir='ltr'><strong>servitium</strong></span> <span class='ocrx_word' id='word_1_352' title='bbox 1508 2684 1561 2721; x_wconf 93' lang='lat' dir='ltr'><strong>non</strong></span> <span class='ocrx_word' id='word_1_353' title='bbox 1581 2678 1619 2722; x_wconf 89' lang='lat' dir='ltr'><strong>est</strong></span> 
     </span>
     <span class='ocr_line' id='line_1_52' title="bbox 872 2750 1619 2826; baseline 0.012 -18"><span class='ocrx_word' id='word_1_354' title='bbox 872 2751 1045 2826; x_wconf 88' lang='lat' dir='ltr'><strong>necessitatis,</strong></span> <span class='ocrx_word' id='word_1_355' title='bbox 1052 2750 1099 2810; x_wconf 85' lang='lat' dir='ltr'><strong>sed</strong></span> <span class='ocrx_word' id='word_1_356' title='bbox 1116 2750 1272 2810; x_wconf 86' lang='lat' dir='ltr'><strong>voluntatis.</strong></span> <span class='ocrx_word' id='word_1_357' title='bbox 1291 2752 1360 2826; x_wconf 91' lang='lat' dir='ltr'><strong>Quis</strong></span> <span class='ocrx_word' id='word_1_358' title='bbox 1375 2755 1446 2812; x_wconf 88' lang='lat' dir='ltr'><strong>enim</strong></span> <span class='ocrx_word' id='word_1_359' title='bbox 1460 2776 1513 2814; x_wconf 93' lang='lat' dir='ltr'><strong>non</strong></span> <span class='ocrx_word' id='word_1_360' title='bbox 1528 2756 1619 2817; x_wconf 90' lang='lat' dir='ltr'><strong>liben-</strong></span> 
     </span>
     <span class='ocr_line' id='line_1_53' title="bbox 871 2843 1619 2928; baseline 0.013 -27"><span class='ocrx_word' id='word_1_361' title='bbox 871 2843 973 2902; x_wconf 88' lang='lat' dir='ltr'><strong>tissime</strong></span> <span class='ocrx_word' id='word_1_362' title='bbox 982 2843 1227 2904; x_wconf 88' lang='lat' dir='ltr'><strong>serviatdilectioni</strong></span> <span class='ocrx_word' id='word_1_363' title='bbox 1237 2859 1403 2920; x_wconf 74' lang='lat' dir='ltr'><strong>vestrae,tam</strong></span> <span class='ocrx_word' id='word_1_364' title='bbox 1413 2847 1619 2928; x_wconf 83' lang='lat' dir='ltr'><strong>elegantissimis</strong></span> 
     </span>
     <span class='ocr_line' id='line_1_54' title="bbox 870 2939 1616 3024; baseline 0.016 -29"><span class='ocrx_word' id='word_1_365' title='bbox 870 2939 1616 3024; x_wconf 73' lang='lat' dir='ltr'><strong>amatoribusPQuodetsilapideamhaberemanimam,</strong></span> 
     </span>
    </p>
   </div>
   <div class='ocr_carea' id='block_1_6' title="bbox 869 3035 1701 3312">
    <p class='ocr_par' dir='ltr' id='par_1_6' title="bbox 869 3035 1701 3312">
     <span class='ocr_line' id='line_1_55' title="bbox 871 3035 1701 3111; baseline 0.018 -21"><span class='ocrx_word' id='word_1_366' title='bbox 871 3053 929 3092; x_wconf 87' lang='lat' dir='ltr'><strong>cera</strong></span> <span class='ocrx_word' id='word_1_367' title='bbox 945 3035 1074 3094; x_wconf 72' lang='lat' dir='ltr'><strong>fecissetis</strong></span> <span class='ocrx_word' id='word_1_368' title='bbox 1091 3036 1253 3094; x_wconf 88' lang='lat' dir='ltr'><strong>molliorem.</strong></span> <span class='ocrx_word' id='word_1_369' title='bbox 1270 3037 1349 3111; x_wconf 90' lang='lat' dir='ltr'><strong>Quid</strong></span> <span class='ocrx_word' id='word_1_370' title='bbox 1362 3038 1452 3097; x_wconf 87' lang='lat' dir='ltr'><strong>dicam</strong></span> <span class='ocrx_word' id='word_1_371' title='bbox 1478 3040 1614 3104; x_wconf 90' lang='lat' dir='ltr'><strong>desiderio</strong></span> <span class='ocrx_word' id='word_1_372' title='bbox 1656 3070 1701 3111; x_wconf 63' lang='lat' dir='ltr'><strong>raa.</strong></span> 
     </span>
     <span class='ocr_line' id='line_1_56' title="bbox 870 3130 1701 3235; baseline 0.017 -50"><span class='ocrx_word' id='word_1_373' title='bbox 870 3141 970 3201; x_wconf 87' lang='lat' dir='ltr'><strong>vestro,</strong></span> <span class='ocrx_word' id='word_1_374' title='bbox 986 3143 1012 3188; x_wconf 90' lang='lat' dir='ltr'><strong>et</strong></span> <span class='ocrx_word' id='word_1_375' title='bbox 1034 3130 1130 3207; x_wconf 85' lang='lat' dir='ltr'><strong>favori,</strong></span> <span class='ocrx_word' id='word_1_376' title='bbox 1141 3152 1220 3209; x_wconf 88' lang='lat' dir='ltr'><strong>quem</strong></span> <span class='ocrx_word' id='word_1_377' title='bbox 1242 3131 1365 3191; x_wconf 88' lang='lat' dir='ltr'><strong>hesterna</strong></span> <span class='ocrx_word' id='word_1_378' title='bbox 1388 3135 1542 3196; x_wconf 89' lang='lat' dir='ltr'><strong>ostendistis</strong></span> <span class='ocrx_word' id='word_1_379' title='bbox 1558 3139 1679 3235; x_wconf 59' lang='lat' dir='ltr'><strong>die,g¹,¹³¹&#39;¹</strong></span> <span class='ocrx_word' id='word_1_380' title='bbox 1698 3193 1701 3230; x_wconf 77' lang='lat'><strong>,</strong></span> 
     </span>
     <span class='ocr_line' id='line_1_57' title="bbox 869 3203 1700 3312; baseline 0.016 -32"><span class='ocrx_word' id='word_1_381' title='bbox 869 3223 1004 3301; x_wconf 91' lang='lat' dir='ltr'><strong>quomodo</strong></span> <span class='ocrx_word' id='word_1_382' title='bbox 1017 3243 1096 3283; x_wconf 83' lang='lat' dir='ltr'><strong>voces</strong></span> <span class='ocrx_word' id='word_1_383' title='bbox 1116 3239 1210 3284; x_wconf 82' lang='lat' dir='ltr'><strong>vesuae</strong></span> <span class='ocrx_word' id='word_1_384' title='bbox 1225 3248 1286 3284; x_wconf 90' lang='lat' dir='ltr'><strong>cum</strong></span> <span class='ocrx_word' id='word_1_385' title='bbox 1303 3228 1401 3305; x_wconf 84' lang='lat' dir='ltr'><strong>gaudio</strong></span> <span class='ocrx_word' id='word_1_386' title='bbox 1420 3230 1517 3288; x_wconf 83' lang='lat' dir='ltr'><strong>caelum</strong></span> <span class='ocrx_word' id='word_1_387' title='bbox 1532 3255 1613 3312; x_wconf 89' lang='lat' dir='ltr'><strong>pcne-</strong></span> <span class='ocrx_word' id='word_1_388' title='bbox 1639 3203 1700 3295; x_wconf 63' lang='lat' dir='ltr'><strong>&#39;iiiia</strong></span> 
     </span>
    </p>
   </div>
   <div class='ocr_carea' id='block_1_7' title="bbox 871 3317 1696 3400">
    <p class='ocr_par' dir='ltr' id='par_1_7' title="bbox 871 3317 1696 3400">
     <span class='ocr_line' id='line_1_58' title="bbox 871 3317 1696 3400; baseline 0.013 -25"><span class='ocrx_word' id='word_1_389' title='bbox 871 3319 997 3377; x_wconf 79' lang='lat' dir='ltr'><strong>trarunti&#39;</strong></span> <span class='ocrx_word' id='word_1_390' title='bbox 1013 3321 1105 3400; x_wconf 84' lang='lat' dir='ltr'><strong>lpsuru</strong></span> <span class='ocrx_word' id='word_1_391' title='bbox 1129 3321 1325 3380; x_wconf 88' lang='lat' dir='ltr'><strong>sanctificantes</strong></span> <span class='ocrx_word' id='word_1_392' title='bbox 1348 3345 1455 3399; x_wconf 89' lang='lat' dir='ltr'><strong>aerem,</strong></span> <span class='ocrx_word' id='word_1_393' title='bbox 1476 3328 1613 3388; x_wconf 88' lang='lat' dir='ltr'><strong>civitatem</strong></span> <span class='ocrx_word' id='word_1_394' title='bbox 1624 3317 1696 3359; x_wconf 72' lang='lat'><strong>¹¹⁴¹¹¹¹¹¹·</strong></span> 
     </span>
    </p>
   </div>
   <div class='ocr_carea' id='block_1_8' title="bbox 1 3036 821 3404">
    <p class='ocr_par' dir='ltr' id='par_1_8' title="bbox 1 3036 821 3404">
     <span class='ocr_line' id='line_1_59' title="bbox 1 3036 821 3117; baseline 0.001 -21"><span class='ocrx_word' id='word_1_395' title='bbox 1 3073 3 3084; x_wconf 91' lang='lat'><em>·</em></span> <span class='ocrx_word' id='word_1_396' title='bbox 45 3073 52 3087; x_wconf 88' lang='lat'><strong>·</strong></span> <span class='ocrx_word' id='word_1_397' title='bbox 77 3036 184 3097; x_wconf 87' lang='lat' dir='ltr'><strong>diccns=</strong></span> <span class='ocrx_word' id='word_1_398' title='bbox 199 3041 351 3117; x_wconf 78' lang='lat' dir='ltr'><strong>Exsurge,</strong></span> <span class='ocrx_word' id='word_1_399' title='bbox 371 3039 537 3097; x_wconf 83' lang='lat' dir='ltr'><strong>descende:</strong></span> <span class='ocrx_word' id='word_1_400' title='bbox 553 3042 641 3117; x_wconf 82' lang='lat' dir='ltr'><strong>impie</strong></span> <span class='ocrx_word' id='word_1_401' title='bbox 653 3043 729 3097; x_wconf 83' lang='lat' dir='ltr'><strong>enim</strong></span> <span class='ocrx_word' id='word_1_402' title='bbox 749 3041 821 3117; x_wconf 76' lang='lat' dir='ltr'><strong>fecit</strong></span> 
     </span>
     <span class='ocr_line' id='line_1_60' title="bbox 76 3130 821 3213; baseline -0.001 -22"><span class='ocrx_word' id='word_1_403' title='bbox 76 3132 200 3213; x_wconf 85' lang='lat' dir='ltr'><strong>populus</strong></span> <span class='ocrx_word' id='word_1_404' title='bbox 215 3130 353 3192; x_wconf 86' lang='lat' dir='ltr'><strong>tuus.Sed</strong></span> <span class='ocrx_word' id='word_1_405' title='bbox 362 3151 412 3210; x_wconf 91' lang='lat' dir='ltr'><strong>ego</strong></span> <span class='ocrx_word' id='word_1_406' title='bbox 428 3130 700 3212; x_wconf 83' lang='lat' dir='ltr'><strong>nullamhujnsmodi</strong></span> <span class='ocrx_word' id='word_1_407' title='bbox 720 3133 821 3213; x_wconf 87' lang='lat' dir='ltr'><strong>jussio-</strong></span> 
     </span>
     <span class='ocr_line' id='line_1_61' title="bbox 77 3225 820 3307; baseline 0.001 -22"><span class='ocrx_word' id='word_1_408' title='bbox 77 3247 137 3285; x_wconf 85' lang='lat' dir='ltr'><strong>nem</strong></span> <span class='ocrx_word' id='word_1_409' title='bbox 159 3227 259 3306; x_wconf 88' lang='lat' dir='ltr'><strong>aecepi.</strong></span> <span class='ocrx_word' id='word_1_410' title='bbox 275 3225 309 3285; x_wconf 91' lang='lat' dir='ltr'><strong>Et</strong></span> <span class='ocrx_word' id='word_1_411' title='bbox 328 3247 391 3285; x_wconf 89' lang='lat' dir='ltr'><strong>curn</strong></span> <span class='ocrx_word' id='word_1_412' title='bbox 415 3226 558 3307; x_wconf 89' lang='lat' dir='ltr'><strong>paululum</strong></span> <span class='ocrx_word' id='word_1_413' title='bbox 584 3227 653 3286; x_wconf 90' lang='lat' dir='ltr'><strong>mihi</strong></span> <span class='ocrx_word' id='word_1_414' title='bbox 676 3228 820 3287; x_wconf 82' lang='lat' dir='ltr'><strong>iufirmitas</strong></span> 
     </span>
     <span class='ocr_line' id='line_1_62' title="bbox 77 3321 820 3404; baseline -0.003 -22"><span class='ocrx_word' id='word_1_415' title='bbox 77 3322 198 3404; x_wconf 84' lang='lat' dir='ltr'><strong>corporis</strong></span> <span class='ocrx_word' id='word_1_416' title='bbox 220 3321 371 3394; x_wconf 88' lang='lat' dir='ltr'><strong>accidisset,</strong></span> <span class='ocrx_word' id='word_1_417' title='bbox 400 3343 453 3380; x_wconf 93' lang='lat' dir='ltr'><strong>non</strong></span> <span class='ocrx_word' id='word_1_418' title='bbox 477 3343 521 3381; x_wconf 89' lang='lat' dir='ltr'><strong>me</strong></span> <span class='ocrx_word' id='word_1_419' title='bbox 546 3321 707 3400; x_wconf 89' lang='lat' dir='ltr'><strong>inquietavit</strong></span> <span class='ocrx_word' id='word_1_420' title='bbox 731 3338 820 3383; x_wconf 83' lang='lat' dir='ltr'><strong>vestra</strong></span> 
     </span>
    </p>
   </div>
   <div class='ocr_carea' id='block_1_9' title="bbox 7 3416 822 5299">
    <p class='ocr_par' dir='ltr' id='par_1_9' title="bbox 7 3416 822 5299">
     <span class='ocr_line' id='line_1_63' title="bbox 7 3416 820 3496; baseline 0 -20"><span class='ocrx_word' id='word_1_421' title='bbox 7 3482 12 3494; x_wconf 54' lang='grc'><strong>,</strong></span> <span class='ocrx_word' id='word_1_422' title='bbox 45 3481 51 3496; x_wconf 40' lang='lat'><strong>¹</strong></span> <span class='ocrx_word' id='word_1_423' title='bbox 77 3416 212 3487; x_wconf 85' lang='lat' dir='ltr'><strong>absentia,</strong></span> <span class='ocrx_word' id='word_1_424' title='bbox 229 3416 275 3477; x_wconf 86' lang='lat' dir='ltr'><strong>sed</strong></span> <span class='ocrx_word' id='word_1_425' title='bbox 291 3438 402 3476; x_wconf 87' lang='lat' dir='ltr'><strong>securus</strong></span> <span class='ocrx_word' id='word_1_426' title='bbox 420 3416 455 3476; x_wconf 90' lang='lat' dir='ltr'><strong>de</strong></span> <span class='ocrx_word' id='word_1_427' title='bbox 468 3416 545 3476; x_wconf 91' lang='lat' dir='ltr'><strong>vobis</strong></span> <span class='ocrx_word' id='word_1_428' title='bbox 558 3416 741 3496; x_wconf 68' lang='lat' dir='ltr'><strong>aegrotationis</strong></span> <span class='ocrx_word' id='word_1_429' title='bbox 754 3439 820 3476; x_wconf 83' lang='lat' dir='ltr'><strong>meae</strong></span> 
     </span>
     <span class='ocr_line' id='line_1_64' title="bbox 77 3512 822 3594; baseline 0 -23"><span class='ocrx_word' id='word_1_430' title='bbox 77 3512 545 3594; x_wconf 83' lang='lat' dir='ltr'><strong>exspectarimedelam.Nonenim</strong></span> <span class='ocrx_word' id='word_1_431' title='bbox 555 3533 625 3592; x_wconf 86' lang='lat' dir='ltr'><strong>opus</strong></span> <span class='ocrx_word' id='word_1_432' title='bbox 635 3515 744 3571; x_wconf 83' lang='lat' dir='ltr'><strong>hubent</strong></span> <span class='ocrx_word' id='word_1_433' title='bbox 754 3517 822 3572; x_wconf 81' lang='lat' dir='ltr'><strong>sani</strong></span> 
     </span>
     <span class='ocr_line' id='line_1_65' title="bbox 75 3606 821 3688; baseline 0.001 -22"><span class='ocrx_word' id='word_1_434' title='bbox 75 3609 199 3685; x_wconf 79' lang='lat' dir='ltr'><strong>medico,</strong></span> <span class='ocrx_word' id='word_1_435' title='bbox 209 3608 262 3667; x_wconf 87' lang='lat' dir='ltr'><strong>sed</strong></span> <span class='ocrx_word' id='word_1_436' title='bbox 270 3611 322 3688; x_wconf 77' lang='lat' dir='ltr'><strong>qui</strong></span> <span class='ocrx_word' id='word_1_437' title='bbox 334 3608 414 3666; x_wconf 84' lang='lat' dir='ltr'><strong>male</strong></span> <span class='ocrx_word' id='word_1_438' title='bbox 423 3609 543 3666; x_wconf 86' lang='lat' dir='ltr'><strong>hubent.</strong></span> <span class='ocrx_word' id='word_1_439' title='bbox 558 3608 628 3666; x_wconf 85' lang='lat' dir='ltr'><strong>Nam</strong></span> <span class='ocrx_word' id='word_1_440' title='bbox 639 3619 665 3666; x_wconf 88' lang='lat' dir='ltr'><strong>et</strong></span> <span class='ocrx_word' id='word_1_441' title='bbox 679 3606 701 3667; x_wconf 95' lang='lat' dir='ltr'><strong>si</strong></span> <span class='ocrx_word' id='word_1_442' title='bbox 715 3606 821 3667; x_wconf 85' lang='lat' dir='ltr'><strong>tardavi</strong></span> 
     </span>
     <span class='ocr_line' id='line_1_66' title="bbox 74 3701 821 3784; baseline -0.001 -23"><span class='ocrx_word' id='word_1_443' title='bbox 74 3719 223 3784; x_wconf 85' lang='lat' dir='ltr'><strong>parumper</strong></span> <span class='ocrx_word' id='word_1_444' title='bbox 231 3723 246 3760; x_wconf 93' lang='lat' dir='ltr'><strong>a</strong></span> <span class='ocrx_word' id='word_1_445' title='bbox 254 3703 345 3777; x_wconf 87' lang='lat' dir='ltr'><strong>vobis,</strong></span> <span class='ocrx_word' id='word_1_446' title='bbox 355 3723 407 3761; x_wconf 95' lang='lat' dir='ltr'><strong>non</strong></span> <span class='ocrx_word' id='word_1_447' title='bbox 419 3703 471 3762; x_wconf 93' lang='lat' dir='ltr'><strong>hoc</strong></span> <span class='ocrx_word' id='word_1_448' title='bbox 481 3701 516 3761; x_wconf 93' lang='lat' dir='ltr'><strong>ad</strong></span> <span class='ocrx_word' id='word_1_449' title='bbox 527 3701 719 3762; x_wconf 87' lang='lat' dir='ltr'><strong>detrimentum</strong></span> <span class='ocrx_word' id='word_1_450' title='bbox 727 3703 821 3770; x_wconf 82' lang='lat' dir='ltr'><strong>vestri,</strong></span> 
     </span>
     <span class='ocr_line' id='line_1_67' title="bbox 77 3795 820 3877; baseline 0 -21"><span class='ocrx_word' id='word_1_451' title='bbox 77 3796 125 3856; x_wconf 86' lang='lat' dir='ltr'><strong>sed</strong></span> <span class='ocrx_word' id='word_1_452' title='bbox 138 3796 174 3856; x_wconf 88' lang='lat' dir='ltr'><strong>ad</strong></span> <span class='ocrx_word' id='word_1_453' title='bbox 189 3795 301 3857; x_wconf 84' lang='lat' dir='ltr'><strong>divitias</strong></span> <span class='ocrx_word' id='word_1_454' title='bbox 314 3811 381 3877; x_wconf 90' lang='lat' dir='ltr'><strong>puto</strong></span> <span class='ocrx_word' id='word_1_455' title='bbox 394 3797 526 3877; x_wconf 87' lang='lat' dir='ltr'><strong>prolicere</strong></span> <span class='ocrx_word' id='word_1_456' title='bbox 538 3812 660 3857; x_wconf 80' lang='lat' dir='ltr'><strong>vestras:</strong></span> <span class='ocrx_word' id='word_1_457' title='bbox 675 3819 735 3876; x_wconf 83' lang='lat' dir='ltr'><strong>quae</strong></span> <span class='ocrx_word' id='word_1_458' title='bbox 749 3797 820 3856; x_wconf 88' lang='lat' dir='ltr'><strong>enim</strong></span> 
     </span>
     <span class='ocr_line' id='line_1_68' title="bbox 75 3890 819 3972; baseline 0.001 -23"><span class='ocrx_word' id='word_1_459' title='bbox 75 3911 184 3972; x_wconf 89' lang='lat' dir='ltr'><strong>perme,</strong></span> <span class='ocrx_word' id='word_1_460' title='bbox 197 3891 252 3948; x_wconf 92' lang='lat' dir='ltr'><strong>imo</strong></span> <span class='ocrx_word' id='word_1_461' title='bbox 264 3890 349 3969; x_wconf 88' lang='lat' dir='ltr'><strong>magis</strong></span> <span class='ocrx_word' id='word_1_462' title='bbox 359 3911 408 3969; x_wconf 88' lang='lat' dir='ltr'><strong>per</strong></span> <span class='ocrx_word' id='word_1_463' title='bbox 422 3892 536 3969; x_wconf 87' lang='lat' dir='ltr'><strong>gratiam</strong></span> <span class='ocrx_word' id='word_1_464' title='bbox 550 3892 602 3951; x_wconf 89' lang='lat' dir='ltr'><strong>Dei</strong></span> <span class='ocrx_word' id='word_1_465' title='bbox 613 3905 732 3952; x_wconf 88' lang='lat' dir='ltr'><strong>correcta</strong></span> <span class='ocrx_word' id='word_1_466' title='bbox 747 3906 819 3965; x_wconf 88' lang='lat' dir='ltr'><strong>sunt,</strong></span> 
     </span>
     <span class='ocr_line' id='line_1_69' title="bbox 77 3986 819 4065; baseline -0.001 -20"><span class='ocrx_word' id='word_1_467' title='bbox 77 3997 165 4045; x_wconf 76' lang='lat' dir='ltr'><strong>vestra</strong></span> <span class='ocrx_word' id='word_1_468' title='bbox 183 4004 280 4043; x_wconf 87' lang='lat' dir='ltr'><strong>corona</strong></span> <span class='ocrx_word' id='word_1_469' title='bbox 302 3997 352 4059; x_wconf 88' lang='lat' dir='ltr'><strong>est,</strong></span> <span class='ocrx_word' id='word_1_470' title='bbox 369 3997 457 4042; x_wconf 82' lang='lat' dir='ltr'><strong>vester</strong></span> <span class='ocrx_word' id='word_1_471' title='bbox 478 3986 614 4065; x_wconf 80' lang='lat' dir='ltr'><strong>profectus</strong></span> <span class='ocrx_word' id='word_1_472' title='bbox 632 4000 680 4046; x_wconf 88' lang='lat' dir='ltr'><strong>est.</strong></span> <span class='ocrx_word' id='word_1_473' title='bbox 703 3987 739 4045; x_wconf 93' lang='lat' dir='ltr'><strong>Et</strong></span> <span class='ocrx_word' id='word_1_474' title='bbox 758 3986 819 4045; x_wconf 86' lang='lat' dir='ltr'><strong>ideo</strong></span> 
     </span>
     <span class='ocr_line' id='line_1_70' title="bbox 76 4077 817 4161; baseline 0.001 -22"><span class='ocrx_word' id='word_1_475' title='bbox 76 4079 180 4161; x_wconf 86' lang='lat' dir='ltr'><strong>gaudeo</strong></span> <span class='ocrx_word' id='word_1_476' title='bbox 191 4093 217 4137; x_wconf 92' lang='lat' dir='ltr'><strong>et</strong></span> <span class='ocrx_word' id='word_1_477' title='bbox 228 4077 361 4158; x_wconf 86' lang='lat' dir='ltr'><strong>tripudio,</strong></span> <span class='ocrx_word' id='word_1_478' title='bbox 369 4092 395 4136; x_wconf 90' lang='lat' dir='ltr'><strong>et</strong></span> <span class='ocrx_word' id='word_1_479' title='bbox 405 4092 542 4157; x_wconf 88' lang='lat' dir='ltr'><strong>tamquam</strong></span> <span class='ocrx_word' id='word_1_480' title='bbox 553 4081 665 4140; x_wconf 87' lang='lat' dir='ltr'><strong>volitare</strong></span> <span class='ocrx_word' id='word_1_481' title='bbox 673 4102 716 4139; x_wconf 93' lang='lat' dir='ltr'><strong>me</strong></span> <span class='ocrx_word' id='word_1_482' title='bbox 727 4080 817 4149; x_wconf 86' lang='lat' dir='ltr'><strong>credo,</strong></span> 
     </span>
     <span class='ocr_line' id='line_1_71' title="bbox 76 4171 816 4253; baseline 0.001 -21"><span class='ocrx_word' id='word_1_483' title='bbox 76 4171 510 4253; x_wconf 82' lang='lat' dir='ltr'><strong>etgaudiihujusmagnitudinem</strong></span> <span class='ocrx_word' id='word_1_484' title='bbox 517 4173 593 4232; x_wconf 78' lang='lat' dir='ltr'><strong>ellari</strong></span> <span class='ocrx_word' id='word_1_485' title='bbox 601 4173 816 4253; x_wconf 85' lang='lat' dir='ltr'><strong>nonqueo.Quid</strong></span> 
     </span>
     <span class='ocr_line' id='line_1_72' title="bbox 75 4266 817 4349; baseline 0 -19"><span class='ocrx_word' id='word_1_486' title='bbox 75 4289 141 4349; x_wconf 84' lang='lat' dir='ltr'><strong>ergo</strong></span> <span class='ocrx_word' id='word_1_487' title='bbox 162 4268 259 4329; x_wconf 78' lang='lat' dir='ltr'><strong>faciam</strong></span> <span class='ocrx_word' id='word_1_488' title='bbox 272 4267 286 4322; x_wconf 73' lang='grc'>9</span> <span class='ocrx_word' id='word_1_489' title='bbox 300 4266 436 4345; x_wconf 91' lang='lat' dir='ltr'><strong>quomodo</strong></span> <span class='ocrx_word' id='word_1_490' title='bbox 459 4266 586 4326; x_wconf 90' lang='lat' dir='ltr'><strong>indicabo</strong></span> <span class='ocrx_word' id='word_1_491' title='bbox 611 4269 817 4330; x_wconf 86' lang='lat' dir='ltr'><strong>exsultationem</strong></span> 
     </span>
     <span class='ocr_line' id='line_1_73' title="bbox 76 4360 816 4425; baseline 0 -1"><span class='ocrx_word' id='word_1_492' title='bbox 76 4365 173 4425; x_wconf 88' lang='lat' dir='ltr'><strong>mentis</strong></span> <span class='ocrx_word' id='word_1_493' title='bbox 186 4363 274 4422; x_wconf 74' lang='lat' dir='ltr'><strong>meae?</strong></span> <span class='ocrx_word' id='word_1_494' title='bbox 288 4366 318 4422; x_wconf 91' lang='lat' dir='ltr'><strong>ln</strong></span> <span class='ocrx_word' id='word_1_495' title='bbox 333 4360 516 4421; x_wconf 82' lang='lat' dir='ltr'><strong>testimonium</strong></span> <span class='ocrx_word' id='word_1_496' title='bbox 537 4383 606 4421; x_wconf 87' lang='lat' dir='ltr'><strong>voco</strong></span> <span class='ocrx_word' id='word_1_497' title='bbox 627 4363 816 4424; x_wconf 86' lang='lat' dir='ltr'><strong>conscientiam</strong></span> 
     </span>
     <span class='ocr_line' id='line_1_74' title="bbox 74 4456 817 4538; baseline -0.001 -18"><span class='ocrx_word' id='word_1_498' title='bbox 74 4473 203 4530; x_wconf 84' lang='lat' dir='ltr'><strong>vestram,</strong></span> <span class='ocrx_word' id='word_1_499' title='bbox 217 4459 344 4536; x_wconf 90' lang='lat' dir='ltr'><strong>quoniam</strong></span> <span class='ocrx_word' id='word_1_500' title='bbox 359 4456 439 4517; x_wconf 84' lang='lat' dir='ltr'><strong>video</strong></span> <span class='ocrx_word' id='word_1_501' title='bbox 453 4478 487 4516; x_wconf 87' lang='lat' dir='ltr'><strong>ex</strong></span> <span class='ocrx_word' id='word_1_502' title='bbox 505 4457 624 4517; x_wconf 88' lang='lat' dir='ltr'><strong>adventu</strong></span> <span class='ocrx_word' id='word_1_503' title='bbox 643 4479 702 4517; x_wconf 88' lang='lat' dir='ltr'><strong>meo</strong></span> <span class='ocrx_word' id='word_1_504' title='bbox 717 4459 817 4538; x_wconf 88' lang='lat' dir='ltr'><strong>gaudio</strong></span> 
     </span>
     <span class='ocr_line' id='line_1_75' title="bbox 75 4545 815 4634; baseline -0.001 -19"><span class='ocrx_word' id='word_1_505' title='bbox 75 4551 283 4634; x_wconf 83' lang='lat' dir='ltr'><strong>esserepletam:</strong></span> <span class='ocrx_word' id='word_1_506' title='bbox 296 4552 372 4630; x_wconf 91' lang='lat' dir='ltr'><strong>quod</strong></span> <span class='ocrx_word' id='word_1_507' title='bbox 391 4553 533 4633; x_wconf 89' lang='lat' dir='ltr'><strong>gaudium,</strong></span> <span class='ocrx_word' id='word_1_508' title='bbox 541 4574 637 4612; x_wconf 89' lang='lat' dir='ltr'><strong>corona</strong></span> <span class='ocrx_word' id='word_1_509' title='bbox 648 4566 676 4612; x_wconf 93' lang='lat' dir='ltr'><strong>et</strong></span> <span class='ocrx_word' id='word_1_510' title='bbox 687 4554 747 4612; x_wconf 90' lang='lat' dir='ltr'><strong>laus</strong></span> <span class='ocrx_word' id='word_1_511' title='bbox 759 4545 815 4614; x_wconf 79' lang='lat' dir='ltr'><strong>mea</strong></span> 
     </span>
     <span class='ocr_line' id='line_1_76' title="bbox 75 4648 813 4730; baseline -0.001 -20"><span class='ocrx_word' id='word_1_512' title='bbox 75 4663 123 4711; x_wconf 88' lang='lat' dir='ltr'><strong>est.</strong></span> <span class='ocrx_word' id='word_1_513' title='bbox 138 4648 250 4709; x_wconf 83' lang='lat' dir='ltr'><strong>sienim</strong></span> <span class='ocrx_word' id='word_1_514' title='bbox 265 4669 324 4707; x_wconf 90' lang='lat' dir='ltr'><strong>mea</strong></span> <span class='ocrx_word' id='word_1_515' title='bbox 336 4648 414 4706; x_wconf 81' lang='lat' dir='ltr'><strong>unius</strong></span> <span class='ocrx_word' id='word_1_516' title='bbox 425 4648 478 4706; x_wconf 89' lang='lat' dir='ltr'><strong>viri</strong></span> <span class='ocrx_word' id='word_1_517' title='bbox 491 4648 631 4728; x_wconf 74' lang='lat' dir='ltr'><strong>praesentia</strong></span> <span class='ocrx_word' id='word_1_518' title='bbox 645 4663 745 4708; x_wconf 89' lang='lat' dir='ltr'><strong>tantam</strong></span> <span class='ocrx_word' id='word_1_519' title='bbox 757 4650 813 4730; x_wconf 89' lang='lat' dir='ltr'><strong>ple·</strong></span> 
     </span>
     <span class='ocr_line' id='line_1_77' title="bbox 73 4743 815 4827; baseline -0.004 -20"><span class='ocrx_word' id='word_1_520' title='bbox 73 4747 136 4807; x_wconf 85' lang='lat' dir='ltr'><strong>bem</strong></span> <span class='ocrx_word' id='word_1_521' title='bbox 158 4744 207 4804; x_wconf 90' lang='lat' dir='ltr'><strong>tali</strong></span> <span class='ocrx_word' id='word_1_522' title='bbox 232 4743 346 4823; x_wconf 88' lang='lat' dir='ltr'><strong>replevit</strong></span> <span class='ocrx_word' id='word_1_523' title='bbox 367 4744 529 4823; x_wconf 69' lang='lat' dir='ltr'><strong>voluptates</strong></span> <span class='ocrx_word' id='word_1_524' title='bbox 554 4757 686 4822; x_wconf 88' lang='lat' dir='ltr'><strong>quantum</strong></span> <span class='ocrx_word' id='word_1_525' title='bbox 713 4747 815 4827; x_wconf 90' lang='lat' dir='ltr'><strong>putatis</strong></span> 
     </span>
     <span class='ocr_line' id='line_1_78' title="bbox 74 4837 814 4916; baseline -0.003 -15"><span class='ocrx_word' id='word_1_526' title='bbox 74 4840 143 4901; x_wconf 88' lang='lat' dir='ltr'><strong>mibi</strong></span> <span class='ocrx_word' id='word_1_527' title='bbox 160 4861 194 4899; x_wconf 84' lang='lat' dir='ltr'><strong>ex</strong></span> <span class='ocrx_word' id='word_1_528' title='bbox 208 4838 311 4898; x_wconf 84' lang='lat' dir='ltr'><strong>visione</strong></span> <span class='ocrx_word' id='word_1_529' title='bbox 322 4851 410 4896; x_wconf 82' lang='lat' dir='ltr'><strong>vestra</strong></span> <span class='ocrx_word' id='word_1_530' title='bbox 429 4837 559 4916; x_wconf 88' lang='lat' dir='ltr'><strong>gaudium</strong></span> <span class='ocrx_word' id='word_1_531' title='bbox 574 4840 764 4898; x_wconf 78' lang='lat' dir='ltr'><strong>cumulatum?</strong></span> <span class='ocrx_word' id='word_1_532' title='bbox 779 4841 814 4900; x_wconf 86' lang='lat' dir='ltr'><strong>Et</strong></span> 
     </span>
     <span class='ocr_line' id='line_1_79' title="bbox 72 4925 812 5015; baseline -0.005 -18"><span class='ocrx_word' id='word_1_533' title='bbox 72 4934 158 4998; x_wconf 80' lang='lat' dir='ltr'><strong>Jacob</strong></span> <span class='ocrx_word' id='word_1_534' title='bbox 171 4932 281 5012; x_wconf 88' lang='lat' dir='ltr'><strong>quidem</strong></span> <span class='ocrx_word' id='word_1_535' title='bbox 300 4953 385 4990; x_wconf 90' lang='lat' dir='ltr'><strong>unum</strong></span> <span class='ocrx_word' id='word_1_536' title='bbox 398 4932 486 4991; x_wconf 88' lang='lat' dir='ltr'><strong>lilium</strong></span> <span class='ocrx_word' id='word_1_537' title='bbox 505 4932 602 4992; x_wconf 86' lang='lat' dir='ltr'><strong>videns</strong></span> <span class='ocrx_word' id='word_1_538' title='bbox 619 4934 732 5014; x_wconf 81' lang='lat' dir='ltr'><strong>loseph,</strong></span> <span class='ocrx_word' id='word_1_539' title='bbox 745 4925 812 5015; x_wconf 86' lang='lat' dir='ltr'><strong>gau·</strong></span> 
     </span>
     <span class='ocr_line' id='line_1_80' title="bbox 70 5027 811 5109; baseline 0 -20"><span class='ocrx_word' id='word_1_540' title='bbox 70 5028 153 5089; x_wconf 85' lang='lat' dir='ltr'><strong>debat</strong></span> <span class='ocrx_word' id='word_1_541' title='bbox 170 5049 268 5101; x_wconf 85' lang='lat' dir='ltr'><strong>senex,</strong></span> <span class='ocrx_word' id='word_1_542' title='bbox 281 5041 308 5086; x_wconf 86' lang='lat' dir='ltr'><strong>et</strong></span> <span class='ocrx_word' id='word_1_543' title='bbox 327 5027 498 5086; x_wconf 81' lang='lat' dir='ltr'><strong>recreabatur</strong></span> <span class='ocrx_word' id='word_1_544' title='bbox 520 5028 637 5109; x_wconf 81' lang='lat' dir='ltr'><strong>spiritu:</strong></span> <span class='ocrx_word' id='word_1_545' title='bbox 658 5050 707 5108; x_wconf 90' lang='lat' dir='ltr'><strong>ego</strong></span> <span class='ocrx_word' id='word_1_546' title='bbox 722 5043 811 5089; x_wconf 86' lang='lat' dir='ltr'><strong>autern</strong></span> 
     </span>
     <span class='ocr_line' id='line_1_81' title="bbox 61 5122 811 5202; baseline 0.001 -18"><span class='ocrx_word' id='word_1_547' title='bbox 61 5131 125 5184; x_wconf 74' lang='lat' dir='ltr'><strong>&#39;non</strong></span> <span class='ocrx_word' id='word_1_548' title='bbox 134 5142 219 5181; x_wconf 91' lang='lat' dir='ltr'><strong>unum</strong></span> <span class='ocrx_word' id='word_1_549' title='bbox 230 5122 341 5202; x_wconf 84' lang='lat' dir='ltr'><strong>loseph,</strong></span> <span class='ocrx_word' id='word_1_550' title='bbox 349 5123 394 5181; x_wconf 87' lang='lat' dir='ltr'><strong>sed</strong></span> <span class='ocrx_word' id='word_1_551' title='bbox 407 5143 498 5181; x_wconf 91' lang='lat' dir='ltr'><strong>omnes</strong></span> <span class='ocrx_word' id='word_1_552' title='bbox 507 5124 607 5183; x_wconf 82' lang='lat' dir='ltr'><strong>rosilli</strong></span> <span class='ocrx_word' id='word_1_553' title='bbox 618 5123 721 5184; x_wconf 87' lang='lat' dir='ltr'><strong>similes</strong></span> <span class='ocrx_word' id='word_1_554' title='bbox 730 5125 811 5186; x_wconf 84' lang='lat' dir='ltr'><strong>video</strong></span> 
     </span>
     <span class='ocr_line' id='line_1_82' title="bbox 65 5215 809 5299; baseline 0.001 -20"><span class='ocrx_word' id='word_1_555' title='bbox 65 5233 96 5279; x_wconf 78' lang='lat' dir='ltr'><strong>et</strong></span> <span class='ocrx_word' id='word_1_556' title='bbox 106 5215 219 5298; x_wconf 85' lang='lat' dir='ltr'><strong>gaudeo,</strong></span> <span class='ocrx_word' id='word_1_557' title='bbox 231 5217 295 5295; x_wconf 90' lang='lat' dir='ltr'><strong>quia</strong></span> <span class='ocrx_word' id='word_1_558' title='bbox 306 5216 461 5296; x_wconf 87' lang='lat' dir='ltr'><strong>paradisum</strong></span> <span class='ocrx_word' id='word_1_559' title='bbox 473 5239 562 5278; x_wconf 89' lang='lat' dir='ltr'><strong>meum</strong></span> <span class='ocrx_word' id='word_1_560' title='bbox 575 5220 661 5299; x_wconf 83' lang='lat' dir='ltr'><strong>recepi</strong></span> <span class='ocrx_word' id='word_1_561' title='bbox 674 5220 721 5278; x_wconf 89' lang='lat' dir='ltr'><strong>illo</strong></span> <span class='ocrx_word' id='word_1_562' title='bbox 728 5222 809 5280; x_wconf 86' lang='lat' dir='ltr'><strong>Para-</strong></span> 
     </span>
    </p>
   </div>
   <div class='ocr_carea' id='block_1_10' title="bbox 863 3414 1614 5314">
    <p class='ocr_par' dir='ltr' id='par_1_10' title="bbox 863 3414 1614 5314">
     <span class='ocr_line' id='line_1_83' title="bbox 870 3414 1614 3502; baseline 0.016 -31"><span class='ocrx_word' id='word_1_563' title='bbox 870 3414 971 3473; x_wconf 85' lang='lat' dir='ltr'><strong>lecistis</strong></span> <span class='ocrx_word' id='word_1_564' title='bbox 984 3414 1151 3475; x_wconf 88' lang='lat' dir='ltr'><strong>Ecclesiam:</strong></span> <span class='ocrx_word' id='word_1_565' title='bbox 1165 3417 1317 3476; x_wconf 82' lang='lat' dir='ltr'><strong>honorabor</strong></span> <span class='ocrx_word' id='word_1_566' title='bbox 1326 3439 1384 3498; x_wconf 88' lang='lat' dir='ltr'><strong>ego,</strong></span> <span class='ocrx_word' id='word_1_567' title='bbox 1391 3435 1416 3478; x_wconf 90' lang='lat' dir='ltr'><strong>et</strong></span> <span class='ocrx_word' id='word_1_568' title='bbox 1427 3422 1499 3480; x_wconf 88' lang='lat' dir='ltr'><strong>Deus</strong></span> <span class='ocrx_word' id='word_1_569' title='bbox 1509 3424 1614 3502; x_wconf 88' lang='lat' dir='ltr'><strong>glorifi-</strong></span> 
     </span>
     <span class='ocr_line' id='line_1_84' title="bbox 872 3509 1614 3590; baseline 0.015 -22"><span class='ocrx_word' id='word_1_570' title='bbox 872 3509 984 3569; x_wconf 81' lang='lat' dir='ltr'><strong>cabatur</strong></span> <span class='ocrx_word' id='word_1_571' title='bbox 1001 3533 1007 3566; x_wconf 92' lang='lat'><strong>:</strong></span> <span class='ocrx_word' id='word_1_572' title='bbox 1023 3511 1142 3569; x_wconf 77' lang='lat' dir='ltr'><strong>heretici</strong></span> <span class='ocrx_word' id='word_1_573' title='bbox 1157 3512 1399 3590; x_wconf 80' lang='lat' dir='ltr'><strong>confundebantur,</strong></span> <span class='ocrx_word' id='word_1_574' title='bbox 1416 3515 1538 3577; x_wconf 86' lang='lat' dir='ltr'><strong>Ecclesia</strong></span> <span class='ocrx_word' id='word_1_575' title='bbox 1552 3542 1614 3579; x_wconf 77' lang='lat' dir='ltr'><strong>sero</strong></span> 
     </span>
     <span class='ocr_line' id='line_1_85' title="bbox 873 3605 1612 3691; baseline 0.014 -27"><span class='ocrx_word' id='word_1_576' title='bbox 873 3605 1050 3664; x_wconf 87' lang='lat' dir='ltr'><strong>coronabatur</strong></span> <span class='ocrx_word' id='word_1_577' title='bbox 1065 3629 1071 3662; x_wconf 77' lang='lat' dir='ltr'>z</span> <span class='ocrx_word' id='word_1_578' title='bbox 1086 3607 1150 3684; x_wconf 92' lang='lat' dir='ltr'><strong>quia</strong></span> <span class='ocrx_word' id='word_1_579' title='bbox 1165 3629 1262 3686; x_wconf 87' lang='lat' dir='ltr'><strong>magna</strong></span> <span class='ocrx_word' id='word_1_580' title='bbox 1276 3608 1367 3668; x_wconf 75' lang='lat' dir='ltr'><strong>laetitia</strong></span> <span class='ocrx_word' id='word_1_581' title='bbox 1384 3626 1424 3669; x_wconf 92' lang='lat' dir='ltr'><strong>est</strong></span> <span class='ocrx_word' id='word_1_582' title='bbox 1438 3614 1537 3691; x_wconf 88' lang='lat' dir='ltr'><strong>matri,</strong></span> <span class='ocrx_word' id='word_1_583' title='bbox 1552 3636 1612 3673; x_wconf 85' lang='lat' dir='ltr'><strong>cum</strong></span> 
     </span>
     <span class='ocr_line' id='line_1_86' title="bbox 871 3700 1613 3786; baseline 0.016 -28"><span class='ocrx_word' id='word_1_584' title='bbox 871 3700 1008 3760; x_wconf 80' lang='lat' dir='ltr'><strong>exsultant</strong></span> <span class='ocrx_word' id='word_1_585' title='bbox 1023 3701 1074 3759; x_wconf 90' lang='lat' dir='ltr'><strong>lilii</strong></span> <span class='ocrx_word' id='word_1_586' title='bbox 1092 3725 1098 3758; x_wconf 81' lang='lat' dir='ltr'>z</span> <span class='ocrx_word' id='word_1_587' title='bbox 1117 3716 1143 3761; x_wconf 93' lang='lat' dir='ltr'><strong>et</strong></span> <span class='ocrx_word' id='word_1_588' title='bbox 1156 3702 1259 3780; x_wconf 90' lang='lat' dir='ltr'><strong>grande</strong></span> <span class='ocrx_word' id='word_1_589' title='bbox 1271 3704 1403 3783; x_wconf 84' lang='lat' dir='ltr'><strong>gaudium</strong></span> <span class='ocrx_word' id='word_1_590' title='bbox 1419 3711 1538 3786; x_wconf 90' lang='lat' dir='ltr'><strong>pastori,</strong></span> <span class='ocrx_word' id='word_1_591' title='bbox 1552 3732 1613 3771; x_wconf 93' lang='lat' dir='ltr'><strong>cum</strong></span> 
     </span>
     <span class='ocr_line' id='line_1_87' title="bbox 871 3796 1613 3880; baseline 0.016 -25"><span class='ocrx_word' id='word_1_592' title='bbox 871 3796 1008 3856; x_wconf 85' lang='lat' dir='ltr'><strong>exsultant</strong></span> <span class='ocrx_word' id='word_1_593' title='bbox 1025 3797 1087 3877; x_wconf 89' lang='lat' dir='ltr'><strong>agni</strong></span> <span class='ocrx_word' id='word_1_594' title='bbox 1107 3800 1204 3877; x_wconf 86' lang='lat' dir='ltr'><strong>gregis.</strong></span> <span class='ocrx_word' id='word_1_595' title='bbox 1218 3800 1288 3860; x_wconf 85' lang='lat' dir='ltr'><strong>Veni</strong></span> <span class='ocrx_word' id='word_1_596' title='bbox 1307 3800 1341 3858; x_wconf 90' lang='lat' dir='ltr'><strong>ad</strong></span> <span class='ocrx_word' id='word_1_597' title='bbox 1361 3804 1460 3880; x_wconf 91' lang='lat' dir='ltr'><strong>gaudia</strong></span> <span class='ocrx_word' id='word_1_598' title='bbox 1478 3806 1613 3867; x_wconf 88' lang='lat' dir='ltr'><strong>virtutum</strong></span> 
     </span>
     <span class='ocr_line' id='line_1_88' title="bbox 870 3892 1612 3971; baseline 0.012 -20"><span class='ocrx_word' id='word_1_599' title='bbox 870 3906 1034 3965; x_wconf 84' lang='lat' dir='ltr'><strong>vestrarum,</strong></span> <span class='ocrx_word' id='word_1_600' title='bbox 1047 3892 1140 3951; x_wconf 83' lang='lat' dir='ltr'><strong>audivi</strong></span> <span class='ocrx_word' id='word_1_601' title='bbox 1160 3893 1224 3971; x_wconf 88' lang='lat' dir='ltr'><strong>quia</strong></span> <span class='ocrx_word' id='word_1_602' title='bbox 1245 3915 1308 3952; x_wconf 89' lang='lat' dir='ltr'><strong>cum</strong></span> <span class='ocrx_word' id='word_1_603' title='bbox 1322 3897 1456 3956; x_wconf 71' lang='lat' dir='ltr'><strong>hereticis</strong></span> <span class='ocrx_word' id='word_1_604' title='bbox 1477 3900 1612 3961; x_wconf 76' lang='lat' dir='ltr'><strong>colluctari</strong></span> 
     </span>
     <span class='ocr_line' id='line_1_89' title="bbox 869 3979 1613 4076; baseline 0.017 -33"><span class='ocrx_word' id='word_1_605' title='bbox 869 3987 941 4060; x_wconf 89' lang='lat' dir='ltr'><strong>estis,</strong></span> <span class='ocrx_word' id='word_1_606' title='bbox 950 4000 975 4047; x_wconf 90' lang='lat' dir='ltr'><strong>et</strong></span> <span class='ocrx_word' id='word_1_607' title='bbox 983 3987 1046 4064; x_wconf 89' lang='lat' dir='ltr'><strong>quia</strong></span> <span class='ocrx_word' id='word_1_608' title='bbox 1057 3988 1147 4066; x_wconf 91' lang='lat' dir='ltr'><strong>inique</strong></span> <span class='ocrx_word' id='word_1_609' title='bbox 1155 4002 1268 4066; x_wconf 88' lang='lat' dir='ltr'><strong>egerunt</strong></span> <span class='ocrx_word' id='word_1_610' title='bbox 1277 3989 1305 4047; x_wconf 93' lang='lat' dir='ltr'><strong>in</strong></span> <span class='ocrx_word' id='word_1_611' title='bbox 1317 3979 1462 4070; x_wconf 76' lang='lat' dir='ltr'><strong>baptismo,</strong></span> <span class='ocrx_word' id='word_1_612' title='bbox 1473 3998 1613 4076; x_wconf 86' lang='lat' dir='ltr'><strong>redargui·</strong></span> 
     </span>
     <span class='ocr_line' id='line_1_90' title="bbox 869 4082 1612 4164; baseline 0.015 -23"><span class='ocrx_word' id='word_1_613' title='bbox 869 4082 926 4142; x_wconf 91' lang='lat' dir='ltr'><strong>stis.</strong></span> <span class='ocrx_word' id='word_1_614' title='bbox 943 4082 1083 4161; x_wconf 84' lang='lat' dir='ltr'><strong>Numquid</strong></span> <span class='ocrx_word' id='word_1_615' title='bbox 1102 4084 1237 4143; x_wconf 89' lang='lat' dir='ltr'><strong>incassum</strong></span> <span class='ocrx_word' id='word_1_616' title='bbox 1251 4085 1373 4143; x_wconf 87' lang='lat' dir='ltr'><strong>dicebam</strong></span> <span class='ocrx_word' id='word_1_617' title='bbox 1394 4090 1522 4164; x_wconf 91' lang='lat' dir='ltr'><strong>quoniam</strong></span> <span class='ocrx_word' id='word_1_618' title='bbox 1542 4108 1612 4151; x_wconf 89' lang='lat' dir='ltr'><strong>casta</strong></span> 
     </span>
     <span class='ocr_line' id='line_1_91' title="bbox 869 4178 1611 4259; baseline 0.019 -25"><span class='ocrx_word' id='word_1_619' title='bbox 869 4198 939 4237; x_wconf 84' lang='lat' dir='ltr'><strong>uxm</strong></span> <span class='ocrx_word' id='word_1_620' title='bbox 964 4178 1074 4237; x_wconf 86' lang='lat' dir='ltr'><strong>absente</strong></span> <span class='ocrx_word' id='word_1_621' title='bbox 1098 4178 1159 4237; x_wconf 85' lang='lat' dir='ltr'><strong>viro</strong></span> <span class='ocrx_word' id='word_1_622' title='bbox 1186 4179 1294 4259; x_wconf 89' lang='lat' dir='ltr'><strong>repellit</strong></span> <span class='ocrx_word' id='word_1_623' title='bbox 1321 4180 1476 4256; x_wconf 89' lang='lat' dir='ltr'><strong>adulteros,</strong></span> <span class='ocrx_word' id='word_1_624' title='bbox 1501 4187 1611 4248; x_wconf 89' lang='lat' dir='ltr'><strong>absente</strong></span> 
     </span>
     <span class='ocr_line' id='line_1_92' title="bbox 867 4272 1611 4353; baseline 0.015 -22"><span class='ocrx_word' id='word_1_625' title='bbox 867 4292 976 4352; x_wconf 85' lang='lat' dir='ltr'><strong>passore</strong></span> <span class='ocrx_word' id='word_1_626' title='bbox 986 4272 1072 4352; x_wconf 88' lang='lat' dir='ltr'><strong>abigit</strong></span> <span class='ocrx_word' id='word_1_627' title='bbox 1084 4273 1174 4353; x_wconf 89' lang='lat' dir='ltr'><strong>lupos,</strong></span> <span class='ocrx_word' id='word_1_628' title='bbox 1186 4274 1244 4332; x_wconf 90' lang='lat' dir='ltr'><strong>sinc</strong></span> <span class='ocrx_word' id='word_1_629' title='bbox 1259 4275 1436 4352; x_wconf 88' lang='lat' dir='ltr'><strong>gubernatore</strong></span> <span class='ocrx_word' id='word_1_630' title='bbox 1452 4295 1539 4340; x_wconf 84' lang='lat' dir='ltr'><strong>nautae</strong></span> <span class='ocrx_word' id='word_1_631' title='bbox 1554 4284 1611 4342; x_wconf 87' lang='lat' dir='ltr'><strong>sal-</strong></span> 
     </span>
     <span class='ocr_line' id='line_1_93' title="bbox 867 4366 1611 4442; baseline 0.013 -16"><span class='ocrx_word' id='word_1_632' title='bbox 867 4382 1000 4427; x_wconf 85' lang='lat' dir='ltr'><strong>varerunt</strong></span> <span class='ocrx_word' id='word_1_633' title='bbox 1023 4388 1133 4442; x_wconf 87' lang='lat' dir='ltr'><strong>navem,</strong></span> <span class='ocrx_word' id='word_1_634' title='bbox 1160 4368 1217 4426; x_wconf 90' lang='lat' dir='ltr'><strong>siue</strong></span> <span class='ocrx_word' id='word_1_635' title='bbox 1245 4366 1314 4427; x_wconf 88' lang='lat' dir='ltr'><strong>duce</strong></span> <span class='ocrx_word' id='word_1_636' title='bbox 1344 4372 1443 4430; x_wconf 86' lang='lat' dir='ltr'><strong>milites</strong></span> <span class='ocrx_word' id='word_1_637' title='bbox 1467 4376 1611 4437; x_wconf 80' lang='lat' dir='ltr'><strong>victoriam</strong></span> 
     </span>
     <span class='ocr_line' id='line_1_94' title="bbox 867 4461 1608 4548; baseline 0.013 -27"><span class='ocrx_word' id='word_1_638' title='bbox 867 4475 1080 4542; x_wconf 86' lang='lat' dir='ltr'><strong>reportaverunt,</strong></span> <span class='ocrx_word' id='word_1_639' title='bbox 1092 4462 1149 4520; x_wconf 93' lang='lat' dir='ltr'><strong>sine</strong></span> <span class='ocrx_word' id='word_1_640' title='bbox 1161 4461 1271 4521; x_wconf 88' lang='lat' dir='ltr'><strong>doctore</strong></span> <span class='ocrx_word' id='word_1_641' title='bbox 1283 4463 1413 4546; x_wconf 90' lang='lat' dir='ltr'><strong>discipuli</strong></span> <span class='ocrx_word' id='word_1_642' title='bbox 1428 4471 1608 4548; x_wconf 80' lang='lat' dir='ltr'><strong>profecerunt,</strong></span> 
     </span>
     <span class='ocr_line' id='line_1_95' title="bbox 866 4555 1610 4642; baseline 0.016 -27"><span class='ocrx_word' id='word_1_643' title='bbox 866 4557 923 4615; x_wconf 90' lang='lat' dir='ltr'><strong>sine</strong></span> <span class='ocrx_word' id='word_1_644' title='bbox 936 4569 1011 4636; x_wconf 88' lang='lat' dir='ltr'><strong>patre</strong></span> <span class='ocrx_word' id='word_1_645' title='bbox 1023 4555 1073 4614; x_wconf 82' lang='lat' dir='ltr'><strong>filii</strong></span> <span class='ocrx_word' id='word_1_646' title='bbox 1087 4556 1204 4614; x_wconf 90' lang='lat' dir='ltr'><strong>roborati</strong></span> <span class='ocrx_word' id='word_1_647' title='bbox 1219 4559 1302 4616; x_wconf 75' lang='lat' dir='ltr'><strong>sunt?</strong></span> <span class='ocrx_word' id='word_1_648' title='bbox 1314 4560 1371 4617; x_wconf 90' lang='lat' dir='ltr'><strong>lmo</strong></span> <span class='ocrx_word' id='word_1_649' title='bbox 1387 4563 1472 4642; x_wconf 90' lang='lat' dir='ltr'><strong>magis</strong></span> <span class='ocrx_word' id='word_1_650' title='bbox 1486 4586 1539 4624; x_wconf 92' lang='lat' dir='ltr'><strong>non</strong></span> <span class='ocrx_word' id='word_1_651' title='bbox 1553 4568 1610 4626; x_wconf 92' lang='lat' dir='ltr'><strong>sine</strong></span> 
     </span>
     <span class='ocr_line' id='line_1_96' title="bbox 868 4651 1610 4734; baseline 0.016 -25"><span class='ocrx_word' id='word_1_652' title='bbox 868 4651 1610 4734; x_wconf 85' lang='lat' dir='ltr'><strong>patre:vesterenimprolectusmeumgaudium,vestr·a</strong></span> 
     </span>
     <span class='ocr_line' id='line_1_97' title="bbox 866 4745 1607 4833; baseline 0.016 -29"><span class='ocrx_word' id='word_1_653' title='bbox 866 4745 1028 4825; x_wconf 85' lang='lat' dir='ltr'><strong>glorificatio</strong></span> <span class='ocrx_word' id='word_1_654' title='bbox 1040 4766 1100 4804; x_wconf 89' lang='lat' dir='ltr'><strong>mea</strong></span> <span class='ocrx_word' id='word_1_655' title='bbox 1121 4765 1218 4805; x_wconf 90' lang='lat' dir='ltr'><strong>corona</strong></span> <span class='ocrx_word' id='word_1_656' title='bbox 1235 4761 1283 4806; x_wconf 89' lang='lat' dir='ltr'><strong>est.</strong></span> <span class='ocrx_word' id='word_1_657' title='bbox 1299 4748 1354 4807; x_wconf 86' lang='lat' dir='ltr'><strong>Sed</strong></span> <span class='ocrx_word' id='word_1_658' title='bbox 1378 4749 1607 4833; x_wconf 88' lang='lat' dir='ltr'><strong>desiderabamus,</strong></span> 
     </span>
     <span class='ocr_line' id='line_1_98' title="bbox 866 4840 1609 4920; baseline 0.019 -21"><span class='ocrx_word' id='word_1_659' title='bbox 866 4840 987 4920; x_wconf 87' lang='lat' dir='ltr'><strong>inquitis,</strong></span> <span class='ocrx_word' id='word_1_660' title='bbox 998 4854 1086 4900; x_wconf 88' lang='lat' dir='ltr'><strong>tecum</strong></span> <span class='ocrx_word' id='word_1_661' title='bbox 1096 4842 1182 4900; x_wconf 87' lang='lat' dir='ltr'><strong>lacere</strong></span> <span class='ocrx_word' id='word_1_662' title='bbox 1191 4843 1302 4902; x_wconf 88' lang='lat' dir='ltr'><strong>Pascha.</strong></span> <span class='ocrx_word' id='word_1_663' title='bbox 1315 4845 1457 4906; x_wconf 83' lang='lat' dir='ltr'><strong>Satissacio</strong></span> <span class='ocrx_word' id='word_1_664' title='bbox 1471 4848 1609 4913; x_wconf 84' lang='lat' dir='ltr'><strong>dilectioni</strong></span> 
     </span>
     <span class='ocr_line' id='line_1_99' title="bbox 866 4935 1607 5017; baseline 0.016 -22"><span class='ocrx_word' id='word_1_665' title='bbox 866 4948 972 5012; x_wconf 77' lang='lat' dir='ltr'><strong>vestre,</strong></span> <span class='ocrx_word' id='word_1_666' title='bbox 988 4935 1158 5016; x_wconf 91' lang='lat' dir='ltr'><strong>quippecum</strong></span> <span class='ocrx_word' id='word_1_667' title='bbox 1165 4937 1222 5017; x_wconf 87' lang='lat' dir='ltr'><strong>jam</strong></span> <span class='ocrx_word' id='word_1_668' title='bbox 1233 4937 1402 4999; x_wconf 89' lang='lat' dir='ltr'><strong>iracundiam</strong></span> <span class='ocrx_word' id='word_1_669' title='bbox 1414 4957 1503 5002; x_wconf 82' lang='lat' dir='ltr'><strong>restro</strong></span> <span class='ocrx_word' id='word_1_670' title='bbox 1512 4945 1607 5007; x_wconf 88' lang='lat' dir='ltr'><strong>dissol-</strong></span> 
     </span>
     <span class='ocr_line' id='line_1_100' title="bbox 866 5030 1607 5122; baseline 0.015 -30"><span class='ocrx_word' id='word_1_671' title='bbox 866 5030 960 5092; x_wconf 82' lang='lat' dir='ltr'><strong>veritis</strong></span> <span class='ocrx_word' id='word_1_672' title='bbox 973 5031 1201 5110; x_wconf 81' lang='lat' dir='ltr'><strong>aspectu.Namsi</strong></span> <span class='ocrx_word' id='word_1_673' title='bbox 1216 5046 1290 5112; x_wconf 86' lang='lat' dir='ltr'><strong>pater</strong></span> <span class='ocrx_word' id='word_1_674' title='bbox 1302 5034 1447 5114; x_wconf 86' lang='lat' dir='ltr'><strong>prodigum</strong></span> <span class='ocrx_word' id='word_1_675' title='bbox 1459 5041 1607 5122; x_wconf 87' lang='lat' dir='ltr'><strong>suscipiens</strong></span> 
     </span>
     <span class='ocr_line' id='line_1_101' title="bbox 864 5125 1606 5217; baseline 0.016 -31"><span class='ocrx_word' id='word_1_676' title='bbox 864 5125 953 5186; x_wconf 83' lang='lat' dir='ltr'><strong>lilium</strong></span> <span class='ocrx_word' id='word_1_677' title='bbox 968 5125 1059 5184; x_wconf 90' lang='lat' dir='ltr'><strong>statim</strong></span> <span class='ocrx_word' id='word_1_678' title='bbox 1070 5127 1261 5204; x_wconf 84' lang='lat' dir='ltr'><strong>reconciliavit,</strong></span> <span class='ocrx_word' id='word_1_679' title='bbox 1275 5149 1359 5207; x_wconf 89' lang='lat' dir='ltr'><strong>neque</strong></span> <span class='ocrx_word' id='word_1_680' title='bbox 1372 5152 1464 5210; x_wconf 86' lang='lat' dir='ltr'><strong>poenas</strong></span> <span class='ocrx_word' id='word_1_681' title='bbox 1473 5138 1606 5217; x_wconf 85' lang='lat' dir='ltr'><strong>exegitah</strong></span> 
     </span>
     <span class='ocr_line' id='line_1_102' title="bbox 863 5219 1605 5314; baseline 0.018 -34"><span class='ocrx_word' id='word_1_682' title='bbox 863 5243 905 5300; x_wconf 88' lang='lat' dir='ltr'><strong>eo,</strong></span> <span class='ocrx_word' id='word_1_683' title='bbox 921 5219 969 5279; x_wconf 89' lang='lat' dir='ltr'><strong>scd</strong></span> <span class='ocrx_word' id='word_1_684' title='bbox 979 5219 1052 5279; x_wconf 86' lang='lat' dir='ltr'><strong>illico</strong></span> <span class='ocrx_word' id='word_1_685' title='bbox 1063 5220 1205 5300; x_wconf 83' lang='lat' dir='ltr'><strong>amplexus</strong></span> <span class='ocrx_word' id='word_1_686' title='bbox 1216 5236 1255 5280; x_wconf 89' lang='lat' dir='ltr'><strong>cst</strong></span> <span class='ocrx_word' id='word_1_687' title='bbox 1267 5246 1273 5278; x_wconf 75' lang='grc' dir='ltr'><em>τ</em></span> <span class='ocrx_word' id='word_1_688' title='bbox 1287 5222 1373 5283; x_wconf 90' lang='lat' dir='ltr'><strong>multo</strong></span> <span class='ocrx_word' id='word_1_689' title='bbox 1387 5228 1473 5306; x_wconf 88' lang='lat' dir='ltr'><strong>magis</strong></span> <span class='ocrx_word' id='word_1_690' title='bbox 1487 5231 1538 5290; x_wconf 78' lang='lat' dir='ltr'><strong>filii</strong></span> <span class='ocrx_word' id='word_1_691' title='bbox 1552 5255 1605 5314; x_wconf 84' lang='lat' dir='ltr'><strong>pu-</strong></span> 
     </span>
    </p>
   </div>
   <div class='ocr_carea' id='block_1_11' title="bbox 0 0 1886 5992">
    <p class='ocr_par' dir='ltr' id='par_1_11' title="bbox 0 0 1886 5992">
     <span class='ocr_line' id='line_1_103' title="bbox 0 0 1886 5992; baseline 0 7"><span class='ocrx_word' id='word_1_692' title='bbox 0 0 1886 5992; x_wconf 95' lang='lat' dir='ltr'><strong> </strong></span> 
     </span>
    </p>
   </div>
  </div>
 </body>
</html>
