3764 5992
224 504 270 552 ne
295 504 413 553 vaunis
438 504 614 567 suosmet,
642 502 817 549 nsseuras
843 502 985 551 enirnru
1012 506 1183 556 susurroni.
1212 508 1256 556 ιιι.
1454 487 1523 580 337

144 628 246 697 τισεοθς
263 628 475 710 περιεστηκότων
495 630 597 701 δεινῶν,
617 625 676 706 σιἰχλ
697 624 758 692 τοὺς
812 625 981 686 tolerantiam
994 629 1042 688 illa
1053 630 1143 689 omnia
1165 644 1228 689 sunt
1246 629 1366 710 scripta:
1383 651 1443 709 quse
1461 630 1526 709 qui-

144 721 261 798 ςμόνον,
282 719 352 780 ἀλλά
371 720 418 779 καὶ
436 717 498 787 τοὺς
517 717 646 796 μαθητάς.
660 717 756 776 Ἄκου-
776 721 794 767 ll
812 715 875 774 dem
892 738 996 777 necesse
1012 720 1144 779 babemus
1160 741 1230 779 nunc
1240 719 1314 801 apud
1327 740 1376 780 ros
1389 721 1488 799 eloqui,
1501 734 1528 780 et

147 811 176 871 τί
200 834 281 892 φησιν
305 815 321 871 θ
342 813 450 878 Παῦλος
476 809 584 890 γραίρων
608 806 758 888 Ἥόραίοις·
813 806 909 866 docere
921 811 1029 887 quantis
1041 810 1250 870 adversitatibus
1265 812 1323 892 ejus
1348 812 1475 892 temporis
1494 812 1528 870 ti-

144 902 292 970 ιιιτσθετδς
306 900 438 983 προτέρας
451 902 568 982 ἡμέρας,
588 901 615 958 ἐν
637 889 679 966 αἷς
701 920 760 977 qn·
813 897 887 957 deles
902 900 1002 960 obsessi
1025 902 1138 977 inerint,
1154 923 1206 961 non
1228 901 1349 961 doctores
1369 904 1467 976 solum,
1480 925 1529 961 re-

144 995 242 1068 τολλὴν
266 996 377 1066 όθλησιν
401 993 561 1069 ὑπεμείνατε
584 989 760 1066 παθημάτων.
813 992 954 1051 nemetiam
980 993 1120 1076 discipuli.
1149 994 1221 1054 Audi
1253 995 1338 1074 igitur
1363 995 1429 1074 quid
1455 995 1528 1055 dicat

144 1085 237 1166 Ιραχδς
248 1085 379 1165 διεγίνετο
386 1084 480 1166 χρόνος
489 1129 497 1156 ,
507 1086 566 1144 ἀλλ’
581 1085 607 1142 δν
621 1084 708 1148 αὐτοῖς
720 1080 760 1138 εὐ·
814 1083 915 1142 Panlus
934 1084 970 1144 ad
981 1085 1110 1145 Hebraeos
1129 1087 1249 1145 scribens
1260 1109 1267 1143 ι
1278 1088 1423 1146 Memores
1437 1099 1528 1147 estote
1538 1111 1678 1158 11,1,‚.0,32,

144 1176 259 1255 σειραίοις
271 1182 320 1250 τῆς
332 1176 507 1257 κατηχήσεως
518 1175 623 1245 καὶτῆς
636 1173 762 1230 διδαοκα-
811 1178 941 1251 priorum
954 1178 1077 1250 diarum,
1098 1182 1130 1236 in
1148 1181 1254 1259 quibus
1273 1179 1437 1237 illuminati
1453 1179 1528 1237 mul·

144 1292 246 1341 πηοεν
261 1273 349 1336 uincit
363 1267 523 1348 πειρασμοί,
538 1264 585 1326 καλ
605 1262 760 1344 βαπτισθίν-
813 1277 874 1323 turn
888 1280 1035 1326 certamen
1053 1269 1248 1351 efflictionum
1266 1274 1453 1329 sustinuistis.
1468 1271 1527 1329 Non

144 1360 308 1421 ίκινδόνιοσν
320 1383 327 1397 ·
340 1360 369 1419 τί
383 1359 549 1439 πάσχοντες,
560 1357 655 1416 ἄκουε·
674 1357 761 1414 Τοῦτο
812 1356 883 1415 onim
897 1380 946 1438 per
961 1360 1042 1419 breve
1053 1374 1169 1442 tempus,
1183 1361 1231 1420 sed
1243 1382 1306 1420 mor
1322 1361 1430 1442 abipso
1448 1383 1528 1422 exor-

144 1460 222 1530 ομσῑς
239 1452 286 1511 καί
306 1450 411 1531 θλίψισι
433 1449 636 1530 θεατριζόμενοι.
659 1445 760 1512 Πάντες
811 1447 858 1505 dio
870 1450 1068 1528 predicationis
1081 1466 1108 1510 et
1126 1452 1255 1512 doctrina
1271 1452 1471 1513 insurrexerunt
1480 1453 1527 1513 nd·

144 1566 187 1615 σε,
213 1542 329 1625 θόριζον,
348 1542 508 1622 κατεγέλων,
533 1538 687 1620 ἐχλεύαζον,
703 1561 759 1616 μοι·
813 1560 905 1598 uersus
928 1562 973 1600 cos
991 1543 1160 1619 tentationes,
1181 1556 1206 1603 et
1223 1565 1317 1603 moxa
1338 1558 1460 1625 suscepto
1480 1545 1527 1604 ba-

144 1659 182 1707 νν,
195 1635 341 1706 όνοήτοος,
356 1633 399 1693 ότι
414 1636 462 1703 τῆς
476 1631 603 1714 πατρῴας
623 1630 758 1689 ἀποστάν·
811 1630 910 1710 ptismo
936 1632 1060 1712 periculis
1086 1648 1161 1694 erant
1182 1634 1319 1694 obnoxii:
1344 1647 1373 1693 at
1393 1635 1528 1714 quomodo

144 1750 193 1797 ις,
206 1727 296 1786 καινὸν
310 1726 397 1806 δόημα
410 1723 590 1793 κατεδέξαντο.
608 1725 649 1782 Οὐ
664 1722 757 1799 μικρὸν
810 1721 893 1782 audi:
912 1726 1080 1804 opprobriis
1105 1739 1134 1785 et
1156 1728 1393 1786 tribulationibus
1411 1741 1512 1807 specta
1538 1739 1574 1783 lt.
1586 1754 1608 1784 v.
1621 1738 1661 1787 33.

144 1817 182 1884 aba
192 1816 439 1897 τὸπαρασαλεῦσαι
455 1814 553 1896 ψυχὴν,
570 1815 615 1873 ἐὰν
631 1812 668 1892 μὴ
682 1815 756 1893 ίῤῥι·
774 1820 793 1866 C
810 1814 907 1872 culum
921 1817 1008 1896 sueti.
1019 1817 1120 1876 Omnes
1130 1817 1202 1877 enim
1213 1816 1380 1899 despuebant
1393 1839 1448 1896 cos,
1464 1840 1527 1879 cou-

144 1906 174 1967 τὶ
185 1906 308 1987 βάθσιςῆ
319 1908 409 1976 πίστις
425 1899 453 1987 ᾖ.
469 1908 524 1968 Καὶ
540 1906 593 1987 γάρ
605 1904 678 1966 οὐδὲν
688 1904 757 1965 οὕτω
810 1906 929 1966 tomellis
947 1908 1118 1981 afficiebant,
1132 1908 1304 1981 deridebant,
1320 1910 1521 1991 vituperabant,

144 1997 367 2080 gluiudrudoe·
387 1998 461 2060 οθδδν
481 1998 549 2059 οὕτω
572 1998 648 2069 τήκει
669 1996 756 2077 ψυχὴν
808 1995 896 2056 fatuos
909 2000 1042 2059 vocabant
1054 2022 1085 2060 ac
1097 2001 1254 2078 insensatos,
1269 2001 1343 2081 quod
1355 2003 1459 2063 deserta
1473 2026 1526 2085 pa-

144 2113 177 2164 u,
199 2094 237 2159 ὥς
259 2089 413 2169 σκώμματα
427 2090 474 2149 καλ
494 2088 639 2168 λοιδορίαι·
662 2088 756 2148 πολλοὶ
808 2087 860 2146 tria
876 2090 986 2150 vivendi
1002 2091 1129 2167 formula,
1144 2114 1214 2152 nova
1229 2092 1325 2174 placita
1339 2094 1525 2177 suscepissent.

144 2206 188 2251 ιιις
208 2184 300 2263 ἄνδρες
319 2181 545 2254 θπτσκιλίσθησαν
562 2180 756 2258 ὀνειδιζόμενοι.
809 2180 877 2250 Quae
890 2182 1000 2259 quidem
1014 2204 1065 2242 non
1085 2206 1181 2264 parum
1196 2184 1285 2244 valent
1298 2183 1332 2242 ad
1351 2206 1525 2245 commoren-

144 2272 207 2353 ιίγω
219 2280 272 2343 νῦν,
281 2273 326 2333 ίνα
339 2277 367 2333 ίν
377 2274 515 2355 παῤῥησίρ
527 2272 574 2345 τλν
588 2272 678 2332 πίστιν
689 2271 756 2351 ἔχοι·
809 2270 872 2329 dam
895 2273 1028 2347 animam,
1042 2273 1070 2332 ni
1094 2274 1161 2334 fides
1181 2274 1315 2356 profunde
1336 2275 1372 2335 sit
1394 2276 1522 2337 radicata.

144 2365 249 2445 ρτότε,
263 2366 307 2424 dee
320 2375 396 2425 πᾶσα
415 2367 503 2431 αὐτοῖς
518 2363 648 2431 ὠνείδιζεν
667 2366 755 2422 οἰκον·
809 2363 885 2423 Nihil
898 2365 968 2424 enim
986 2387 1060 2445 :eque
1075 2368 1193 2425 animam
1213 2366 1328 2445 mordet,
1341 2389 1373 2426 ac
1386 2367 1524 2450 imprope-

160 2455 400 2529 θπεσιιελίσθησαν,
422 2457 514 2536 πολλῷ
541 2457 642 2533 μᾶλλον
662 2462 706 2514 νῦν
728 2457 755 2513 ἐν
808 2455 898 2532 rium;
912 2456 981 2515 nihil
996 2478 1071 2538 aeque
1090 2458 1216 2517 tabefacit
1231 2471 1397 2534 mentem,ac
1412 2459 1524 2519 dicteria

144 2548 308 2629 ιδιιήρογμα
326 2553 376 2622 τῆς
393 2547 517 2620 ἀληθείας
540 2548 610 2628 ίχιιν
635 2547 690 2618 δεῖ,
711 2547 755 2607 dte
809 2560 834 2605 et
845 2547 982 2607 convicia:
997 2570 1059 2608 nam
1078 2549 1158 2607 multi
1183 2548 1238 2607 viri
1260 2569 1308 2629 per
1328 2549 1525 2610 convicissent

144 2640 242 2718 ωμίνη
253 2639 319 2721 πρὸς
330 2645 401 2718 ἡμᾶς
415 2637 586 2717 μετετάξατο.
600 2637 667 2698 Ὅτι
683 2637 711 2698 δὲ
723 2640 754 2699 οὗ
808 2659 878 2718 saepe
891 2640 1024 2700 subversi.
1043 2640 1107 2699 llaec
1116 2653 1207 2698 antem
1220 2639 1316 2719 loquor
1329 2660 1409 2714 nnnc,
1424 2646 1542 2700 utcum‘

144 2733 283 2814 χορίαςκσλ
292 2734 448 2811 ὀνειδισμῶν
458 2729 755 2814 καίλοιδορίαςίσταντο
807 2729 907 2789 fidncia
921 2730 1003 2792 iidem
1017 2745 1160 2791 teneamus.
1171 2731 1201 2792 si
1215 2731 1285 2790 enim
1305 2730 1346 2789 illi
1358 2732 1440 2792 totins
1449 2733 1523 2794 orbis

144 2822 176 2884 tt
186 2824 233 2883 καί
242 2824 350 2904 ίχαιρον
364 2829 389 2885 σί
398 2831 483 2883 ταῦτα
497 2821 659 2902 πάσχοντες,
675 2823 752 2882 άκον-
770 2828 789 2874 l)
806 2821 926 2880 convicio
941 2843 993 2881 non
1012 2835 1074 2881 sum
1088 2822 1221 2895 subversi,
1234 2822 1320 2882 multo
1334 2823 1420 2903 magis
1431 2837 1521 2886 nostra

144 2920 175 2987 ξς.
187 2917 241 2975 Καὶ
254 2916 306 2995 γὰρ
318 2915 368 2987 clv
379 2916 502 2996 ἁρπαγὴν
513 2919 564 2974 τῶν
578 2914 752 2994 ὑπαρχόντων
805 2925 881 2971 etate
901 2912 968 2972 fides
993 2933 1090 2992 magna
1115 2911 1277 2972 confidentia
1304 2913 1441 2973 retinenda
1464 2930 1518 2988 est,

144 3007 167 3083 l,
188 3007 256 3085 peel
274 3018 362 3089 χαρᾶς
381 3006 579 3088 munsterus,
603 3006 686 3087 Ὁρᾷς
709 3005 750 3065 ὅτι
804 3001 912 3078 quando
929 3017 1002 3062 totus
1025 3004 1098 3063 orbis
1113 3003 1147 3062 ad
1170 3018 1273 3063 nostras
1292 3018 1381 3085 partes
1401 3007 1520 3068 necessit.

144 3121 168 3159 ιι
183 3102 269 3159 «δῶν
286 3098 445 3178 lamium
457 3100 488 3159 τὸ
500 3098 624 3170 παλαιὸν,
638 3098 684 3158 καὶ
697 3109 748 3158 πᾶ.
803 3091 883 3164 Quod
897 3106 987 3153 antem
1000 3092 1040 3152 illi
1056 3115 1109 3153 non
1125 3094 1195 3154 intra
1215 3094 1364 3155 calumnias
1377 3109 1480 3157 tanturn
1494 3112 1522 3158 et

144 3191 219 3272 ιαγίν
242 3192 398 3272 προίιιιντο
419 3201 475 3260 τοῖς
495 3192 663 3272 βουλομένοις
677 3195 746 3264 ἔπη·
800 3184 946 3264 opprobria
973 3185 1147 3264 convicaque
1170 3184 1324 3267 patientiam
1344 3188 1514 3267 retinuerint,

144 3283 154 3343 ί
170 3290 256 3345 ταῦτα
270 3285 318 3364 μὲν
333 3283 470 3367 Ἐὸρηίοις
484 3285 645 3344 ἐπιστέλλων
662 3285 745 3363 5)qu
800 3273 847 3333 scd
863 3276 909 3334 illa
926 3297 988 3335 cnm
1008 3297 1050 3356 gai
1045 3275 1109 3337 udio
1122 3277 1306 3355 toleraverint,
1319 3279 1383 3339 andi
1402 3301 1463 3358 quan
1478 3302 1518 3341 se·

761 3384 929 3443 munstur.
943 3371 1020 3428 Nam
1039 3381 1067 3428 et
1086 3369 1310 3449 direptionem,
1301 3371 1401 3448 inquit,
1408 3374 1516 3453 sacul-
1530 3389 1589 3432 tur
1577 3389 1655 3449 ι.35.

800 3471 893 3517 tntum
908 3473 1074 3519 uestrorum
1090 3480 1155 3519 cum
1164 3461 1273 3540 gaudio
1285 3461 1456 3538 pertulistis.
1463 3465 1515 3522 Vi-

798 3547 846 3607 des
856 3549 929 3629 qnod
945 3564 970 3609 et
980 3550 1051 3608 bona
1065 3569 1158 3608 corum
1171 3549 1388 3609 confiscabantur
1398 3549 1476 3627 olim,
1490 3564 1517 3610 et

799 3641 925 3700 omnibus
937 3641 964 3699 in
977 3640 1095 3721 pradum
1110 3653 1194 3713 erant,
1206 3640 1253 3718 qni
1267 3661 1311 3698 eos
1324 3638 1423 3699 laedere
1435 3662 1517 3723 cupe-

798 3746 866 3790 rent.
885 3738 976 3808 Atque
988 3730 1046 3789 hac
1055 3729 1164 3809 quidem
1178 3730 1215 3790 ad
1223 3731 1349 3790 chraeos
1362 3731 1464 3791 scribit.

144 3822 276 3885 ακεΰσιδδ
296 3825 373 3904 ἕτερα
388 3831 498 3884 τοιαῦτα
522 3834 650 3904 μαρτυρεῖ
662 3825 743 3884 πάλιν
839 3824 867 3884 5.
880 3825 920 3882 De
934 3821 1217 3881 Thessalonicensibus
1237 3842 1302 3881 vero
1315 3844 1423 3883 rursum
1438 3824 1515 3884 alind

144 3924 181 3983 εἰς
200 3916 253 3996 γὰρ
271 3914 404 3993 μιμηταί,
427 3916 516 3994 φησὶν,
539 3917 678 3994 ἐγενήθητε
697 3923 744 3976 τοῦ
798 3912 929 3991 quiddam
940 3912 993 3972 tale
1007 3925 1138 3973 testatur:
1154 3915 1210 3972 Vos
1223 3917 1320 3988 enim,
1335 3914 1437 3993 ineptit,
1451 3919 1516 3974 imi·
1529 3923 1636 3994 estune.
1646 3936 1667 3968 r.

167 4011 258 4086 ἡμῶν,
283 4006 420 4085 δεξάμενοι
446 4008 491 4066 τδν
517 4007 594 4085 λόγον
615 4008 743 4088 inultique
798 4019 906 4064 tutores
918 4007 1001 4086 ,facti
1023 4008 1092 4064 estis
1121 4006 1242 4064 Domini
1264 4025 1301 4064 uc
1328 4010 1431 4079 nostri,
1462 3987 1550 4088 wo.

144 4120 170 4158 ιι
199 4099 246 4158 καὶ
273 4097 380 4166 τσίτονς
402 4097 587 4177 θλιόομίνονς,
615 4100 660 4159 καὶ
693 4102 744 4180 οὐχ
797 4101 962 4177 suscepistis
979 4116 1140 4155 sermonem
1163 4098 1242 4155 liune
1267 4100 1299 4155 in
1324 4100 1515 4159 tribulatione

144 4194 153 4217 ’
168 4192 199 4250 in
219 4190 307 4270 θλίψει
320 4192 419 4269 πολλῇ.
439 4191 507 4249 Μετ’
520 4190 665 4258 ίπιτάσεως
675 4191 742 4270 ’γάρ
760 4199 779 4246 E
795 4211 912 4271 rnngnn.
930 4188 1001 4250 Vide
1021 4188 1103 4248 etiam
1114 4188 1163 4248 hos
1177 4188 1283 4268 affligi,
1298 4210 1384 4269 neque
1406 4189 1434 4249 id
1449 4191 1516 4250 sin.-

144 4280 210 4361 μδς.
228 4280 352 4354 διηνεκὴς
372 4284 387 4339 ὁ
407 4281 541 4355 κίνδυνος,
563 4281 621 4342 eost
649 4283 743 4365 μικρὸν
797 4280 914 4362 pliciter,
926 4279 1127 4340 sedafflictione
1140 4301 1245 4360 magna.
1260 4281 1411 4340 Vehemens
1429 4296 1515 4342 tenta·

144 4373 271 4452 ταρίχων
294 4380 349 4440 τοῖς
367 4372 568 4452 ἀγωνιζομένοις
588 4374 656 4432 τότε.
671 4377 741 4433 Ἀλλ’
795 4374 845 4451 tio,
858 4373 1013 4432 continuum
1024 4372 1174 4454 periculum
1188 4394 1236 4432 nce
1251 4373 1391 4431 minimam
1404 4375 1513 4453 quidem

144 4469 215 4524 ὤεα
236 4465 385 4544 πάσχοντες
406 4466 454 4522 οὐκ
473 4464 665 4544 ἰδυσχέραινον,
682 4465 741 4525 οὐδὲ
795 4463 944 4545 respirandi
958 4464 1111 4523 facultatem
1125 4463 1286 4522 concedebat
1308 4464 1365 4540 eis,
1384 4465 1431 4543 qni
1450 4480 1514 4526 tunc

144 4580 182 4629 ιν,
210 4555 278 4615 ἀλλὰ
307 4557 407 4632 μάλλον
435 4553 481 4613 καλ
508 4554 625 4637 ἔχαιρον.
654 4556 739 4616 Πόθεν
796 4555 924 4636 temporis
941 4556 970 4614 in
986 4555 1130 4615 certamine
1139 4568 1226 4618 erant.
1242 4559 1365 4614 Attamen
1380 4577 1441 4616 cnm
1455 4558 1514 4617 hacc

146 4670 156 4721 ς
172 4644 232 4706 Ἀπ’
246 4649 334 4706 αὐτῶν
347 4651 400 4705 τῶν
414 4652 459 4705 τοῦ
474 4646 582 4706 Παύλου
598 4649 738 4727 ῥημάτιον·
796 4647 952 4723 tolerarent,
967 4666 1019 4706 noo
1034 4646 1126 4724 inique
1139 4645 1270 4723 ferebant,
1284 4667 1370 4726 neque
1391 4649 1513 4709 animum

144 4740 184 4799 Er
198 4737 287 4818 θλίψει
298 4739 400 4816 πολλῇ,
420 4739 584 4817 προσέθηκε,
599 4739 676 4799 Meris
690 4764 740 4821 χα·
793 4737 1006 4819 despondebant,
1023 4737 1078 4796 imo
1092 4736 1246 4816 gaudebant
1259 4741 1351 4800 etiam.
1367 4739 1448 4800 Unde
1460 4741 1513 4802 boc

144 4851 194 4896 ιτσς
214 4829 307 4908 ipius·
331 4830 474 4901 δηλῶνότι
491 4829 577 4907 οἱμὲν
598 4832 743 4944 πειρασςιρὶ
793 4829 927 4910 apparet?
951 4828 996 4887 Ex
1021 4828 1113 4888 serbis
1138 4828 1224 4908 ipsius
1245 4829 1334 4888 Pauli.
1362 4831 1419 4891 Ubi
1440 4833 1511 4893 cuim
1543 4848 1549 4859 ·

144 4918 231 4981 πσίουν
232 4919 537 5000 ,ἡδετῶνπειρασμῶν
555 4921 721 4989 ὑπόθεσις
693 4947 742 4992 την
793 4921 886 4980 dixit:
903 4924 941 4979 In
959 4921 1150 4980 tribulatione
1163 4941 1286 5000 magna
1301 4920 1419 5001 addidit,
1437 4926 1548 4992 eumn
1550 4950 1584 4993 m

144 5008 282 5079 cicentes.
296 5007 394 5092 Πρκει
411 5011 464 5090 γάρ
475 5013 511 5078 εἰς
526 5035 581 5093 παρ
583 5012 734 5091 αμυθίαν
711 5038 759 5102 ³2⁰
760 5014 901 5101 gartdro
911 5013 1035 5092 Spiritus
1050 5015 1164 5081 surtcti,·
1178 5012 1281 5072 seilicet
1291 5015 1403 5074 tentatio
1419 5038 1470 5098 par
1471 5039 1511 5077 re-

144 5108 245 5176 ιιντοῖς,
270 5101 312 5161 ότι
324 5108 408 5161 ταῦτα
424 5102 504 5160 διὰ
481 5127 525 5163 τον
541 5036 688 5164 Χοιάτὸν
673 5129 740 5165 ene·
758 5105 841 5166 nbat
863 5103 1044 5179 afflictionem,
1069 5103 1223 5183 gandebant
1245 5118 1334 5166 tamen
1358 5122 1512 5189 reputantes

144 5262 201 5323 equ.
212 5257 323 5311 desunt
316 5276 379 5311 ισι
353 5257 379 5310 dr
381 5259 430 5311 tob:
433 5278 452 5312 rs
462 5260 516 5310 stes.
