3810 6000
245 424 319 523 954

246 573 294 633 sed
305 571 387 630 etiam
397 569 463 648 quia
473 566 621 644 sicutignis
631 565 722 644 spinas
731 564 874 637 consumit,
885 564 924 624 sic
935 577 961 623 et

245 664 360 743 peccata
370 649 489 729 Spiritus
502 661 617 706 sanctus.
625 646 744 726 lnjectus
757 658 796 703 cst
805 658 911 704 sanctus
919 644 963 703 vir

246 754 274 790 tn
293 731 395 799 lacum,
411 742 437 786 et
450 727 496 785 ille
508 727 619 785 leonum
642 745 689 783 ora
704 723 826 782 frenavit.
841 723 962 782 Circnie-

245 823 310 869 runt
324 810 468 889 piscatores
492 820 599 874 terram,
613 818 714 863 etcum
727 824 828 883 aegram
842 804 962 883 accepis-

224 958 227 963 ,
247 903 315 964 sent,
333 888 367 946 ad
382 885 564 947 valetudinem
579 884 770 959 restitneruut;
786 882 963 943 seditionibus

247 969 394 1046 agitatam,
416 967 442 1024 in
459 966 561 1023 bonnm
583 962 707 1022 ordinem
719 962 894 1039 reduxerunt,
910 983 963 1022 non

247 1048 353 1106 lanceas
369 1046 516 1118 vibrantes,
538 1065 590 1102 non
606 1042 710 1122 sagittis
730 1040 897 1122 impetentes,
911 1064 964 1102 non

248 1127 301 1187 tela
314 1126 456 1198 mittentes,
471 1146 522 1182 nou
547 1123 722 1203 pecuniarum
742 1123 799 1182 rim
814 1123 894 1194 nacti,
911 1140 964 1181 non

248 1206 339 1264 verbis
354 1205 456 1262 utcnlcs
474 1202 630 1276 rlrctoricis3
645 1201 692 1261 sed
707 1215 782 1259 crant
794 1200 887 1261 nudati
900 1201 965 1280 qni·

248 1284 311 1344 dem
336 1282 466 1356 vestibus,
489 1296 517 1341 at
538 1282 646 1340 Christo
670 1279 918 1361 induti:pauperes
940 1293 966 1339 ct

248 1363 358 1437 divites,
379 1363 492 1444 pecnnia
515 1360 605 1434 raeiri,
625 1359 672 1419 sed
690 1381 802 1439 regnum
831 1360 964 1419 ›ossiden-

250 1456 289 1501 tes
303 1466 309 1498 :
323 1443 372 1500 soli
387 1456 412 1500 ct
432 1463 485 1500 non
498 1442 561 1513 soli;
576 1440 626 1499 soli
640 1440 742 1498 scilicet
760 1384 834 1518 quod
849 1461 901 1499 nou
916 1441 966 1498 ho-
986 1458 1005 1506 c

250 1521 335 1581 mines
349 1542 439 1581 secum
453 1522 590 1592 haberent,
605 1518 651 1579 sed
663 1519 811 1579 Dominum
823 1541 903 1578 snum
918 1519 966 1578 ad-

99 1620 186 1664 stant.
201 1613 238 1662 ιθ.
250 1615 375 1660 stantem.
386 1602 457 1659 Nam
472 1603 547 1680 Ego,
560 1598 659 1677 inquit,
670 1602 820 1658 vobiscum
832 1621 897 1658 sum
915 1620 965 1658 us-

99 1695 140 1730 20.

251 1702 307 1762 quc
318 1682 359 1738 ad
369 1683 650 1739 consummationem
661 1679 769 1737 seculi.
788 1681 967 1757 peragrarunt

253 1760 408 1819 universnm
421 1760 513 1819 orbem
528 1780 591 1818 oves
606 1759 674 1817 inter
684 1757 773 1837 lupos.
792 1759 862 1831 Quis
874 1757 965 1817 vidit?

102 1852 188 1896 staret.
203 1860 239 1896 ιο.
251 1839 312 1917 quis
326 1838 431 1898 audivit
442 1839 455 1897 θ
468 1837 542 1897 Dicit
554 1862 560 1894 :
573 1839 661 1896 Mitto
683 1858 738 1895 vos
756 1840 832 1895 sicut
854 1857 920 1900 oves
934 1838 966 1896 in

104 1911 140 1958 ιθ.

252 1920 345 1977 niedio
357 1920 501 1998 luporum.
514 1917 584 1989 Quis
594 1931 685 1997 pastor
698 1937 762 1975 oves
774 1915 857 1975 mittit
871 1916 898 1974 in
910 1938 965 1975 me·

250 1998 327 2056 dium
339 1998 489 2089 luporum?
503 1998 579 2057 Certe
592 2017 655 2056 cnm
664 2010 759 2076 pastor
771 1995 868 2076 lupum
879 1995 964 2073 videt,

251 2098 314 2137 oves
328 2078 429 2156 abigit5
444 2077 568 2135 Christus
589 2089 680 2135 autem
700 2074 862 2134 econtrario
882 2076 964 2134 fecit:

251 2156 362 2217 nvesad
374 2157 400 2215 Ιιι
422 2178 451 2215 os
464 2156 547 2230 misit,
561 2169 587 2215 ct
600 2176 663 2215 oves
684 2176 736 2214 non
758 2169 872 2235 raptaea
893 2156 966 2236 lupis
1011 2226 1012 2230 γ

252 2250 325 2304 sunt,
339 2236 386 2295 scd
401 2179 460 2316 litpi
479 2250 541 2294 sunt
564 2235 592 2293 in
615 2234 709 2294 ovium
733 2233 966 2294 mansuetudinem

224 2322 226 2327 ’
251 2316 382 2382 translati.
394 2315 429 2373 Et
442 2336 475 2374 ne
488 2315 578 2373 dicant
593 2313 652 2372 illi:
666 2316 739 2374 Oves
760 2335 865 2384 snmus,
881 2327 907 2373 et
919 2336 966 2374 nos

252 2395 339 2454 mittis
350 2395 377 2453 in
388 2415 475 2452 escam
487 2394 623 2474 luporum,
633 2405 659 2450 et
669 2393 696 2451 in
705 2414 824 2451 mensam
833 2393 966 2453 serarum:

253 2482 307 2532 uno
319 2474 403 2532 verbo
424 2472 535 2531 illorum
554 2485 669 2531 mentem
690 2472 885 2552 complectitur.
906 2475 967 2533 Non

252 2551 335 2619 dixit,
351 2554 391 2611 lte
403 2576 409 2609 ε
421 2573 508 2629 neque
527 2552 599 2611 enim
621 2551 731 2610 illorum
753 2551 854 2611 virtute
874 2553 968 2612 mitte·

252 2630 301 2689 bat
312 2633 387 2706 illos;
398 2631 456 2703 sed,
470 2633 548 2690 Ecce
561 2653 576 2689 e
596 2636 707 2688 omitto
718 2652 783 2690 vos.
796 2634 852 2692 Vos
867 2632 969 2691 infirmi
987 2645 1007 2691 t>

253 2712 332 2784 cstis3
347 2709 392 2770 scd
406 2725 499 2791 potens
514 2725 553 2770 est
566 2653 613 2768 ille
624 2709 671 2788 qui
685 2731 734 2769 vos
749 2711 841 2774 mittit.
859 2712 928 2783 Quis
942 2733 969 2771 es

254 2791 303 2849 tu?
316 2791 374 2869 Ego
388 2811 448 2849 sum
467 2789 514 2868 qni
539 2789 635 2848 caelum
658 2789 719 2862 lixi,
739 2810 789 2868 ego
808 2791 854 2869 qui
871 2804 970 2850 terram

187 2934 190 2940 ,
254 2870 385 2946 fundavi,
406 2892 453 2947 qut
469 2891 542 2929 mare
565 2868 662 2940 cll'udi,
678 2869 726 2947 qui
749 2869 970 2950 chirographum,

255 2949 328 3027 quod
338 2964 430 3009 contra
446 2970 494 3009 ros
508 2963 575 3021 erat,
591 2948 664 3007 cruci
678 2948 771 3023 affixi,
787 2952 834 3028 qui
855 2964 972 3010 veterem

254 3028 342 3107 legem
358 3030 471 3101 mutavi,
485 3029 531 3107 qui
547 3050 594 3088 vos
607 3027 642 3087 ad
661 3043 777 3087 veterem
797 3029 912 3109 patriam
928 3052 971 3089 re-

256 3107 334 3181 duxi,
344 3109 392 3186 qui
402 3109 482 3167 sortia
492 3109 577 3183 solvo,
589 3108 635 3185 qni
648 3105 778 3166 dissoluta
789 3109 972 3182 roboro.Quid

256 3187 324 3244 mari
339 3188 452 3246 lortius?
462 3187 608 3267 Sedparva
619 3187 764 3266 arenaejus
777 3187 973 3248 intolerandam

257 3266 974 3346 vimretinetEcccegomittooossr'cutovesinme-

258 3347 307 3404 dio
320 3347 461 3426 luporum.
473 3348 494 3405 F
496 3369 545 3404 ern
557 3347 633 3425 quasi
645 3367 738 3404 murus
749 3347 846 3404 ovibus
857 3361 929 3421 sunt,
940 3369 974 3406 ne

259 3426 322 3502 suga
336 3428 448 3485 salutern
461 3429 587 3503 consequi
603 3427 715 3507 possint.
730 3427 754 3484 0
768 3426 857 3485 virtus
868 3427 974 3487 mitten·

259 3502 307 3564 tis!
326 3506 353 3564 in
378 3505 467 3564 medio
490 3527 565 3580 oves,
592 3521 617 3564 ct
643 3506 669 3563 in
695 3505 808 3564 circuitu
836 3505 912 3586 lnpi;
927 3506 974 3565 scd

259 3585 355 3643 mutati
369 3599 431 3644 sunt
444 3586 471 3642 lu
495 3583 513 3658 i,
532 3599 557 3642 et
573 3585 635 3642 sacti
658 3599 719 3642 sunt
741 3606 811 3643 ores.
827 3587 887 3643 Non
902 3587 974 3645 enim

259 3678 333 3722 erant
358 3678 452 3723 natura
474 3607 547 3743 lupi,
571 3662 618 3722 sed
642 3662 790 3722 voluntate.
819 3667 897 3722 Ecce
922 3687 973 3744 ego

259 3746 341 3801 mitto
353 3764 417 3802 vos.
434 3743 508 3812 Quid
522 3763 585 3821 ergo
603 3742 706 3822 jubes?
726 3745 829 3801 Estote
847 3745 975 3822 pruden-
992 3752 1012 3799 t:

260 3833 301 3879 tes
322 3827 397 3880 sicut
426 3835 581 3901 serpentes,
609 3836 637 3880 et
658 3823 803 3900 simplices
831 3826 906 3881 sicut
928 3844 971 3882 co·

176 3945 177 3949 ,
260 3900 375 3957 lumbes.
390 3899 467 3972 Quid
480 3899 558 3970 dicis,
578 3903 742 3960 Prudentes
762 3909 836 3959 sicut
859 3923 975 3982 serpen-

258 3985 323 4036 tes?
335 3979 448 4058 Serpens
461 3979 566 4038 etiamsi
579 3994 702 4038 sexcenta
722 3981 836 4059 accipiat
850 3982 973 4060 vulnera,

258 4057 326 4115 dum
350 4072 429 4138 eaput
449 4072 551 4131 servet,
567 4072 637 4117 totus
653 4073 691 4117 est
711 4080 799 4117 sanus.
822 4062 864 4119 lta
885 4075 911 4119 ct
934 4076 973 4136 tu,

259 4136 281 4194 si
293 4159 434 4217 pecuniam
445 4138 616 4198 adversarius
630 4139 723 4196 tollere
737 4139 804 4212 vult,
816 4141 908 4234 praebe
922 4140 974 4214 illi,

259 4216 323 4277 item
345 4219 367 4276 si
386 4220 536 4287 facultates,
550 4218 572 4276 si
589 4218 674 4298 ipsam
698 4218 800 4278 vitam:
814 4219 896 4278 lrdem
910 4234 972 4279 tao-

259 4308 317 4355 tum
344 4319 431 4358 serra.
458 4302 561 4357 Estote
581 4300 748 4374 prudentes.
774 4298 824 4357 llla
853 4314 976 4359 manente

106 4394 163 4449 lot,
176 4405 195 4436 ι.
209 4403 247 4437 αι.
259 4375 347 4435 omnia
361 4377 489 4437 facillima
501 4377 674 4436 sunt.Nndus
685 4399 806 4456 egressus
817 4399 845 4436 es
856 4378 891 4436 dc
901 4393 975 4440 utero

109 4542 176 4588 Psat.
184 4542 248 4589 aaa.
259 4535 386 4593 exsilium
398 4536 502 4594 mittit?
511 4538 632 4594 Domini
640 4551 681 4595 est
694 4551 772 4595 terra
783 4550 811 4594 et
818 4538 973 4674 plenitudo

259 4456 352 4514 matris
367 4471 429 4533 tnae,
440 4455 529 4515 nudus
540 4457 688 4516 reverteris.
696 4457 752 4517 Sed
762 4456 895 4537 quispiam
908 4472 935 4518 tc
945 4459 973 4518 in

258 4617 329 4693 ejus.
340 4616 463 4674 Forsitan
477 4638 548 4675 mors
561 4614 656 4674 adest?
665 4620 701 4674 At
715 4617 817 4675 moesti
838 4616 846 4674 i
858 4617 974 4697 peregri·

257 4693 331 4752 natio
342 4708 389 4752 est.
408 4695 503 4754 Fidem
515 4708 619 4753 tautum
640 4717 673 4753 nc
684 4697 803 4770 amittas,
818 4696 973 4756 thesaurum

258 4792 310 4831 non
323 4774 509 4851 deficientem,
526 4774 607 4833 lidcm
619 4796 677 4852 quae
689 4797 829 4855 nunquam
840 4777 976 4834 consumi-

257 4863 311 4910 tur.
324 4853 427 4912 Horum
449 4869 528 4914 testes
542 4855 570 4911 hi
587 4869 719 4934 martyres
733 4879 739 4911 z
751 4855 816 4934 quia
826 4855 908 4914 fidem
922 4853 988 4915 non

256 4932 442 5068 perdiderunt,
454 4934 552 4994 mortui
565 4934 720 4995 viventibus
731 4949 793 4993 snut
803 4936 972 5014 potentiores.

273 5009 323 5070 deo
336 5012 418 5072 homo
430 5015 514 5072 sactus
526 5036 595 5087 snm,
607 5013 668 5072 idco
683 5036 789 5073 carnem
799 5015 925 5091 assumsi,
941 5029 972 5074 ut

253 5089 347 5149 orbem
362 5091 510 5153 Ecclesiam
522 5092 820 5153 efficeremlldmodum
836 5116 898 5154 cara
914 5095 1018 5161 Deome

252 5184 292 5228 est
303 5170 422 5232 Ecclesia
437 5195 489 5233 non
509 5173 595 5233 muris
610 5186 696 5254 septa,
711 5172 757 5232 sed
776 5172 832 5232 lide
855 5173 969 5235 mnnita.
990 5176 1011 5225 Α

251 5247 364 5330 Propter
375 5251 521 5313 Ecclesiam
532 5266 671 5312 extensum
680 5266 719 5312 est
728 5253 967 5334 caelum,diffusnm

954 440 1086 490 seuam,

1016 566 1065 637 τὴν
1086 564 1253 643 οἰκουμένην,
1275 570 1404 624 νοσοῦσαν
1427 559 1517 634 αὐτὴν
1533 559 1781 640 παρσλαίύντις,ιιὶ

1017 645 1082 724 πρὸς
1095 643 1195 722 ὑγίειαν
1208 643 1393 722 ἐπανήγαγον·
1418 641 1624 708 στασιάζουσαν
1638 643 1779 722 παραλαίίν-

1017 747 1070 797 τες,
1084 725 1149 804 πρθς
1160 723 1280 792 εὐταξίαν
1295 721 1542 802 ἐχειραγώγησαν,
1555 726 1587 780 αὖ
1599 721 1698 799 θύματα
1707 730 1781 782 xima

1017 826 1070 877 τες,
1092 805 1121 864 ού
1138 802 1200 870 τύξα
1223 803 1376 881 βάλλοντες,
1394 804 1427 859 οὖ
1450 803 1534 878 βέλος
1549 800 1683 880 ἀφιέντες,
1698 807 1781 882 ὠχρι-

1019 885 1112 990 μάτων
1128 881 1232 962 ἔχοντες
1242 881 1412 962 περιουσίαν,
1428 884 1461 939 οὐ
1474 880 1732 1018 λόγωγβητορικιῖιν·
1742 886 1782 941 αλλ’

1019 987 1088 1037 ησοιν
1095 961 1189 1042 γυμνοί
1199 961 1252 1021 ἀπὸ
1259 961 1386 1039 ἱματίων,
1396 960 1445 1018 καί
1455 962 1562 1037 ἐνδεδυ
1590 984 1631 1019 νοι
1640 962 1782 1043 τὸνλριοτύι

1020 1043 1130 1114 πένητες
1142 1041 1189 1100 καλ
1201 1040 1331 1113 πλούσιοι,
1344 1039 1506 1119 χρημάτων
1522 1040 1736 1120 ἀπεστερημένος
1748 1041 1781 1112 ris

1020 1122 1048 1182 δὲ
1067 1120 1203 1201 βασιλείαν
1223 1121 1398 1198 κεκτημένοι·
1416 1118 1500 1196 μόνοι
1516 1119 1567 1178 καὶ
1583 1122 1615 1177 σθ
1630 1120 1716 1197 μόνοι,
1730 1121 1782 1199 μένοι

1021 1200 1175 1282 ἀνθρώπων,
1197 1200 1300 1280 ἔχοντες
1322 1199 1351 1259 δέ
1370 1200 1419 1258 τὸν
1433 1202 1547 1258 ἑαυτῶν
1564 1199 1711 1270 Δεσπότην.
1731 1201 1781 1279 ’tp

1021 1281 1071 1361 γάρ
1096 1285 1161 1359 εἰμι,
1180 1280 1258 1359 φησί,
1278 1282 1335 1356 μεθ’
1352 1281 1433 1356 ὑμῶν
1454 1277 1512 1344 ἕως
1535 1282 1586 1349 τῆς
1606 1277 1782 1345 συντιλείαςτά

1021 1365 1123 1427 αἰῶνος.
1140 1362 1283 1439 Περιῆλθον
1298 1359 1346 1430 τὴν
1361 1357 1534 1435 οἰκουμένην
1550 1367 1643 1417 πᾶσαν
1653 1357 1784 1437 visplica

1022 1438 1119 1519 μεταξὺ
1137 1442 1189 1498 τῶν
1211 1437 1310 1498 λύκων,
1336 1437 1390 1504 Τίς
1410 1429 1489 1508 εἶδε;
1515 1436 1558 1503 τίς
1579 1438 1693 1508 ἤκωσῆ
1719 1439 1783 1516 λέγει·

1021 1518 1190 1580 Ἀποστέλλω
1211 1524 1279 1595 ὑμᾶς
1301 1517 1395 1595 ὥσπερ
1420 1515 1558 1595 πρόὸατα
1583 1521 1611 1576 ἐν
1634 1518 1703 1597 μέσῳ
1716 1517 1784 1576 λύων.

1021 1601 1102 1666 Ποῐος
1113 1597 1213 1676 ποιμὴν
1224 1595 1347 1677 πρόύατα
1364 1599 1393 1654 ἐν
1430 1596 1490 1676 έσῳ
1505 1596 1600 1656 λύκων
1614 1597 1725 1673 πέμπτη
1736 1597 1783 1656 'All'

1021 1678 1083 1738 ὅταν
1099 1679 1142 1758 ἴδῃ
1155 1679 1197 1736 τὸν
1212 1677 1291 1736 λύκον
1304 1621 1447 1752 incipiit,
1464 1675 1634 1735 συνελαύνει
1643 1676 1677 1735 τά
1687 1677 1784 1756 aptium

1021 1763 1035 1818 θ
1056 1758 1083 1817 δέ
1103 1757 1215 1838 Χριστὸς
1233 1756 1263 1814 τὸ
1282 1755 1402 1816 ἐναντίον
1427 1755 1570 1828 ἐποίησε·
1586 1755 1622 1814 τὸ
1640 1756 1748 1836 πρίθατι
1760 1759 1785 1823 εἰς

1019 1836 1078 1905 τοὺς
1087 1836 1179 1902 λύκους
1193 1835 1341 1907 ἀπέστειλε,
1356 1835 1406 1894 καί
1419 1837 1475 1894 οὐκ
1488 1834 1602 1912 ἐγένετο
1620 1840 1653 1908 θη
1681 1835 1785 1895 mmet

1019 1915 1151 2018 πρύθατα,
1174 1917 1231 1975 ἀλλ’
1255 1917 1278 1974 οἱ
1299 1913 1378 1974 λύκοι
1394 1917 1432 1981 είς
1447 1914 1506 1987 τὴν
1520 1920 1579 1974 τῶν
1593 1940 1616 1974 π
1738 1921 1785 1992 ipa·

1022 2019 1120 2079 ροτητα
1141 1994 1315 2074 μετέστησαν.
1347 1994 1406 2071 Καὶ
1430 1993 1482 2053 ἵνα
1509 1994 1551 2072 μὴ
1577 1995 1692 2075 λέγωσιν
1712 1997 1786 2067 ἐκεῖνοι,

1021 2100 1042 2135 π
1066 2075 1144 2135 'tert
1164 2077 1254 2152 ἐσμεν,
1278 2073 1323 2133 καὶ
1343 2073 1470 2150 πέμπεις
1484 2079 1564 2152 ἡμᾶς
1580 2075 1737 2152 medopam
1750 2084 1786 2140 τοῖς

1021 2158 1126 2228 λυκοις,
1144 2154 1189 2213 καὶ
1203 2154 1334 2235 τράπεζαν
1348 2162 1407 2218 τοῖς
1422 2154 1554 2236 θηρίοις,
1577 2164 1629 2234 μιᾷ
1639 2155 1704 2222 λέξει
1713 2161 1786 2232 espei-

1020 2236 1065 2294 λεν
1082 2238 1167 2295 αὐτῶν
1183 2232 1231 2306 τὴν
1247 2233 1372 2292 διάνοιαν.
1400 2236 1466 2293 Οὐκ
1488 2224 1579 2304 εἶπεν,
1596 2234 1730 2293 ἀπέλθετε·
1746 2233 1786 2292 eiii

1039 2313 1056 2374 ἀ
1086 2316 1234 2393 τῇέαυτῶν
1250 2313 1360 2390 δυνάμει
1373 2310 1505 2390 ἔπεμπεν
1522 2311 1639 2382 αὐτούς·
1654 2317 1718 2386 ἀλλ’,
1736 2311 1785 2371 ’lici

1021 2340 1075 2474 ἐγω
1091 2393 1245 2452 ἀποστέλλω
1260 2396 1336 2470 ὑμᾶς.
1355 2392 1496 2458 Ἀσθενεῖς
1511 2396 1609 2469 ὑμεῖς·
1626 2391 1693 2452 ἀλλά
1708 2391 1785 2456 δυνατὸς

1021 2477 1035 2531 ὁ
1050 2472 1218 2534 ἀποστέλλων
1237 2477 1314 2549 ὑμᾶς.
1337 2471 1390 2538 Τίς
1405 2462 1437 2554 εἷ,
1451 2472 1505 2544 σύ;
1522 2470 1602 2551 Ἐγώ
1617 2476 1673 2551 εἰμι
1684 2478 1698 2532 θ
1709 2471 1743 2528 τὸν
1753 2473 1785 2530 σί·

1040 2553 1100 2612 ανθν
1115 2552 1217 2624 πήξας,
1229 2557 1243 2611 θ
1256 2552 1304 2623 clv
1318 2554 1369 2629 γῆν
1385 2553 1579 2629 θεμελιώσας,
1598 2553 1674 2625 θτὴν
1685 2551 1785 2610 tatum

1024 2577 1159 2705 θιαλύσας,
1178 2636 1192 2690 ὁ
1212 2630 1243 2689 τθ
1263 2633 1321 2690 καθ’
1345 2635 1422 2708 ὑμῶν
1449 2631 1642 2713 χειρόγραφον
1660 2634 1786 2711 τῷσταιρίι

1023 2710 1210 2790 προσηλώσας,
1234 2710 1311 2769 θτθν
1329 2711 1452 2769 παλαιὸν
1469 2711 1558 2788 νόμον
1581 2711 1751 2790 ἀνατρέψαςθ
1762 2712 1786 2773 εἰς

1023 2790 1072 2862 τὴν
1087 2788 1201 2890 ἀργαίαν
1216 2787 1396 2868 ’ἐπαναγαγὼν
1410 2793 1489 2863 ὑμᾶς
1502 2790 1638 2869 πατρίδα,
1651 2792 1704 2851 tet
1716 2787 1785 2866 ἰσγνρί

1023 2873 1179 2950 παραλυων,
1202 2870 1248 2929 καλ
1267 2870 1301 2928 τά
1314 2869 1536 2951 παραλελυμένοι
1553 2869 1693 2949 ἐνισχύων.
1716 2868 1745 2927 Τί
1752 2873 1786 2936 rit

1024 2950 1158 3022 θαλάσσης
1174 2949 1356 3030 ἰσχυρότερον,
1377 2948 1465 3008 Ἀλλὰ
1486 2954 1505 3021 ἡ
1532 2951 1624 3029 μικρὰ
1643 2951 1738 3030 ψάμμος
1750 2947 1784 3017 τὴν

1025 3028 1155 3112 ἀφόρητον
1172 3030 1232 3108 βίαν
1248 3028 1347 3100 ἐκείνην
1360 3028 1486 3109 κατέχει.
1504 3028 1579 3088 Ἰδοὺ
1595 3029 1649 3107 ἐγὼ
1663 3025 1785 3087 emtis

1024 3113 1093 3185 ὑμᾶς
1113 3113 1148 3175 ὡς
1170 3106 1291 3188 πρύύατα
1305 3110 1338 3167 ’ἐν
1358 3107 1435 3187 μέσῳ
1443 3097 1558 3168 λύκων.
1582 3106 1784 3203 Τεῖχοςτλθςρὶι

1024 3196 1079 3255 τοῖς
1099 3188 1214 3269 πρόθασι
1233 3186 1353 3266 γίνεται,
1376 3187 1421 3245 ἵνα
1437 3186 1512 3264 μηδὲ
1528 3194 1604 3267 φυγῇ
1621 3190 1669 3261 τλν
1682 3208 1785 3264 compat

1024 3267 1195 3348 πορίσωνται.
1209 3265 1247 3325 Ὢ
1261 3268 1372 3344 δύναμις
1386 3272 1434 3325 τοῦ
1453 3269 1684 3337 ἀποστείλαντος·
1700 3265 1784 3343 droise

1024 3347 1059 3407 ed
1076 3346 1210 3427 πρύθατα,
1232 3347 1277 3404 καλ
1291 3346 1381 3427 κύκλῳ
1396 3349 1422 3404 οἱ
1437 3346 1538 3405 λύκοι·
1562 3348 1636 3407 ἀλλά
1652 3345 1784 3424 μετεβλήθη·

1025 3449 1084 3500 σαν,
1099 3426 1144 3485 καί
1159 3427 1276 3505 ἐγένοντο
1287 3426 1419 3523 πρύθατα.
1436 3428 1482 3484 Οὐ
1496 3428 1552 3505 γάρ
1565 3421 1637 3499 ἦσαν
1649 3425 1785 3516 ρύσειλύεμ,

1025 3508 1094 3565 ἀλλά
1106 3507 1267 3586 προαιρέσει.
1282 3505 1349 3564 'leoli
1366 3504 1420 3583 ἐγὼ
1433 3508 1606 3566 ἀποστέλλω
1620 3512 1696 3584 ὑμᾶς.
1718 3504 1785 3562 Timr

1025 3585 1154 3656 κελεύεις;
1169 3586 1275 3644 Γίνεσθε
1293 3609 1311 3664 ρ
1329 3583 1417 3661 ύνιμοι
1440 3587 1478 3650 ὡς
1496 3592 1523 3645 οἱ
1539 3589 1628 3668 ἀρεις,
1644 3587 1686 3645 καί
1696 3586 1785 3663 ἀιέριω

1026 3669 1062 3732 ὡς
1074 3671 1101 3724 αἱ
1118 3664 1279 3746 περιστεραί.
1309 3609 1344 3722 'i'i
1363 3663 1462 3742 λέγεις,
1480 3667 1627 3744 Φρόνιμοι
1640 3670 1674 3733 ὡς
1688 3671 1709 3725 ol
1723 3664 1785 3741 ὄγεῑὶἱ

1027 3743 1062 3804 ‘0
1078 3745 1135 3844 ἀρις
1152 3744 1200 3802 κάν
1219 3742 1300 3822 μυρία
1314 3742 1387 3822 λάθῃ
1402 3744 1571 3823 τραύματα,
1589 3747 1641 3817 τὴν
1657 3740 1786 3820 δέκεειλίι

1027 3824 1161 3902 διασώσῃ,
1180 3825 1240 3890 ὅλος
1253 3822 1322 3882 ἐστὶν
1337 3823 1427 3901 ὑγιής.4
1447 3824 1536 3884 Ούτω
1553 3827 1602 3884 καὶ
1615 3825 1664 3896 σὺ,
1681 3823 1723 3883 κᾶν
1736 3819 1786 3899 γεέ-

1028 3927 1101 3980 ματα
1118 3903 1180 3982 θέλῃ
1203 3903 1293 3962 λαθεῖν
1317 3907 1331 3961 θ
1354 3902 1494 3976 ἐναντίος,
1520 3904 1584 3972 δός·
1609 3904 1658 3963 κᾶν
1679 3901 1786 3979 strigam

1026 3981 1076 4040 κᾶν
1089 3983 1169 4053 αὐτὴν
1180 3981 1228 4053 τὴν
1239 3980 1319 4052 ζωήν·
1332 3982 1410 4058 μόνον
1419 3981 1470 4054 τὴν
1479 3983 1579 4042 πίστιν
1591 4008 1639 4044 σου
1648 3983 1787 4058 διαπέμπων.

1028 4061 1136 4121 Γίνεσθε
1171 4063 1280 4143 ρόνιμοι.
1293 4059 1416 4130 Ἐκείνης
1426 4061 1569 4137 μενούσης
1581 4065 1669 4122 πάντα
1682 4057 1789 4141 §diremi

1028 4144 1134 4222 εὐχερῆ.
1145 4085 1247 4218 liupolt
1257 4139 1361 4212 ἐξῆλθες
1372 4143 1402 4198 ἐκ
1414 4140 1525 4209 κοιλίας
1539 4145 1644 4222 μητρός
1655 4165 1707 4208 σω,
1715 4137 1789 4216 pestis

1028 4222 1073 4279 καὶ
1098 4222 1240 4300 ἀπελεύσῃ.
1262 4221 1331 4278 Ἀλλ’
1355 4218 1468 4299 ἐξορίζει
1484 4221 1518 4281 σε’
1532 4246 1595 4293 τις;
1620 4225 1675 4282 Tm
1686 4217 1787 4297 Kuptwl

1028 4305 1077 4378 γῆ,
1093 4300 1179 4359 καὶτὸ
1191 4300 1325 4378 πλήρωμα
1339 4301 1431 4370 αὐτῆς.
1445 4299 1520 4358 Ἀλλ’
1536 4302 1725 4372 ἀποθνήσκεις
1736 4296 1788 4354 Ἀλλ’

1028 4384 1042 4438 θ
1056 4378 1165 4446 θάνατύς
1178 4403 1219 4438 σοι
1231 4378 1377 4455 ἀποδημία.
1399 4377 1493 4438 Μόνον
1516 4380 1571 4452 τὴν
1586 4381 1677 4440 πίστιν
1690 4379 1723 4456 μὴ
1735 4379 1787 4433 ἀτα-

1027 4458 1116 4537 λέσης,
1134 4458 1180 4516 τὸν
1196 4459 1326 4538 θησαυρὸν
1343 4456 1388 4516 τὸν
1412 4459 1568 4532 ἀνάλωτον,
1588 4461 1638 4532 την
1655 4453 1788 4538 πίστιυητλν

1028 4538 1206 4610 ἀδαπάνητον.
1230 4537 1371 4614 Μάρτυρες
1396 4536 1499 4597 τούτων
1524 4542 1551 4598 ol
1574 4540 1705 4619 μάρτυρες
1723 4539 1788 4595 olto·

1027 4616 1120 4688 ἐπειδὴ
1141 4614 1189 4687 τὴν
1208 4617 1297 4675 πίστιν
1319 4618 1368 4674 οὐκ
1387 4617 1550 4692 ἀπώλεσαν,
1572 4621 1620 4677 καὶ
1638 4618 1703 4695 μετὰ
1716 4615 1788 4673 τελευ-

1028 4696 1143 4768 τὴντῶν
1157 4694 1262 4763 ζώντων
1281 4695 1331 4755 slcl
1345 4694 1537 4778 δυνατώτεροι.
1552 4699 1607 4757 Διά
1623 4703 1699 4756 τοῦτο
1709 4695 1787 4767 delfi*

1028 4800 1077 4843 πυς
1096 4775 1232 4854 ἐγενόμην,
1254 4774 1297 4834 διά
1320 4781 1396 4833 τοῦτο
1419 4776 1512 4854 σάρκα
1536 4774 1677 4848 ἀνίλὰὸον,
1697 4775 1736 4832 lm
1752 4767 1786 4836 *lt

1028 4854 1182 4933 οἰκουμένην
1197 4854 1360 4924 Ἐκκλησίαν
1373 4855 1548 4933 ἐργάσωμαι.
1580 4857 1655 4917 Πολὺ
1668 4855 1716 4933 γὰρ
1727 4870 1785 4926 περὶ·

1028 4936 1191 4995 σπούδαστον
1206 4937 1244 5013 τῷ
1262 4935 1325 5013 Θεῷ
1348 4935 1512 5008 Ἐκκλησία,
1533 4939 1565 4994 οὐ
1587 4936 1685 5016 τοίχοις
1696 4931 1784 5009 ἀσμσλῑ·

1028 5015 1134 5092 ζσμένη,
1157 5013 1225 5073 ἀλλὰ
1246 5012 1334 5072 πίστει
1357 5014 1543 5093 τειχιζομένη.
1566 5015 1620 5075 Διά
1633 5010 1782 5097 s-ls'faaltr

1028 5095 1088 5155 σίαν
1109 5098 1138 5153 οὗ
1158 5094 1217 5161 ανθς
1239 5091 1351 5166 ἐστάθη,
1368 5094 1414 5152 καί
1433 5093 1596 5164 ἡθάλασσα
1616 5093 1730 5172 ἐξεχύθη,
1747 5103 1781 5144 11¹

1028 5173 1080 5274 ἀὴρ
1101 5117 1233 5252 ηπλώθη,
1249 5171 1294 5231 καλ
1307 5178 1342 5250 γῆ
1359 5172 1547 5248 ἐθεμελιώθη,
1570 5174 1721 5273 παράδεισος
1731 5171 1778 5260 ἐγν·

1027 5261 1105 5326 escon
1118 5299 1125 5328 ,
1140 5252 1217 5331 νόμος
1233 5252 1326 5329 ἐδόθη,
1353 5257 1489 5332 προρῆται
1512 5257 1710 5325 ἀπεσταλησαν,
1731 5253 1776 5304 lv·
