3764 5992
494 529 584 596 ouon
609 532 704 581 unuo
731 532 881 584 uunirun
907 534 973 583 ιιιει
998 533 1020 583 ε
1047 528 1172 585 snuso.
1241 588 1247 605 ,
1541 519 1612 616 549

69 655 234 737 διαστήματι
247 660 292 718 τοῦ
310 656 390 718 τόπου
404 655 435 715 τδ
449 654 558 736 μίγιθος
572 659 620 728 τῆς
639 656 735 721 κακίας
754 656 841 714 αύτίύν
896 652 1027 714 indicaret
1035 652 1177 737 propbeta,
1183 651 1273 713 dixit:
1286 654 1431 715 Ascendit
1440 655 1674 725 maiitiam-lon.
1687 689 1708 723 ε.
1723 689 1747 723 ε.

69 748 273 828 δνδεικνύμενος.
296 740 366 809 Ἀλλ’
386 748 457 828 ὅμως
478 747 527 822 τὴν
547 747 679 822 τοσαύτην
702 746 842 831 πονηρίαν,
895 766 961 807 nem
973 767 1064 828 usque
1078 747 1121 806 ad
1133 745 1238 806 culum
1250 769 1260 803 .·
1271 745 1398 806 distantia
1413 745 1466 807 loci
1475 747 1613 828 magnitu-

68 838 118 912 τὴν
139 838 207 900 ούτω
226 847 421 922 κορυφωθεῖσαν
438 841 484 900 καί
497 841 654 921 ύψωθεῖσαν,
677 843 714 906 ὡς
732 837 779 899 καί
792 839 843 905 ἕως
894 835 986 896 dina
999 836 1109 896 mulitia)
1125 836 1247 918 ipsorum
1260 836 1436 916 significavit.
1452 836 1509 899 Sed
1523 851 1614 901 tomen

67 940 116 993 τοῦ
130 935 237 1014 οὐρανοῦ
260 933 376 1014 φθάσαι,
393 933 493 1005 ταύτην
516 935 544 992 ἐν
565 932 650 1015 τρισίν
668 929 796 1015 ἡμίραις,
814 933 842 990 ἐν
857 950 877 997 1)
895 942 998 990 tantam
1011 930 1170 1010 nequibant,
1181 951 1267 1009 usque
1279 929 1348 990 adeo
1360 930 1458 992 elatam
1469 943 1496 991 et
1507 932 1614 993 exulu-

69 1024 183 1105 βραχείρ
204 1029 296 1104 καιροῦ
321 1027 405 1104 ῥοπῇ,
426 1024 469 1084 διδ
486 1024 611 1106 ῥημάτων
625 1022 730 1103 ὀλίγων,
745 1021 763 1082 δ
776 1025 841 1101 παρ’
895 1034 961 1096 tam,
980 1034 1011 1081 ut
1030 1021 1066 1082 ad
1085 1021 1181 1082 culum
1203 1042 1311 1101 quoque
1330 1022 1503 1104 pertingent,
1525 1022 1614 1083 tribus

68 1114 126 1181 ίνδς
137 1115 252 1186 ἤκουσαν
273 1115 425 1197 ἀνθρώπου,
441 1114 595 1195 ἀγνώστου,
616 1115 704 1188 ξένοιν,
727 1118 842 1192 ναυαγυῶ
895 1117 1002 1192 diebus,
1011 1116 1088 1179 brevi
1102 1118 1231 1199 temporis
1246 1131 1391 1197 momento,
1403 1118 1497 1200 paucis
1510 1119 1611 1197 vebis,

66 1206 257 1287 γεγενημένου,
277 1206 347 1268 αύτω
366 1207 522 1282 κατέλυσαν,
540 1206 622 1277 ούτως
639 1206 781 1288 ἠφάνισαν,
792 1203 840 1265 σί-
894 1230 955 1288 quae
968 1209 1004 1269 ab
1014 1230 1069 1269 uno
1079 1209 1190 1269 ίιοιιιίιιε
1197 1208 1366 1285 audiverant,
1380 1210 1483 1290 ignoto,
1496 1209 1614 1292 bospite,

66 1322 120 1366 τως
133 1298 251 1359 ἐκποδὼν
268 1299 404 1371 ἐποίησαν,
421 1303 458 1367 ῶς
470 1299 593 1372 τοιαύτης
613 1301 764 1359 ἀπολαῦσαι
786 1320 842 1378 φω-
894 1302 1068 1383 naufragium
1080 1323 1169 1384 passo,
1182 1301 1218 1361 ita
1232 1302 1453 1384 profligaverunt,
1469 1302 1507 1363 ita
1521 1301 1613 1363 aboln-

67 1394 129 1464 νῆς,
149 1388 190 1450 δτι
205 1381 283 1451 Εἶδον
298 1391 406 1464 δΘεδς,
425 1391 468 1453 δτι
482 1391 586 1464 ἀπέστη
603 1390 715 1457 ἕκαστος
728 1388 781 1449 dub
793 1393 842 1461 τῆς
894 1407 1008 1470 verunt,
1027 1392 1064 1453 ita
1086 1391 1204 1454 emedio
1229 1394 1409 1472 sustulerunt,
1429 1406 1459 1454 ut
1478 1394 1528 1455 tali
1548 1414 1614 1455 voce

65 1485 129 1543 δδοῶ
140 1486 226 1544 αὐτῶν
241 1489 289 1557 ’τῆς
299 1493 428 1566 πονηρᾶς,
442 1485 488 1545 καί
503 1484 659 1564 μετενόησεν
670 1483 724 1542 ἀπὸ
732 1486 780 1554 τῆς
792 1504 841 1541 κα·
894 1498 1077 1544 recrearentur
1093 1508 1101 1543 ε
1117 1487 1198 1546 Vidit
1221 1487 1304 1545 Deus
1328 1489 1399 1567 quia
1424 1506 1545 1547 auersus
1569 1498 1614 1546 est

66 1574 127 1642 κίας
146 1567 179 1647 ἥς
201 1566 300 1636 εἶπενδ
319 1577 387 1644 Θεὸς
409 1581 520 1649 ποιῆσαι
541 1578 638 1643 αὐτοῖς.
659 1573 743 1654 Ὁρᾷς
762 1572 803 1632 ὅτι
825 1574 841 1630 ὁ
894 1582 1093 1659 uuusquisque
1110 1579 1148 1637 de
1167 1582 1222 1637 oia
1241 1597 1297 1637 ειια
1318 1578 1411 1649 mula,
1431 1590 1460 1636 et
1478 1582 1614 1658 paenituit

66 1665 116 1744 μὲν
140 1666 230 1748 νήφων
252 1667 298 1727 καί
320 1667 468 1748 ἔχρηχορὼς
488 1668 517 1727 ού
539 1665 617 1745 μόνον
639 1663 714 1746 παρδι
739 1662 840 1746 ἀνθρύ-
893 1689 959 1727 ειιιιι
978 1690 1066 1751 super
1082 1670 1210 1741 malitia,
1232 1690 1323 1751 quam
1349 1670 1491 1750 loquutus
1508 1669 1613 1750 fuerat

63 1781 123 1817 πων
136 1759 209 1818 οδδίν
222 1760 369 1835 ἀδικεῖται,
384 1760 453 1821 ἀλλά
469 1759 514 1819 καὶ
528 1759 655 1831 θεήλατον
668 1755 749 1838 ἀρχὴν
770 1758 838 1816 ἀνα·
893 1760 982 1820 Deus'
991 1773 1023 1819 ut
1033 1763 1154 1842 faceret
1164 1765 1216 1821 eis.
1229 1760 1349 1824 Videsne
1361 1759 1484 1820 sobrium
1496 1780 1529 1820 ac
1538 1759 1611 1840 vigi·

64 1850 174 1930 τρέπει,
187 1857 202 1911 δ
219 1852 246 1910 δί
265 1852 365 1912 οίκοθεν
379 1853 471 1913 ίαυτδν
485 1849 623 1932 προδιδούς
640 1848 687 1910 καὶ
700 1846 838 1910 καταύλά-
891 1851 991 1912 lantem
1000 1872 1054 1912 uon
1064 1852 1145 1913 modo
1156 1853 1192 1913 ab
1202 1852 1361 1914 bominibus
1372 1872 1425 1912 non
1436 1851 1611 1931 laedimur

62 1965 148 2017 πτων,
167 1943 236 2002 ικᾶν
250 1943 345 2026 μυρίας
359 1943 506 2027 εὐεργεσίας
519 1940 656 2022 ἀπολάύη,
676 1939 750 2001 utute
765 1939 835 2020 μίγα
854 1954 874 2003 ι’.
892 1943 973 2003 etiam
983 1945 1052 2004 iram
1060 1944 1194 2006 divinitus
1205 1943 1403 2025 impendentem
1411 1945 1552 2006 avertere?
1562 1945 1610 2025 qui

63 2033 211 2113 κερδαίνει;
229 2034 310 2094 Ούτω
320 2041 384 2113 γοῦν
397 2037 455 2096 οιίδί
474 2034 587 2101 ἐκείνους
603 2032 726 2114 ὠφέλησε
739 2031 774 2092 τά
788 2054 837 2091 το·
890 2056 957 2095 vero
969 2036 1111 2118 semetipse
1121 2036 1218 2118 pmdat
1230 2058 1261 2096 ac
1272 2050 1376 2113 nocent,
1388 2036 1440 2097 etsi
1450 2035 1557 2097 infinita
1567 2058 1612 2097 ao·

66 2133 152 2186 σαῶτα
167 2133 282 2204 σημεῖα,
302 2127 355 2186 οὐδ’
369 2125 462 2195 αὐτούς
475 2125 582 2193 τούτους
595 2125 627 2185 τδ
642 2123 679 2202 μὴ
695 2132 836 2205 μετασχεῖν
890 2127 975 2210 cipiat
993 2128 1136 2206 beneficia,
1150 2150 1202 2189 uon
1221 2128 1339 2188 multum
1352 2128 1423 2188 lueri
1442 2127 1551 2189 saeue?
1562 2129 1611 2191 sie

62 2216 164 2276 τούτων
183 2218 367 2302 παρέάλεψεν·
389 2220 447 2278 ἀλλ’
471 2217 563 2290 ἐπειδὴ
582 2217 682 2277 οίκοθεν
700 2207 769 2288 ἦσαν
790 2219 836 2276 εὖ·
889 2220 962 2280 enim
977 2240 1065 2299 noque
1081 2219 1137 2279 illis
1149 2220 1309 2301 prosuerunt
1323 2233 1397 2280 tanta
1410 2232 1543 2302 portenta,
1557 2240 1609 2280 ne-

62 2308 211 2387 γνώμονες,
224 2306 320 2391 μικρᾶς
334 2308 520 2386 ίπιλαόιίμενοι
535 2312 633 2391 ῥοπῆς,
649 2307 766 2387 βελτίους
779 2306 836 2387 ίχί-
888 2333 940 2390 que
953 2310 996 2371 bis
1009 2311 1097 2372 obfuit
1111 2311 1208 2371 iisdem
1222 2309 1340 2370 caruisse
1351 2334 1358 2368 ι
1369 2331 1465 2370 verum
1479 2330 1542 2370 oum
1555 2331 1608 2370 nn-

63 2422 156 2474 νοντυ,
177 2400 264 2460 καίτοι
283 2400 413 2483 §iudaeos
434 2400 522 2474 ὄντες,
544 2400 591 2460 καί
611 2398 768 2480 ἀλλόφυλοι,
789 2398 836 2459 καί
887 2416 949 2462 tura
962 2403 1049 2463 forent
1064 2402 1183 2475 candidi,
1196 2403 1327 2482 exiguum
1340 2400 1605 2479 nactimomentum,

63 2491 171 2551 πάντων
179 2491 290 2564 ἀνήκοοι
304 2496 356 2551 τῶν
375 2491 451 2551 θείων
467 2496 609 2572 χρησμῶν,
621 2489 769 2571 καίπύρῥω
782 2513 835 2552 που
887 2492 1012 2553 meliores
1024 2508 1347 2573 wawungquamquam
1355 2490 1608 2565 harbarietalieni-
1659 2544 1662 2549 .

62 2587 112 2656 τῆς
127 2582 310 2654 Παλαιστίνης
325 2583 514 2664 ἀπῳκισμένοι·
888 2603 971 2662 genu,
984 2584 1113 2645 inauditis
1132 2585 1259 2645 omnibus
1276 2581 1379 2644 divinis
1397 2581 1525 2657 oracolis,
1540 2582 1606 2644 lon·

888 2677 1155 2758 gequeaPalaestina
1169 2676 1266 2738 dissiti.
1511 2706 1514 2710 ’
1594 2664 1609 2713 '·

103 2779 142 2840 Τί
159 2779 186 2838 u
208 2783 260 2839 τῶν
276 2779 379 2841 παίδων
391 2782 444 2840 τῶν
458 2784 550 2861 τριῶν,
564 2779 622 2840 siri
634 2802 695 2859 μοι,
705 2777 754 2851 τὴν
769 2781 833 2860 ἀρε-
928 2772 977 2831 15.
999 2771 1075 2844 Quid
1088 2790 1152 2831 vero
1166 2769 1275 2828 illorum
1288 2767 1373 2828 trium
1387 2787 1543 2850 puerorum,
1556 2764 1615 2829 'd'ffi
1640 2784 1676 2831 Ιιι
1686 2788 1767 2845 ειμι..

61 2872 394 2945 πλντδιίπελθύντακακδ
408 2873 573 2952 ἀλυμεῖνατυ;
589 2870 713 2953 Ούχλίτι
726 2869 833 2931 vinidu-
886 2859 969 2938 mibi,
987 2861 1083 2924 virtuti
1105 2860 1323 2944 supervenientia
1343 2860 1415 2921 mala
1438 2850 1759 2959 offeou'umiffln:

60 2988 104 3032 τες
121 2965 166 3024 καὶ
186 2963 240 3024 νίοι
260 2965 375 3044 κομιδῇ,
397 2967 425 3025 ἀν
445 2963 536 3044 ἡλικία
553 2961 633 3047 ἀιύμρ
648 2962 697 3036 τὴν
711 2959 832 3044 χαλεπὴν
887 2955 983 3014 Annon
995 2953 1087 3014 adbuc
1098 2955 1221 3035 juvenes.
1232 2966 1259 3014 et
1275 2951 1424 3012 admodum
1436 2949 1548 3032 quid·
1557 2950 1604 3033 ju-
1615 2974 1665 3021 din.

60 3056 164 3130 ἐκείνην
185 3057 329 3137 ὑπέμειναν
347 3058 478 3140 τιμωρίαν
502 3057 548 3117 καί
571 3054 767 3138 αἰχμαλωσίαν,
786 3053 832 3114 καί
886 3046 1183 3120 uentosissimum
1206 3058 1284 3105 aetate
1304 3064 1387 3125 grave
1407 3042 1480 3104 illud
1498 3042 1607 3104 stillim

59 3147 109 3222 τὴν
130 3147 237 3228 μακράν
259 3148 434 3227 ἀπεδήμησαν
457 3145 619 3226 ἀποδημίαν,
638 3145 684 3206 καί
705 3144 832 3227 πατρίδος
839 3199 875 3240 m
886 3138 1049 3219 supplicium
1068 3153 1096 3199 et
1115 3137 1310 3221 captivitatem,
1322 3138 1432 3216 longam
1447 3134 1605 3218 [megrim-

59 3239 107 3298 καὶ
127 3239 229 3315 οίκίας,
249 3240 295 3299 καί
316 3248 379 3301 ναοῦ
402 3241 448 3300 καί
472 3244 564 3320 βωμοῦ
586 3238 632 3299 καί
653 3243 760 3312 θυσιῶν,
784 3236 831 3298 καί
847 3255 868 3302 Α
885 3229 985 3291 tionem
995 3231 1156 3312 peoegrinati
1167 3244 1265 3308 sunt,a
1280 3230 1377 3312 patria,
1387 3227 1478 3304 domo,
1488 3226 1602 3309 templo,

59 3336 215 3413 προσφορῶν
235 3333 280 3392 καί
301 3333 432 3405 σπονδῶν,
447 3332 493 3391 καί
509 3335 587 3393 αύτοῶ
603 3329 631 3391 di
652 3337 698 3391 τοῦ
709 3329 829 3410 ψάλλειν,
883 3320 974 3394 altari,
991 3322 1142 3397 sacrificiis,
1156 3321 1350 3404 oblationibus,
1365 3318 1552 3397 libationibus,
1568 3319 1606 3379 ab

59 3427 96 3493 είς
117 3424 166 3496 τὴν
188 3422 329 3505 ἀλλοτρίαν
350 3424 467 3492 ἐλθόντες
486 3426 545 3504 γῆν,
567 3422 765 3504 ἐχωρίσθησαν,
787 3422 828 3480 Οὐ
884 3413 944 3495 ipso
962 3436 1069 3495 quoque
1085 3414 1251 3496 psalmorum
1270 3412 1359 3490 cantu,
1373 3412 1421 3472 ubi
1441 3412 1469 3473 in
1485 3411 1607 3473 alienam·

57 3515 110 3597 γάρ
123 3520 141 3588 ἡ
153 3517 224 3577 οίκία
236 3519 322 3584 αὐτοῖς
337 3516 415 3593 μόνον
427 3515 526 3584 ἀάατος
543 3506 587 3589 ἦν,
600 3514 668 3574 ἀλλά
682 3512 728 3573 καλ
741 3509 830 3572 πολλδ
884 3507 1019 3586 regionem
1042 3519 1189 3583 venerunt,
1214 3506 1329 3587 separati
1351 3504 1433 3564 sunt?
1449 3504 1509 3563 Non
1529 3501 1602 3563 enim

58 3613 108 3680 τῆς
118 3608 240 3692 λατριίας
255 3613 370 3669 ἐντεῦθεν
384 3608 449 3681 είδη.
464 3609 536 3688 Οιῖχλ
553 3606 728 3688 βαρδαρεκαῖς
740 3602 828 3672 liedd-
883 3596 982 3658 domus
1002 3598 1041 3658 eis
1061 3596 1205 3658 dumtaxat
1221 3618 1280 3657 enm
1298 3598 1334 3657 ob
1346 3616 1454 3657 caiusam
1469 3594 1601 3654 inacoessa

59 3706 144 3773 θησαν
156 3701 246 3784 χερσί,
263 3701 309 3761 καί
327 3699 417 3767 λύκοις
440 3702 541 3778 μᾶλλον
558 3696 576 3771 ἢ
592 3695 752 3777 ἀνθρώποις,
767 3694 827 3769 καί,
883 3702 954 3767 erat,
974 3689 1021 3748 sed
1040 3689 1125 3749 multa
1147 3710 1255 3769 quoque
1268 3687 1362 3748 ’divini
1381 3686 1470 3746 stritus
1492 3705 1598 3766 genera.

57 3792 90 3853 τδ
109 3794 141 3867 δὴ
162 3791 363 3874 χαλεπώτατον,
377 3796 414 3861 είς
431 3789 537 3873 μακράν
558 3788 626 3850 οὕτω
640 3785 765 3866 κειμένην
781 3785 828 3846 καί
883 3785 978 3840 Annon
999 3780 1176 3840 barbarorum
1195 3781 1319 3840 manibus
1339 3776 1425 3839 dediti
1443 3774 1602 3858 sunt,lupis

59 3885 192 3968 βάρδαρον
207 3885 403 3953 ἀποικισθέντες
414 3890 473 3965 γῆν,
492 3883 559 3944 Ικαί
573 3879 759 3964 αἰχμαλωσίαν
771 3903 827 3961 χα·
881 3874 970 3956 potius
988 3896 1069 3954 quam
1090 3874 1258 3948 bominibus,
1274 3888 1300 3933 et
1316 3872 1391 3952 quod
1410 3885 1450 3933 est
1469 3869 1601 3953 gravissi-

57 3979 224 4052 λεπωτάτην,
246 3979 275 4038 οδ
291 3975 448 4037 διδάσκαλον
471 3967 551 4058 εἶχον,
570 3977 598 4034 οὐ
614 3972 761 4054 προφήτην,
781 3972 827 4033 ούκ
880 3987 968 4045 mum,
977 3967 1005 4026 in
1015 3965 1156 4046 tamlonge
1165 3965 1287 4026 dissitam
1295 3986 1326 4026 ac
1335 3962 1600 4024 barbaramabdueti

58 4071 192 4154 ἄρχοντα,
206 4075 247 4132 Oi·
260 4071 313 4152 γάρ
326 4072 399 4143 ἐστι,
417 4067 506 4149 φησὶν,
525 4069 627 4149 ἄρχων,
645 4062 704 4124 οὐδὲ
720 4064 826 4144 προφή-
844 4079 863 4126 n
880 4070 990 4134 terram,
1003 4072 1028 4119 et
1042 4058 1202 4118 servitutem
1223 4057 1421 4137 gravissimam,
1435 4076 1488 4116 non
1506 4054 1599 4136 megi-

56 4141 118 4236 της,
132 4165 178 4224 καί
195 4162 354 4244 ἡγούμενος,
371 4159 430 4222 αάδί
446 4159 526 4226 τύπος
539 4165 585 4219 τοῦ
600 4160 742 4237 καρπῶααι
762 4153 843 4214 ἀντί·-
881 4161 967 4208 strum
978 4149 1179 4225 ίιαίιεδοιιωιοιι
1187 4148 1356 4231 prophetam,
1365 4169 1417 4209 uon
1426 4147 1600 4230 principem?

56 4255 117 4313 πιόν
138 4278 200 4330 σου,
214 4255 260 4314 καὶ
280 4256 364 4332 εὑρεῖν
378 4250 461 4318 ἔλεος.
477 4249 556 4311 Ἀλλδ
569 4247 616 4308 καί
632 4251 668 4315 εῖς
685 4245 825 4327 βασιλικὴν
881 4243 950 4302 Νοιι
976 4243 1048 4304 enim
1064 4256 1117 4316 est,
1135 4243 1237 4322 inquit,
1253 4246 1397 4324 princeps,
1414 4261 1508 4323 neque
1525 4260 1597 4320 pro·
1608 4259 1748 4312 pamm,

55 4346 151 4419 οἰκίαν,
167 4327 255 4414 ὡςέἰς
267 4342 396 4404 σκόπελόν
411 4366 469 4402 τινα
482 4342 528 4402 καί
539 4339 665 4422 κρημνὸν,
682 4337 727 4397 καί
743 4337 828 4398 πίλα·
878 4337 980 4416 pheta,
997 4357 1089 4419 neque
1104 4336 1176 4408 dux,
1193 4355 1286 4416 neque
1306 4335 1386 4392 locus
1407 4331 1599 4413 saon'fioandi
1633 4404 1635 4409 Ι

54 4461 101 4517 γος
114 4438 220 4517 θφαλων
234 4435 314 4514 γίμον
334 4434 380 4494 καί
399 4433 543 4506 σπιλάδων,
558 4430 640 4499 ούτως
653 4430 825 4511 εἰσήχθησαν,
880 4449 981 4489 coram
995 4442 1033 4501 te,
1049 4442 1077 4488 et
1089 4427 1258 4488 inveniendi
1272 4424 1511 4484 misericordiam.
1523 4422 1598 4495 Quin

55 4529 140 4609 χωρίς
158 4527 331 4609 κυύερνήτου,
350 4525 396 4586 καί
415 4523 558 4606 πρωρέως,
582 4525 627 4582 καλ
647 4526 759 4594 ναυτῶν,
780 4519 825 4579 καί
879 4520 961 4580 etiam
974 4521 1003 4580 in
1015 4519 1127 4580 domum
1138 4518 1251 4598 regiam,
1260 4530 1400 4596 tamquam
1410 4514 1438 4575 in
1454 4515 1599 4597 scopulum

54 4619 156 4692 ἱστίων,
179 4623 384 4698 ἀναγκαζόμενοι
398 4616 446 4688 τὴν
458 4613 580 4697 χαλεπὴν
600 4613 702 4683 ἐκείνην
726 4610 826 4671 θαλατ-
879 4612 1024 4693 quemdam
1032 4609 1416 4694 acpraecipitium,etpelagus
1425 4607 1498 4667 saxis
1505 4606 1599 4688 petris·

53 4738 102 4774 ταν
117 4716 207 4773 πλεῖν·
224 4711 269 4771 καί
282 4711 402 4789 καθάπερ
416 4711 443 4768 ἐν
456 4705 629 4787 δεσμωτηρίῳ
646 4712 704 4771 ταῖς
718 4704 825 4782 βασιλε-
880 4724 932 4783 que
938 4704 990 4764 sub
996 4725 1063 4783 aqua
1072 4701 1217 4762 latentibus
1227 4698 1598 4777 refertum,introduotisunt,

53 4812 113 4872 καῖς
127 4807 219 4873 αὐλαῖς
234 4799 466 4879 ίναπειλημμίνοι.
482 4796 594 4869 Ἐπειδὴ
608 4795 659 4877 γὰρ
674 4796 824 4876 φιλοσοφεῖν
880 4795 939 4856 sine
953 4796 1138 4877 gubernatore,
1154 4784 1212 4852 sine
1227 4806 1343 4874 proreta,
1354 4790 1411 4850 si'ne
1427 4790 1527 4868 nautis,
1539 4788 1599 4850 siue

52 4897 160 4976 ᾔδεσαν,
178 4895 224 4955 καί
237 4899 291 4954 τῶν
307 4895 438 4974 βιωτικῶν
453 4882 522 4963 ἦσαν
543 4888 670 4968 ἀνώτεροι
692 4886 824 4968 πραγμά-
880 4888 958 4965 velis,
972 4907 1073 4948 sevum
1091 4884 1160 4944 illud
1175 4906 1250 4944 mare
1263 4883 1391 4963 navigare
1403 4881 1503 4958 coacti;
1517 4892 1598 4960 atque

53 5013 117 5063 των,
130 4988 176 5050 καί
185 4987 230 5048 τὸν
243 4992 322 5067 τῦφον
336 4986 442 5045 ἅπαντα
459 4983 648 5056 κατεπάτησαν
660 4981 705 5041 τδν
721 4978 824 5063 ἀνθρώ·
881 4981 909 5041 in
921 4979 984 5039 auin
1002 4977 1075 5058 regia
1087 4991 1226 5056 tamquam
1245 4976 1273 5035 in
1292 4994 1397 5034 carcere
1406 4970 1515 5033 inclini.
1526 4972 1597 5031 Cum

54 5105 144 5154 πινον,
168 5079 214 5140 καί
237 5085 334 5160 κοῦρον
358 5083 444 5145 αὑτοῖς
471 5077 502 5137 τδ
527 5074 622 5156 πτερδν
649 5072 822 5154 είργάσαντσ,
881 5073 954 5133 enim
967 5068 1151 5154 philosophari
1164 5079 1320 5145 nossent,et
1335 5065 1415 5124 rebus
1425 5061 1598 5125 sacularibus

53 5173 206 5254 προσθήκην
223 5175 313 5233 κακῶν
327 5170 373 5232 καί
386 5170 434 5244 ’ἴθι
449 5169 537 5230 “iniit
556 5165 692 5248 32²³P²⁶bt
707 5165 824 5246 ἐνόμιζον
841 5186 861 5236 c
880 5188 968 5237 essent
980 5171 1139 5255 superiores,
1150 5170 1258 5230 omnim
1268 5187 1373 5246 quoque
1382 5165 1537 5263 humanum
1553 5164 1597 5224 ia-

87 5360 99 5384 ¹
116 5343 194 5399 Saril.
207 5355 234 5396 et
245 5361 309 5398 unus
320 5351 362 5398 κείν
371 5350 459 5413 μυρίων
470 5347 598 5412 είερχισεῶν
610 5343 723 5417 ἀπολαύῃ.
871 5352 882 5378 ·
900 5333 946 5386 biii
959 5339 997 5389 καί
1007 5335 1164 5400 αίχμαλιεαίας
1170 5338 1237 5398 νόμην
1247 5332 1415 5396 χαλεπωτάτῳ.
