3764 5992
135 378 205 450 232
476 396 507 445 s.
533 394 674 447 rotuurs
699 393 882 445 cunrsosr.
912 394 1067 447 tuentur.
1093 399 1365 451 consutumuor.

136 600 1570 640 Μ

202 786 262 844 DE
285 781 431 843 VERBIS
450 780 555 842 rbus
574 780 790 857 APOSTOLI,
859 778 896 879 ’ἲ
977 780 1062 842 ΕΙΣ
1083 783 1134 843 ΤΟ
1155 785 1431 847 ΑΠΟΣΙὈΛΙΚΟΝ
1453 789 1570 849 PHTOl

1 983 123 1047 ,συπρα
135 970 248 1053 Propter
262 968 450 1030 fornicationes
465 980 555 1027 autem
576 967 760 1047 unusquisque
774 987 851 1026 suam
905 959 958 1022 Διὰ
978 963 1006 1023 δί
1029 963 1077 1033 τδς
1098 968 1220 1050 πορνείας
1240 957 1352 1039 ἕκαστος
1376 971 1426 1046 τὴν
1451 975 1570 1033 morou·

375 1080 487 1120 uxorem
504 1059 612 1118 babeat.
1236 1062 1333 1142 ίχίτω.

174 1251 203 1307 1.
223 1244 267 1306 Ad
287 1245 375 1305 mellis
401 1245 487 1304 sontes
502 1242 584 1305 etiam
599 1241 681 1302 bodie
694 1241 778 1303 statui
802 1262 850 1302 vos
924 1238 1018 1320 ,Πρδι
1039 1239 1087 1309 τδις
1107 1247 1153 1301 τοῦ
1180 1242 1286 1320 μελιτος
1307 1244 1397 1327 πηγδις
1412 1247 1458 1307 καὶ
1473 1247 1570 1328 τήμερσ

135 1335 596 1416 doduoere,mellisquodfnstidium
607 1355 755 1414 numquam
769 1334 849 1415 parit.
904 1336 1105 1410 χειραγωγῆσαι
1136 1332 1282 1414 βούλομαι,
1313 1337 1420 1416 μέλιτος
1448 1340 1570 1401 ούδίποτι

134 1428 277 1512 Ejusmodi
290 1449 405 1507 namque
427 1427 506 1487 Pauli
515 1428 661 1487 verborum
680 1440 719 1486 est
733 1439 849 1486 natura:
905 1419 1018 1500 ἔχοντος.
1030 1423 1148 1496 Τοιαύτη
1162 1425 1213 1507 γὰρ
1225 1431 1278 1486 τῶν
1292 1427 1401 1489 Παύλου
1419 1431 1570 1510 ῥημάτωνί,

134 1536 162 1583 et
180 1543 244 1583 vero
258 1520 421 1601 quicumque
444 1541 492 1578 sua
514 1519 594 1579 mrda
618 1518 746 1579 laticibus
759 1538 794 1577 ex
807 1515 851 1577 bis
905 1514 951 1573 καί
965 1513 1062 1583 πάντες
1078 1514 1121 1589 δὲ,
1135 1515 1190 1577 ύσσι
1201 1520 1333 1601 πληροῦσι
1343 1520 1391 1589 τδς
1405 1525 1506 1582 ἑαυτῶν
1517 1548 1570 1605 καρι

133 1613 254 1674 sontibus
272 1612 377 1671 haustis
396 1611 508 1692 replent,
522 1634 571 1693 per
583 1611 717 1692 Spiritum
727 1623 851 1670 sanctum
905 1609 957 1665 τῶν
971 1609 1065 1687 πηγῶν
1085 1606 1202 1682 τούτων,
1219 1609 1263 1668 διδ
1284 1617 1331 1671 τοῦ
1351 1611 1510 1692 Πνεύματος
1530 1621 1570 1676 τσῑ

134 1705 317 1784 loquuntur:
339 1703 394 1762 imo
403 1723 468 1763 vero
498 1703 585 1763 mellis
605 1703 737 1763 virtutem
769 1700 851 1761 etiam
906 1697 1080 1778 φθέγγονται·
1096 1702 1195 1778 μᾶλλον
1219 1699 1247 1759 δί
1270 1701 1317 1760 καί
1337 1699 1465 1781 Ι’μέλιτος
1490 1705 1570 1787 oper-l·

134 1816 240 1856 omnem
269 1807 414 1877 exsuperat
428 1814 565 1853 sacrorum
579 1793 750 1872 eloquiorum
768 1792 851 1853 volu·
906 1787 1018 1871 κρύπτει
1032 1799 1121 1850 πᾶσαν
1134 1795 1201 1863 η’
1164 1815 1218 1851 των
1232 1791 1306 1852 θείων
1320 1794 1402 1866 ἡδονὴ
1413 1797 1521 1876 λογίων
1534 1800 1570 1858 Kc

132 1903 203 1972 ptas.
214 1891 301 1966 Atque
314 1885 367 1945 boc
379 1898 409 1944 ut
423 1885 554 1945 indicaret
567 1884 697 1966 propbeta
716 1882 849 1944 dicebat:
906 1879 992 1952 δηλῶν
1007 1884 1021 1939 ὃ
1034 1881 1172 1961 προφήτης
1192 1881 1299 1962 ἔλεγεν,
1314 1884 1362 1955 Ὡς
1381 1887 1570 1996 γλυκέα”τῳ]

5 2004 69 2054 „pr
78 2004 114 2054 ,3
138 1982 233 2060 Quum
241 1977 748 2058 dulciajaucibusmciseloqur'atua
748 1995 853 2054 ,super
869 1990 889 2038 n
907 1970 1095 2052 μουτδλύγιά
1108 1996 1168 2042 σου,
1188 1973 1237 2035 θπί
1240 1975 1356 2056 ρριίλιο
1365 1981 1404 2058 τῷ
1424 1979 1539 2058 στύματί
1551 2006 1570 2058 μ

3 2066 38 2113 ·³·
107 2071 248 2132 melori
261 2089 333 2129 mco.
348 2069 509 2147 Nequevero
521 2067 600 2127 melle
612 2065 719 2126 dulcior
729 2079 847 2138 tantum
907 2063 1012 2142 μέλιτος
1025 2062 1055 2124 δί
1071 2068 1141 2125 ίστιν
1155 2066 1235 2139 ἡδίων
1240 1998 1346 2147 ρμύνον,
1362 2036 1431 2130 ἀλλὰ
1450 2072 1570 2157 καλχριι

135 2161 182 2223 sed
197 2175 224 2223 et
242 2183 309 2222 auro
326 2160 465 2242 aclapillo
477 2158 576 2239 quovis
597 2157 747 2239 pretiosior,
767 2171 851 2217 etar·
905 2157 978 2218 λίθου
999 2158 1097 2228 παντὸς
1110 2162 1255 2243 τιμιωτέρα
1277 2162 1323 2223 καί
1346 2164 1469 2245 ἀργυρίου
1483 2166 1570 2229 παντδ

134 2268 214 2335 gento
227 2254 322 2336 purior
337 2268 376 2313 est
384 2251 510 2333 voluptas
517 2250 686 2330 eloquiorum
699 2271 848 2310 sacrorum.
907 2249 1040 2333 ρωτίραὴ
1057 2251 1141 2326 ἡδονὴ
1156 2258 1210 2312 τῶν
1235 2252 1311 2314 θείων
1338 2257 1444 2336 λογίων.
1468 2257 1514 2318 Τδι
1530 2258 1570 2341 tq

4 2361 122 2420 ιαι.ιι.γ.
134 2347 266 2428 Eloquia
287 2345 389 2426 quippe
413 2346 547 2415 Domini,
562 2343 787 2424 eloquiacasta,
803 2364 852 2402 ar-
905 2340 1020 2424 Κυρίου,
1034 2342 1205 2424 φησλ,λύγια
1226 2346 1307 2424 άγνδ,
1323 2345 1448 2428 ἀργύριον
1470 2373 1570 2432 πεπυρι

132 2454 252 2522 gentum
273 2443 340 2522 igne
358 2442 573 2510 examinatum,
587 2439 744 2516 probatum
755 2448 849 2506 terroe
906 2432 1025 2511 δοκίμιον
1039 2439 1073 2515 τῇ
1090 2440 1143 2515 γῇ,
1165 2439 1389 2520 κεκαθαρισμένον
1411 2443 1570 2504 ἑπταπλασύ

131 2546 289 2614 purgatum
302 2531 476 2612 septuplum
496 2532 639 2612 Propterea
662 2526 851 2607 qooqoedice·
905 2531 983 2585 τοῦτο
996 2522 1062 2584 ιικοιί
1083 2550 1123 2594 τις
1141 2528 1219 2608 σορδς
1233 2528 1344 2609 ἔλεγεν·
1363 2529 1479 2593 Ἐσθίειν
1494 2534 1570 2612 μέλι

1 2641 100 2689 ,ο,..α5
132 2625 180 2684 bat
191 2639 218 2684 et
226 2644 332 2707 sapiens
342 2622 476 2701 quidam
469 2621 649 2681 Comcdere
659 2620 718 2678 mel
727 2618 853 2677 multum
906 2615 987 2676 καλὸν
995 2627 1099 2698 ,τιμᾷν
1113 2616 1141 2677 δὲ
1156 2642 1191 2701 χρ
1191 2617 1255 2690 λ’
1224 2638 1316 2699 Αογους
1326 2621 1453 2692 ἐνδόξως
1462 2624 1570 2694 ’Ellam

0 2728 21 2751 t·
134 2737 194 2774 non
204 2718 337 2775 bonum
330 2715 497 2773 bonorare
512 2723 611 2771 autem
623 2721 735 2790 oportet
743 2729 852 2768 sermo
905 2707 958 2821 γάρ
974 2708 1069 2768 καλ’
1038 2732 1112 2778 νοσος
1131 2712 1179 2770 οὐκ
1198 2703 1264 2770 ουσα
1284 2710 1402 2773 τίκτεται
1415 2715 1563 2790 πολλάκις,

134 2828 185 2867 nes
204 2808 356 2887 gloriosos.
379 2806 448 2864 Nam
468 2823 504 2862 ex
525 2801 574 2862 illo
594 2799 705 2880 quidem
730 2800 851 2877 morbus,
904 2797 1071 2860 τούτωνκαὶ
1095 2793 1194 2875 τλν
1164 2826 1242 2862 ουσαν
1259 2803 1377 2884 ύρρωσίτ
1378 2830 1409 2866 αν
1434 2807 1570 2870 δποθέοθα

134 2919 188 2977 quo
201 2917 332 2968 caremus,
350 2916 422 2976 saepe
437 2892 573 2974 gignitum
565 2892 853 2972 ·horumautemope-
906 2895 992 2969 μεθα·
985 2891 1095 2951 ·καίτδ
1109 2893 1156 2973 μὲν
1172 2894 1234 2972 μέλι
1249 2894 1318 2956 κατλ
1338 2897 1416 2978 πέψιν
1439 2900 1570 2985 διαρθείρι

134 3012 163 3049 ra
177 3003 203 3048 ct
224 2987 344 3070 corporis
363 2984 562 3066 agritudinem‚
576 3005 630 3064 qua
646 2996 779 3059 tenemur,
800 2982 852 3042 de·
870 2982 933 3052 cdl
945 2982 1024 3064 λογια
1037 2983 1071 3045 τδι
1084 2991 1156 3062 θεῖα,
1169 2985 1232 3047 ὅταν
1251 2994 1354 3070 πεφθῇ,
1374 2991 1434 3052 τότε
1447 2992 1492 3053 καί
1503 2995 1570 3067 ἡδιοι

133 3101 232 3161 ponere
243 3099 406 3161 possumus
419 3076 509 3137 etmel
522 3073 671 3154 quidemrn
682 3088 854 3135 concoctione
906 3075 951 3135 καί
964 3076 1171 3160 χρησιμώτερα,
1186 3081 1274 3147 αὐτοῖς
1287 3104 1317 3141 τε
1329 3104 1382 3149 τοις
1398 3082 1508 3163 ἔχουσι,
1522 3086 1569 3148 καί

134 3171 327 3252 corrumpitur,
356 3190 431 3228 sacra
445 3189 509 3227 vero
530 3167 636 3246 eloquia
662 3187 725 3226 cum
750 3166 853 3228 fuerint
906 3168 1021 3236 πολλοῖς.
1037 3170 1121 3229 rtet:
1123 3169 1237 3252 ραπάζης
1254 3170 1302 3248 μίν
1316 3195 1355 3240 τις
1375 3176 1570 3257 αἰσθητῆςμεο

134 3276 269 3338 concocta,
282 3275 339 3321 tum
348 3260 512 3342 jucundiora
536 3259 642 3319 finntet
655 3259 767 3321 utiliora
787 3281 853 3321 cum
906 3258 979 3328 λείας
992 3260 1150 3336 ἀπολαύων,
1165 3252 1330 3323 εἶταίκεῑθεν
1350 3202 1570 3346 ίρευγόμενοςμς4ο
1551 3274 1570 3331 ἅ

134 3355 191 3416 illis
191 3352 458 3437 ,quieapossident‚
467 3351 708 3412 tumaliismultis.
727 3358 766 3413 Ac
779 3375 854 3414 men·
906 3356 1073 3412 terruncium
1086 3352 1206 3432 γίνεται·
1222 3354 1274 3414 ἀπὸ
1295 3355 1466 3426 διδασκαλίας
1480 3359 1563 3430 δέτις

133 3446 284 3527 saquidem
307 3444 562 3527 sensibussubjectu
575 3444 643 3503 dum
656 3443 763 3505 affatim
778 3445 855 3525 quis-
908 3468 985 3523 μενος
1003 3450 1200 3524 πνευματικῆς,
1214 3444 1365 3518 πολλης·
1331 3471 1380 3520 της
1397 3449 1508 3531 εύωδίας
1522 3477 1570 3533 με,

132 3541 207 3624 piam
216 3540 328 3613 fruitur,
342 3538 366 3599 si
386 3536 485 3598 deinde
504 3536 582 3597 illinc
602 3551 739 3598 saturatus
754 3551 852 3618 ructet,
906 3538 945 3617 τῷ
958 3534 1079 3609 πλησίον.
1094 3536 1130 3596 Ὁ
1150 3542 1211 3618 γοῦν
1233 3535 1320 3597 Δαυίδ
1338 3539 1462 3613 τοιαύτης
1482 3549 1570 3628 συνιχί

133 3633 298 3716 injucundus
320 3630 392 3692 litei
412 3630 460 3710 qui
479 3630 559 3690 illurn
579 3629 704 3691 convivio
728 3631 853 3712 excepit:
906 3628 993 3688 λαύων
1011 3628 1154 3697 ἑστιάσεως
1171 3629 1275 3710 ἔλεγεν,
1289 3630 1466 3714 Ἐξηρεύξατο
1480 3640 1499 3709 ἡ
1514 3641 1570 3719 κερ

133 3727 230 3787 sivero
239 3724 374 3807 spirituali
389 3723 511 3783 doctrina
521 3723 645 3805 expletus
654 3737 766 3802 eructet,
778 3723 854 3783 mul·
906 3719 1570 3808 λύγονἀγαθάν.Ἔστιγδρκαλπονηρδνλύγονίρει

133 3830 194 3875 tum
218 3837 329 3877 suavem
349 3814 460 3875 odorem
483 3812 616 3875 diffundit
641 3815 668 3874 in
686 3814 853 3897 proximum.
907 3813 962 3874 Καί
983 3813 1103 3896 καθάπερ
1123 3812 1167 3872 ἐπὶ
1186 3817 1234 3886 τῆς
1249 3817 1376 3889 αἰσθητῆς
1393 3819 1530 3897 τραπέζης
1552 3844 1570 3881 ιο

134 3904 344 3986 Davidquidem
357 3919 428 3967 certe
437 3927 499 3966 cum
509 3905 553 3965 bis
560 3907 676 3988 dapibus
684 3929 713 3967 se
723 3908 854 3986 frequen·
907 3903 984 3987 φύσιν
995 3907 1048 3965 τῶν
1058 3905 1210 3984 ἐδεσμάτων
1220 3904 1289 3979 καὶὴ
1301 3911 1348 3980 τῆς
1360 3911 1455 3989 ίρυγῆς
1465 3910 1570 3987 ποιότηι

5 4026 33 4056 ιο
45 4044 51 4056 .
78 4009 123 4055 ’.α
135 4013 175 4058 ιιι
182 3999 302 4081 expleret
315 3996 424 4057 dicebat
434 4020 441 4053 ε
452 3998 610 4056 Eructavit
619 4017 672 4057 cor
683 4019 779 4058 meum
786 4021 855 4058 oer-
871 4020 891 4067 ι)
906 4021 951 4057 ται
963 4021 970 4035 ·
982 3996 1051 4057 οὕτω
1061 3996 1092 4070 δὴ
1101 3997 1147 4056 καί
1158 3997 1203 4057 ἐπὶ
1215 4003 1263 4072 τῆς
1273 4002 1326 4058 τῶν
1339 4000 1466 4080 ῥημάτων
1480 4003 1570 4084 δυνάρ

136 4095 204 4153 bum
216 4094 329 4151 bonum.
342 4090 413 4150 Nam
423 4102 449 4148 et
458 4089 561 4148 malum
574 4089 689 4149 verbum
708 4111 854 4171 possumus
907 4112 957 4172 περ
970 4089 1002 4150 δν
1018 4094 1157 4163 σιτῶνται,
1170 4095 1280 4151 τοιαῦτα
1293 4091 1339 4150 καί
1353 4091 1508 4174 ἐρεύγονται
1523 4101 1570 4161 πο)

134 4200 263 4246 eructare.
275 4182 313 4243 Et
327 4179 557 4262 quemadmodum
567 4180 656 4240 iubae
664 4181 756 4241 sensili
764 4203 854 4243 mensa
907 4182 1063 4264 ἀνθρώπων.
1073 4174 1137 4243 Οίον
1148 4185 1194 4243 ἐὰν
1208 4186 1244 4250 εἰς
1257 4183 1363 4266 θίατρον
1378 4186 1480 4269 άναύῇς
1491 4190 1539 4250 καί
1552 4216 1570 4253 α

134 4299 184 4360 pro
209 4274 363 4337 conditione
384 4271 551 4346 cibariorum
571 4271 729 4351 qualitatem
746 4293 853 4354 eorum,
907 4274 1035 4356 ᾀσμάτων
1054 4273 1185 4356 ἀκούσης,
1205 4280 1316 4336 τοιαῦτα
1333 4276 1379 4336 καί
1401 4278 1495 4362 ἐρεύξη
1520 4282 1570 4343 πάν

134 4392 194 4450 quae
209 4382 373 4438 eructantur,
399 4363 535 4425 cernimus
556 4385 704 4446 apparere:
716 4365 755 4426 sic
770 4365 854 4428 nimi·
907 4367 951 4428 τδν
967 4365 1080 4439 πλησίον
1094 4366 1219 4448 ῥήματα·
1232 4366 1303 4429 δνδί
1318 4371 1354 4436 είς
1366 4369 1415 4441 πλν
1430 4373 1570 4447 ἐκκλησίαι

135 4483 197 4522 rum
210 4475 236 4521 et
251 4461 280 4520 in
297 4459 398 4519 virtute
407 4457 566 4535 verborum,
589 4456 717 4536 qualibus
734 4479 855 4539 pascun-
909 4457 1046 4540 μετάσχῃς
1062 4457 1237 4537 ἀκουσμάτων
1251 4463 1456 4538 πνευματικῶν,
1473 4465 1570 4526 rotulo

135 4570 191 4629 tur,
219 4552 284 4612 talia
306 4549 429 4633 plerique
454 4547 578 4609 homines
610 4548 692 4609 etiam
717 4564 852 4612 eructant.
908 4551 954 4612 καί
974 4549 1023 4618 τδις
1044 4548 1213 4631 iporeium&
1234 4552 1372 4611 τοῦτοκαὶ
1395 4559 1409 4614 ὁ
1431 4558 1570 4637 προφήτης

137 4644 263 4726 Exempli
281 4663 371 4719 causa,
392 4640 414 4699 si
439 4640 468 4700 in
487 4640 622 4700 theatrum
644 4639 809 4720 ascenderis,
829 4656 856 4703 et
910 4640 1112 4722 Ἐξηρεύξατοὴ
1129 4640 1225 4723 καρδία
1239 4664 1289 4719 μου
1305 4642 1382 4722 λόγον
1398 4647 1570 4724 άγαθδν,’τ’ής

137 4737 301 4801 meretricias
312 4734 456 4795 cantilenas
469 4732 618 4811 audiveris,
631 4732 694 4792 talia
705 4732 786 4814 plane
796 4755 857 4795 ver-
910 4737 957 4809 ζης
965 4779 973 4809 ,
988 4726 1020 4806 ἧς
1036 4734 1077 4794 ἀεὶ
1099 4743 1219 4814 μετεῖχε,
1233 4734 1300 4806 οτὴν
1317 4738 1416 4816 βρῶσιν
1437 4743 1504 4818 ἡμῖν
1519 4742 1570 4802 ίνδι

137 4835 172 4893 ba
191 4832 219 4892 in
246 4827 402 4911 proximum
422 4824 505 4884 etiam
526 4824 662 4885 eructabis
677 4823 807 4903 :quodsi
821 4827 856 4887 ad
909 4849 961 4896 νος.
985 4826 1080 4908 Τούτῳ
1099 4827 1145 4886 καί
1159 4830 1173 4885 θ
1185 4827 1291 4895 Παῦλος
1311 4827 1483 4909 πειθόμενος,
1500 4835 1570 4916 παργ

171 5034 182 5059 ·
199 5017 296 5070 Collatr
310 5015 894 5090 cumCodicibuacolbertin119701nunclteg.
953 5028 964 5055 ⁸
981 5008 1080 5080 [Addit
1089 5011 1155 5064 Cod·
1168 5013 1218 5065 7⁴8
1229 5020 1267 5067 καί
1279 5014 1378 5082 κηρίον]

139 5098 200 5162 7⁴8]
210 5107 236 5147 et
248 5098 322 5148 1030.
953 5090 968 5130 ⁴¹
985 5091 1042 5143 Duo
1053 5090 1112 5144 Mu.
1125 5097 1163 5144 καί
1174 5113 1208 5150 τις
1217 5103 1333 5160 παραινῶν
1344 5099 1429 5161 (λογον.

173 5175 187 5213 b
204 5173 275 5224 Unus
284 5179 375 5239 μέλιτος
384 5178 466 5234 ἡδονήν.
956 5182 966 5205 ·
981 5170 1038 5220 Duo
1048 5169 1108 5220 Mra.
1117 5177 1158 5230 τὴν
1169 5172 1231 5240 μύειν
1242 5177 1303 5236 ἡμῖν.
