3764 5992
354 452 389 505 ur
415 454 529 520 maun,
556 454 589 504 si
614 451 789 505 esuriatur
815 453 965 502 inrutcus
989 454 1089 519 rous,
1116 454 1193 505 erc.
1476 432 1542 531 '95

138 578 232 661 πίρισν
246 578 343 661 Mne,
360 579 410 640 εθν
434 578 627 662 βωλπιτίριον,
642 576 772 640 meat
826 590 1001 656 quantumex
1015 578 1133 659 eoquod
1144 578 1191 639 bic
1199 578 1406 641 νοεσεείοιείνο
1415 577 1545 660 βαδιεῖσθε

138 696 184 732 ιια.
199 672 244 735 Ού
254 670 308 754 γὰρ
320 671 472 751 οἰκονομίαν
483 675 537 734 τῶν
551 675 632 732 ἐθνῶν
655 670 702 730 aad
719 670 773 730 πό-
826 668 917 729 iorum
930 690 1133 748 commemores,
1157 670 1216 731 sive
1235 670 1352 748 curiam
1379 671 1437 731 sive
1456 671 1544 753 ipsam

138 759 160 823 ίλ
184 761 375 841 στρατοπέδων
399 760 557 822 ίπιστασίαν
584 768 639 829 τοῖς
662 763 773 821 θνταθθα
826 761 940 841 regiam.
951 764 1012 823 Non
1022 763 1096 823 euim
1106 763 1228 844 gentium
1239 763 1403 843 urbiumque
1415 763 1544 844 regimen,

138 848 335 931 iwwsihws
354 851 414 911 ἀλλ’
437 850 529 932 &itm
545 846 632 931 3?th
659 849 705 907 καί
727 849 774 907 αὖ·
827 874 914 933 neque
927 853 1058 916 duratum
1077 856 1246 916 exercituum
1258 856 1302 916 his
1323 856 1373 936 qui
1386 856 1442 938 hue
1451 857 1545 937 ingre-

154 940 296 1021 βααιλιίας
324 940 506 1022 σεμνοτίραν·
531 942 633 1019 μᾶλλον
663 937 691 999 θλ
724 939 775 1018 οὔχ
790 941 810 991 C
827 944 942 1006 diuntur
960 948 1164 1023 committimus,
1188 947 1235 1008 aed
1252 948 1337 1009 ulium
1359 948 1546 1030 principatum

138 1032 301 1115 ρειρίζομεν,
316 1035 375 1094 ἀλλ’
399 1038 417 1106 ἡ
437 1038 483 1095 τοῦ
504 1032 660 1111 Πνεύματος
682 1030 771 1111 χόρος·
827 1038 1075 1121 augustioremipso
1088 1061 1187 1122 reguo:
1200 1041 1245 1103 rel
1258 1040 1410 1121 potiusnon
1421 1040 1544 1101 commit·

138 1134 201 1187 ’στιν
217 1124 326 1209 ἡάρχὴ
346 1128 427 1200 ἡτῆς
451 1123 587 1205 βασιλιίας
608 1119 774 1202 σιμνοτίρα,
827 1126 911 1186 timus
925 1147 983 1204 nos,
996 1127 1044 1188 scd
1065 1128 1292 1210 Spiritusgratia.
1310 1129 1442 1201 Quisnam
1460 1128 1546 1210 igitur

138 1222 213 1279 uota
240 1218 366 1287 είσιόντες
386 1216 569 1295 λαμόόνουσις
595 1213 774 1286 Παιδεύονται
828 1230 867 1277 est
881 1218 953 1296 regia
965 1231 1094 1300 potestate
1108 1220 1250 1299 augustior
1262 1218 1443 1302 principatus,
1463 1242 1545 1301 quem

138 1319 300 1390 ενιιραεεῖν,
319 1307 468 1389 βασιλεύειν
481 1307 621 1386 θπιθιιμίας
636 1313 773 1387 πονηρᾶς,
826 1309 1014 1391 adipiscuntur
1036 1310 1084 1388 qui
1110 1309 1166 1369 huc
1185 1311 1393 1391 ingrediuntur?
1407 1315 1544 1373 Docentm
1568 1320 1602 1365 De
1613 1322 1696 1381 cuibus

138 1406 202 1485 γῆς,
227 1402 390 1463 ἀποτόοσειν
403 1400 505 1483 ρθόνον,
527 1402 683 1460 δουλῶσθαι
698 1421 773 1459 aesc-
826 1400 953 1462 absurdis
966 1401 1137 1483 passionibus
1150 1401 1291 1483 imperare,
1304 1424 1402 1484 pravas
1414 1404 1543 1465 libidines
1551 1384 1696 1491 {fffimjn'

138 1498 167 1555 ἰιι
187 1493 263 1555 latas
285 1493 356 1555 ούεισ
375 1492 650 1574 βασιλεθςσεμνδς,θ
668 1490 773 1550 tetros
826 1515 930 1575 regere,
964 1493 1035 1553 iram
1069 1493 1213 1571 moderari,
1247 1494 1380 1556 invidiam
1403 1496 1540 1578 subigere,
1552 1511 1590 1567 qut
1604 1510 1696 1553 coneo·

138 1586 254 1666 θήμενος
264 1590 313 1665 του·
330 1589 486 1666 βασιλικοῦ,
506 1585 553 1645 καὶ
566 1583 686 1662 διάδημα
697 1606 774 1664 περι·
826 1586 933 1647 inanem
940 1585 1054 1667 gloriam
1059 1586 1088 1647 in
1098 1586 1254 1647 servitutem
1262 1587 1395 1667 redigere.
1404 1589 1466 1649 Nou
1478 1610 1544 1670 per·
1552 1573 1613 1679 2⁵¹³,
1624 1571 1696 1614 ‘'¹¹⁸''

148 1682 189 1747 όις
204 1679 345 1760 ἄνθρωπος
357 1678 403 1739 τδν
416 1677 492 1759 ὀρθὸν
503 1681 531 1738 ir
546 1679 632 1757 ίαυτῷ
644 1674 772 1755 λογισμὸν
827 1676 890 1738 inde
903 1677 1076 1739 veneratione
1091 1677 1192 1758 dignus
1209 1680 1409 1761 estimperator
1429 1680 1458 1739 iu
1470 1681 1545 1763 regio

138 1768 217 1851 ρόναν
237 1773 287 1841 τῆς
307 1771 395 1851 ἀρχῆς
407 1774 459 1829 τῶν
479 1770 667 1849 δονλοπρεπῶν
680 1767 773 1826 παθῶν
827 1769 971 1830 considens
989 1769 1058 1829 solio
1070 1783 1097 1830 ει
1118 1770 1271 1832 diademate
1293 1771 1444 1847 redimitus,
1464 1787 1546 1853 atque

138 1886 177 1939 ις,
199 1860 297 1940 καλιῇ
318 1864 379 1921 κατ’
393 1860 499 1922 ἐκείνων
514 1859 673 1939 δεσποτεία,
690 1856 773 1917 καθό·
827 1859 918 1938 homo,
928 1860 977 1941 qui
988 1862 1119 1923 rationem
1133 1861 1161 1921 in
1180 1863 1279 1923 solium
1292 1864 1446 1925 dominatus
1459 1866 1545 1928 servi·

138 1952 281 2033 θεαδήματι
292 1956 421 2034 λαμπρῷ,
433 1952 483 2026 τὴν
497 1951 616 2033 κεφαλὴν
630 1950 772 2022 ἀναδήσας.
790 1957 811 2004 Ι)
828 1953 897 2013 lium
910 1954 1066 2036 passionum
1078 1954 1217 2032 subvehit,
1246 1970 1271 2016 ct
1294 1956 1417 2038 imperio,
1426 1958 1501 2037 qtrod
1515 1959 1544 2020 iu

138 2044 228 2127 [φὼς
252 2043 423 2125 ἇλωργίδυι,
439 2042 497 2107 tisri
518 2066 580 2123 μοι,
604 2041 651 2102 καί
666 2046 773 2124 χρυσῶν
828 2046 889 2106 illas
900 2061 1155 2125 exercettamquam
1166 2046 1309 2127 splendido
1321 2049 1439 2128 quodam
1455 2049 1546 2111 revin-

138 2136 187 2199 ιιεελ
210 2136 330 2197 διαλίθσυ
346 2135 487 2216 στιρόνου,
512 2134 575 2194 όταν
595 2139 614 2207 ἡ
631 2134 705 2215 ψυχὴ
719 2138 773 2194 τῶν
827 2151 901 2198 etum
912 2152 993 2221 eaput
1001 2139 1083 2198 habet
1095 2137 1255 2198 diademate.
1264 2138 1341 2212 Quid
1348 2140 1432 2219 enim,
1441 2162 1544 2221 queam

138 2229 275 2311 [radimur
284 2220 320 2311 ᾖς
333 2229 360 2290 τί
375 2228 465 2311 ιιίρδος
479 2230 510 2287 tx
525 2232 574 2299 τῆς
587 2226 681 2296 ύξιοθεν
696 2229 773 2288 ίλευ-
826 2228 937 2312 prodest
957 2250 1091 2311 purpura,
1106 2250 1194 2290 auree
1207 2243 1304 2303 restes,
1325 2245 1352 2292 et
1361 2252 1457 2293 corona
1467 2254 1546 2321 qem-

138 2344 182 2383 ιαν
203 2321 366 2404 αυριόιτιρον
385 2323 413 2380 ts
431 2325 496 2400 ἡμῖν
515 2321 716 2400 δουλαγωγῆται
732 2323 774 2381 αί-
826 2334 908 2397 mata,
921 2321 1196 2404 quaudcpassionum
1219 2324 1328 2404 captiva
1338 2324 1420 2384 buerit
1429 2325 1547 2385 anima?

138 2416 305 2491 ιλθλιεεινδςς
328 2413 440 2495 Ὥσπερ
453 2414 505 2495 γδρ
517 2419 634 2496 πυρετοῦ
657 2413 725 2493 πρὸς
742 2412 773 2473 τδ
827 2411 900 2490 quod
918 2434 955 2473 ex
967 2413 1019 2473 ista
1039 2426 1149 2472 externa
1159 2413 1285 2475 libertate
1300 2415 1408 2475 lucrum
1419 2417 1543 2493 obvenit,

138 2509 306 2588 mdocpaa'uos,
328 2507 374 2569 καλ
399 2507 435 2568 τὰ
460 2508 533 2568 ἔνδον
558 2507 665 2567 ἅπαντα
687 2530 772 2567 κατα·
826 2504 934 2585 wando
947 2503 977 2565 id
987 2505 1062 2585 quod
1075 2508 1104 2567 iu
1118 2505 1195 2567 nobis
1210 2507 1383 2588 potissimum
1401 2522 1451 2583 est,
1469 2511 1545 2593 turpi

141 2646 153 2677 ,
174 2600 252 2663 victv
268 2602 360 2682 όρελος
384 2603 415 2661 ἐκ
428 2604 476 2673 τῆς
495 2600 596 2660 ἄνωθεν
618 2599 773 2680 θπιρανιίας
825 2618 857 2657 ac
871 2596 1020 2657 miserabili
1036 2600 1159 2680 subjacet
1172 2599 1315 2660 servituti?
1329 2601 1399 2660 Nom
1414 2600 1545 2679 quemad·

138 2718 210 2769 ιεσς,
236 2693 268 2753 ἂν
294 2693 377 2772 μηδὲν
400 2691 495 2772 πόσχῃ
517 2695 652 2751 τοιοῦτον·
672 2689 771 2766 ούτοις,
826 2688 938 2749 modum
957 2710 1020 2749 cum
1041 2691 1124 2751 febris
1148 2691 1184 2751 ad
1211 2691 1337 2751 interiora
1365 2705 1496 2773 penetrat,
1518 2706 1545 2765 ει

147 2787 279 2867 ἡμῑνθπδ
288 2791 341 2846 τῶν
352 2784 425 2844 ίνδον
437 2787 528 2845 παθῶν
538 2781 771 2864 παρασυρομένης,
825 2783 928 2844 viscera
940 2783 1031 2843 omnia
1053 2784 1183 2859 incendit,
1205 2784 1276 2845 nibil
1294 2785 1373 2845 nobis
1385 2784 1505 2867 prodest,
1520 2786 1545 2847 si

138 2902 169 2948 ες
182 2882 233 2951 τῆς
256 2876 351 2946 θ’ςιιθον
370 2881 471 2958 θρρῇς,
493 2874 553 2935 cett
572 2877 622 2946 τῆς
643 2872 772 2955 καθέδρας
824 2876 948 2957 superior
959 2876 1245 2957 corporissuperfieieo
1262 2876 1543 2958 nihiltalepatiatur=

138 2976 224 3045 αιιῆς,
236 2970 299 3032 όταν
312 2976 327 3031 θ
340 2978 399 3037 νοῦς
420 2968 488 3048 μετὰ
505 2970 606 3039 πολλῆς
618 2965 771 3047 τυραννίδος
787 2965 807 3013 Ε
825 2969 862 3028 ita
887 2967 955 3028 dum
972 2967 1052 3028 nobis
1070 2968 1160 3028 anima
1182 2968 1358 3028 interioribus
1381 2968 1544 3029 distrahitur

138 3062 224 3147 θρόνου
244 3069 294 3136 τῆς
308 3060 445 3143 βασιλείας
458 3061 509 3120 tart
518 3062 571 3119 τῶν
583 3063 676 3119 παθῶν
689 3084 772 3120 κατα.
824 3060 1006 3142 passionibus,
1028 3060 1099 3120 nibil
1124 3075 1251 3121 externus
1263 3060 1434 3143 principatus
1450 3062 1542 3142 juvat,

144 3156 219 3229 ,οιαὶ
231 3155 375 3234 ύποιιύπτῃ
388 3153 435 3215 καί
455 3152 541 3234 τρύμῃ
556 3152 605 3220 τδς
617 3152 771 3212 ἱπαναστό-
824 3174 858 3213 ne
872 3153 961 3235 ipsum
975 3153 1083 3233 quidem
1104 3154 1210 3232 regium
1227 3153 1334 3227 solium,
1353 3174 1415 3213 cum
1434 3154 1543 3215 animus

138 3254 170 3309 ir.
183 3248 277 3330 Ὅπερ
296 3248 342 3309 ἵνα
366 3246 405 3328 μὴ
427 3246 553 3328 γύνηται,
565 3249 701 3327 προφῆται
724 3245 770 3305 καί
822 3246 940 3309 violento
950 3245 1058 3306 admoto
1068 3244 1378 3326 impetuapassionibus
1388 3244 1423 3304 de
1443 3246 1542 3306 throno

167 3341 300 3402 πάντοθεν
333 3339 522 3420 συντρέχουσι,
547 3335 770 3406 καταστίλλοντις
822 3339 897 3418 regio
905 3337 1099 3399 devolvaturet
1115 3337 1187 3396 ultro
1200 3336 1543 3417 scsubmittat,earumque

138 3432 220 3507 εόθη,
231 3433 279 3493 καλ
295 3436 344 3503 τῆς
363 3436 391 3492 ἐν
404 3437 468 3510 ἡμῖν
480 3431 588 3511 ἀλογίας
606 3429 656 3502 τὴν
668 3436 767 3511 θηριω-
822 3430 936 3491 rebelles
946 3431 1063 3490 insultus
1075 3428 1264 3510 pertimescat?
1276 3427 1357 3499 Quod
1372 3450 1405 3488 nc
1414 3429 1473 3506 siat,
1489 3451 1541 3489 uu·

138 3548 164 3585 ιν
182 3524 374 3596 ίιεύόλλοντες,
393 3524 439 3583 καὶ
451 3522 501 3595 τὴν
515 3524 607 3601 πολλῷ
628 3526 676 3593 τῆς
690 3525 769 3601 βασι·
821 3522 905 3601 dique
918 3522 1058 3604 prophetae
1067 3519 1541 3600 concurruntctapcstoli,passioncs

138 3616 255 3697 ,νοτίραν
278 3615 365 3696 ἀρχὴν
385 3619 450 3693 ἡμῖν
481 3613 680 3695 ἐγχειρίζοντες.
715 3612 770 3673 dih
822 3631 926 3676 nostras
934 3614 1208 3696 reprimunt,omnem
1218 3612 1354 3693 appetitus
1367 3611 1478 3671 rationis
1489 3634 1542 3673 ex·

138 3707 247 3789 μύει
269 3712 296 3768 ci
316 3707 416 3779 ταύτης
436 3703 541 3772 θααεοθς
565 3706 771 3783 ἀποστεροῦντες
823 3710 907 3791 pertis
925 3707 1057 3767 feritatem
1082 3726 1098 3764 a
1120 3704 1200 3763 uobis
1225 3703 1381 3781 amendant,
1405 3718 1432 3763 et
1454 3705 1542 3777 multo

138 3799 209 3867 λείας
222 3799 287 3881 περὶ
298 3799 333 3858 ab
352 3796 445 3880 καίρια
457 3794 626 3875 λαμύόνουσι
638 3795 688 3868 τὴν
702 3797 769 3869 πλη·
822 3800 1006 3880 angustiorem
1019 3817 1102 3877 reguo
1120 3796 1305 3878 principatum
1325 3797 1403 3856 nobis
1416 3795 1542 3861 ommit-

138 3890 173 3949 'tt
188 3888 381 3969 ὗπυμὶυυπῑι,
400 3888 465 3962 ὅσον
477 3887 621 3965 abbatiis*
637 3887 766 3946 ἄλλοθεν·
823 3905 893 3952 ιυιιι.
908 3890 1009 3951 Hacde
1021 3910 1101 3949 causa
1111 3888 1235 3949 dicebam
1248 3910 1303 3963 eos,
1317 3889 1364 3967 qui
1377 3888 1429 3949 bac
1439 3888 1542 3951 soliiei-

138 3980 249 4065 λιιίρδη
272 3981 453 4061 κερδαίνουσιν
475 3981 588 4039 cnecon
613 3978 767 4058 ἐρχόμενοι,
778 4043 815 4083 m
824 3983 919 4043 tudine
933 4004 962 4043 se
982 3981 1103 4063 privant,
1122 3980 1202 4039 letale
1219 3980 1273 4040 sibi
1297 3981 1397 4042 vuinus
1409 3981 1542 4062 infligere,

138 4074 197 4141 ύθεν
211 4072 338 4156 ίτίριιθεν
349 4074 475 4154 κερδᾶναι
485 4072 597 4132 δύναιντ’
613 4072 662 4131 ἄν·
678 4069 769 4151 ὥσπερ
787 4099 808 4145 ,ς
824 4096 857 4137 ac
868 4088 976 4135 tantum
1001 4093 1095 4154 capere
1108 4071 1312 4149 detrimentum,
1329 4087 1461 4153 quantum
1486 4074 1542 4133 ulla

143 4165 225 4245 λόγος
238 4164 383 4235 ἀπέδειξεν.
397 4167 458 4227 Οὐκ
472 4164 574 4246 θρθήσῃ
588 4164 698 4224 ἐνώπιον
714 4166 769 4223 Ku·
824 4167 877 4229 alia
903 4188 939 4227 ex
951 4178 1029 4248 parte
1047 4185 1143 4246 capere
1160 4177 1296 4244 nequinont
1306 4188 1313 4222 ε
1322 4164 1542 4245 quandoquidem

141 4304 153 4337 ,
176 4265 193 4320 θ
214 4261 294 4338 νόμος
315 4260 407 4340 liare·
422 4259 560 4331 τουτέστι,
577 4257 659 4338 χωρὶς
672 4258 769 4316 θυσιῶν
824 4257 970 4338 etquihuc
994 4255 1107 4337 ingressi
1123 4256 1235 4335 suerint,
1259 4255 1393 4337 ejusmodi
1407 4270 1541 4336 quaestum

138 4376 175 4435 ρς.
191 4352 226 4412 h'i
243 4349 370 4432 δὲχωρλς
390 4354 487 4411 θυσιῶν
508 4353 538 4408 αθ
555 4347 718 4408 διῑείσιίναι
732 4350 769 4416 εἰς
824 4350 938 4421 iaciunt,
971 4349 1077 4428 qraalem
1108 4348 1218 4408 aliunde
1240 4349 1326 4408 faeere
1358 4349 1435 4408 nulio
1461 4347 1542 4408 modo

138 4434 171 4517 ό,
184 4446 279 4523 πολλῷ
301 4445 402 4521 μᾶλλον
421 4446 458 4509 εἰς
476 4439 593 4510 sorditie
607 4439 675 4519 path
689 4442 767 4500 ἀδελ·
824 4440 1037 4524 possent:quod
1053 4454 1079 4500 et
1096 4440 1154 4520 ipsa
1183 4441 1313 4500 sermonis
1338 4439 1542 4501 seriesdemon-

159 4536 275 4617 βελτίων
297 4535 348 4616 γὰρ
372 4534 474 4607 ἐκείνης
493 4532 599 4607 αύτηὴ
623 4532 701 4593 θυσία
723 4531 769 4592 καὶ
824 4534 929 4595 stravit.
949 4535 1020 4593 Non
1032 4535 1186 4612 apparebis
1200 4536 1233 4592 in
1255 4546 1411 4613 conspectu
1419 4535 1542 4593 Domini
1552 4566 1632 4609 Esou.
1644 4562 1684 4612 23,

138 4628 188 4709 ρλ,
210 4628 276 4689 όταν
289 4627 379 4709 ψυχὴν
404 4626 472 4706 μετὰ
493 4632 590 4687 σαυτοῦ
607 4624 697 4686 tecto
709 4627 767 4685 εἰσ·
824 4626 950 4701 uacuus,
961 4624 1051 4684 aiebat
1061 4623 1107 4683 lex
1123 4624 1195 4684 :hoc
1214 4638 1264 4701 est,
1281 4624 1384 4703 absque
1403 4625 1543 4686 sacrificiis
1558 4626 1593 4674 ¹⁵·

138 4724 248 4819 pipare
261 4724 310 4789 τὰς
322 4718 479 4802 περιστερὰς
488 4719 535 4788 τίς
549 4717 768 4798 μεμελετηκυίας,
823 4740 878 4779 non
897 4719 1022 4778 introeas.
1035 4716 1116 4790 Quod
1130 4717 1153 4776 si
1169 4718 1271 4796 absque
1287 4717 1431 4778 ‘sacrificiis
1446 4719 1473 4778 iu
1493 4718 1543 4779 do·

138 4818 189 4875 'at
210 4813 366 4895 θηρεύουσιν
387 4812 490 4891 ἑτέρας
511 4814 600 4872 Τοῦτο
625 4809 673 4870 καλ
690 4817 768 4889 ἡμεῖς
816 4832 894 4872 mum
907 4810 957 4870 Dei
972 4829 1024 4868 non
1036 4823 1076 4868 cst
1083 4807 1305 4888 ingrediendum,
1312 4809 1399 4869 inuito
1414 4811 1501 4891 magis
1508 4812 1545 4873 ad

138 4903 211 4967 ssot«
229 4903 284 4987 γδρ
297 4903 375 4964 lctus
394 4902 582 4983 σκῆψις,όταν
599 4906 652 4962 τῶν
666 4903 768 4978 ἀλόγων
828 4903 953 4965 collectas
978 4921 1041 4960 cum
1063 4900 1192 4959 fratribus
1209 4921 1261 4959 non
1292 4913 1332 4960 est
1364 4901 1544 4963 intrandum:

138 5018 175 5059 ιον
195 5000 264 5067 ζῶον
279 4997 433 5076 δυναμένων
449 4995 579 5076 θηρεύειν,
596 5001 674 5074 ἡμεῖς
687 5000 711 5055 σί
726 4994 771 5058 λό·
825 4996 927 5077 quippe
940 4992 1103 5053 sacrificium
1122 4990 1197 5052 istud
1211 4992 1258 5052 illo
1268 4993 1366 5071 meiius
1374 5008 1423 5074 est,
1432 5009 1459 5054 et
1471 4996 1547 5057 obia-

138 5086 211 5160 ίντις
235 5090 284 5150 καὶ
307 5088 390 5170 σσρίρ
418 5088 553 5169 τοσαύτῃ,
576 5093 625 5162 τῆς
648 5086 772 5161 τοιαύτης
790 5089 809 5135 Β
829 5088 879 5164 tio,
889 5107 952 5147 cum
965 5085 1183 5145 animumtecum
1194 5084 1327 5167 accipiens
1339 5085 1476 5166 ingressus
1488 5090 1548 5149 sue-

138 5186 279 5265 ιραρῖιμενς
296 5181 445 5260 Παρῄνεσα
462 5184 495 5260 τῇ
519 5180 637 5263 πρσιίρρ
658 5179 773 5249 διαλέξει
829 5180 948 5241 risum
966 5177 1066 5239 videtis
1086 5176 1233 5254 columbas,
1257 5200 1318 5257 quae
1330 5178 1468 5240 instructae
1489 5182 1547 5241 iuc-

138 5296 221 5345 ιεσςσς
245 5278 326 5353 ὑμῶν
353 5275 389 5341 εἷς
411 5271 457 5338 rte
488 5271 572 5340 οἰκίας
602 5272 773 5345 ἀπαντήσασι
830 5286 903 5352 irunt,
923 5292 977 5350 quo
999 5283 1078 5350 pacto
1099 5268 1216 5348 reliquas
1234 5290 1346 5351 egrcsaaa
1369 5272 1507 5353 pellicient
1520 5286 1548 5335 et
