3764 5992
848 442 1031 493 usurario.
1672 442 1708 503 tx

197 580 225 638 t.
237 576 309 652 tes,
324 577 361 652 C,
377 575 400 634 9
412 598 420 633 τ
433 579 493 637 ista
505 576 605 639 dicere
617 577 789 638 audientes?
803 579 856 639 tes.
871 582 930 638 ista
942 581 1039 639 dicere
1053 583 1218 641 audentes?
1232 583 1313 660 Bene,
1332 597 1357 642 et
1371 586 1411 654 sic
1423 585 1626 665 corrigendum.

199 670 225 728 Ρ.
235 669 307 742 tto,
322 671 358 743 A,
367 671 420 730 12
432 672 618 749 arripientes.
629 671 683 729 Hs.
692 671 877 749 accipientes.
892 670 1025 743 Quaedam
1035 673 1186 733 minuscula
1197 674 1265 734 vitia
1277 677 1463 755 praesumenda
1474 677 1616 738 duximus.

196 758 316 840 ipistolz
324 757 363 818 ad
372 760 528 820 Οηεηήηηι
537 759 729 842 subjungimus
739 761 851 822 loannis
861 762 1049 844 chrysostomi
1061 765 1218 826 Orationem
1229 767 1456 845 elegantissimam
1467 769 1496 828 in
1508 768 1617 830 laudem
1632 772 1699 832 Dio·

164 852 212 911 dori
219 850 373 926 Tarsensis,
385 871 473 930 quam
482 872 512 913 r.
523 851 558 911 cl.
573 851 715 912 Emericus
730 850 855 932 bigotius
869 867 929 935 post
939 854 1015 914 illam
1025 854 1177 936 Epistulam
1189 857 1321 918 ediderat.
1339 858 1497 943 Deindeqpe
1506 861 1655 921 Humiliam
1664 862 1699 921 il·

165 942 241 1003 lauin
251 943 359 1002 Pascha
371 964 460 1022 quam
469 944 571 1003 Fronto
583 945 701 1004 Ducaeus
711 944 781 1004 iuter
788 946 879 1026 spuria
890 947 1039 1028 conjecerat
1050 947 1244 1030 Chrysostomo
1253 948 1463 1029 vindicavimus,
1474 965 1566 1033 utpote
1573 952 1697 1033 γνησίαν,

167 1036 268 1115 nullique
278 1034 438 1117 suspicioni
448 1035 608 1098 obnexum
622 1037 666 1098 De
677 1057 800 1098 mrmoue
811 1038 933 1118 sequenti
947 1038 976 1099 in
990 1039 1191 1100 saumonem
1205 1039 1315 1101 Domini
1329 1055 1370 1101 sat
1383 1041 1507 1104 diximus
1518 1065 1610 1126 supra.
1732 1077 1739 1094 ·

921 1251 942 1330 s
960 1251 1011 1312 tv.

378 1434 430 1495 De
441 1437 520 1495 notis
531 1458 541 1491 .·
551 1438 621 1495 item
634 1434 673 1495 de
684 1437 976 1514 interpretationibus
990 1439 1108 1498 Latinis
1121 1457 1240 1518 operum
1254 1439 1467 1513 chrysostomi.

195 1608 250 1681 llon
261 1617 381 1680 defuere
399 1617 451 1698 qui
462 1617 603 1698 conquesti
613 1617 680 1697 siut,
694 1639 743 1680 nos
752 1634 830 1682 ηοω
839 1635 866 1682 et
874 1618 1015 1703 pauciores
1027 1636 1054 1683 et
1064 1621 1191 1699 minores,
1203 1643 1285 1703 ηηηηη
1294 1635 1417 1704 optarent
1427 1623 1490 1704 ipsi,
1503 1621 1629 1684 edidisse.
1646 1626 1702 1687 Ve-

166 1732 213 1772 nu
223 1725 254 1771 at
263 1712 326 1794 jam
343 1710 377 1771 iu
389 1708 553 1771 Praefatioue
564 1708 648 1792 primi
661 1711 743 1772 Tomi
754 1711 966 1791 subindicamus,
988 1734 1041 1774 ηοη
1057 1734 1110 1774 uua
1123 1712 1191 1774 moti
1203 1713 1305 1773 canone
1322 1712 1352 1773 in
1374 1713 1444 1775 uotis
1462 1713 1610 1775 admodum
1626 1717 1701 1796 parci

165 1825 250 1866 sunus.
264 1805 348 1864 Note
363 1802 439 1863 euim
451 1801 496 1863 rel
509 1800 545 1862 ad
558 1801 748 1864 illustrandam
759 1803 896 1887 scriptoris
907 1805 1075 1884 senteutiam,
1093 1804 1138 1866 rel
1150 1803 1185 1865 ad
1198 1805 1344 1865 ruborum
1359 1805 1486 1886 ambages
1499 1805 1682 1888 explanandas
1689 1852 1699 1885 ,

165 1895 197 1954 rel
207 1893 241 1954 ad
255 1894 439 1956 insolentium
450 1914 552 1956 vocum
567 1893 766 1976 explorandum
777 1916 885 1956 sensum
899 1893 1074 1957 adhibentur.
1089 1899 1124 1957 At
1138 1895 1295 1978 hujusmodi
1307 1895 1470 1978 scriptorem
1483 1910 1640 1970 tractamus,
1647 1899 1701 1980 qui

161 1985 224 2066 qnasi
237 1986 331 2046 amnis
344 1985 407 2047 sine
420 1984 535 2046 salebris
545 1984 617 2060 lluit,
632 1986 681 2066 qui
695 1985 821 2048 dictionis
839 1986 1029 2069 perspicuitate
1041 1988 1142 2050 nemini
1155 2002 1279 2051 veterum
1296 1986 1429 2066 coneedit,
1454 1987 1554 2069 quique
1566 1990 1657 2051 verbis
1670 2005 1701 2052 ut

162 2077 377 2158 elegantioribus,
402 2077 443 2137 ita
455 2075 642 2138 usitatioribus
654 2077 710 2139 iere
722 2099 829 2161 semper
841 2100 992 2140 sermonem
1004 2079 1082 2157 texit,
1099 2079 1149 2142 rix
1163 2094 1194 2140 ut
1205 2079 1296 2141 locum
1315 2078 1432 2160 reperias
1447 2078 1496 2138 ubi
1511 2080 1701 2162 explanatione

161 2190 218 2251 opus
229 2169 344 2230 babeat.
361 2168 391 2230 Si
404 2182 482 2230 notas
494 2190 600 2249 quaeras
610 2170 645 2229 tle
656 2183 777 2253 tempore
790 2192 844 2251 quo
857 2171 991 2232 orationes
1002 2170 1182 2250 homiliasque
1194 2169 1301 2247 babuit,
1325 2169 1360 2231 de
1372 2169 1520 2246 occasione,
1535 2192 1589 2250 qua
1602 2170 1640 2232 ad
1656 2193 1702 2233 eas

164 2261 298 2322 babendas
310 2260 453 2322 adductus
465 2275 517 2340 est,
540 2261 571 2322 id
583 2261 666 2323 babes
683 2263 712 2324 in
725 2264 839 2326 Monitis
851 2286 912 2345 quae
925 2262 970 2326 vel
982 2262 1096 2343 siugulis
1108 2262 1229 2323 homiliis
1242 2263 1286 2324 rel
1301 2261 1437 2345 pluribus,
1454 2261 1564 2341 quando
1576 2262 1703 2344 ejusdem

161 2353 306 2434 argumenti
320 2366 398 2427 aaut,
420 2353 631 2435 praemittuntur.
644 2353 676 2416 si
690 2369 767 2417 notas
780 2354 915 2417 desideres
928 2353 1078 2434 theologica
1093 2353 1219 2436 dogmata
1232 2367 1390 2436 spectantes,
1408 2352 1517 2416 uidebis
1528 2352 1591 2415 illas
1605 2354 1702 2415 ultimo

162 2445 241 2505 Temo
256 2445 400 2521 collectas,
417 2458 444 2504 et
458 2444 609 2505 semudum
623 2445 782 2507 Christiana
796 2447 860 2508 fidei
874 2447 964 2529 capita
974 2446 1157 2523 concinnatas,
1172 2459 1203 2505 ut
1212 2445 1271 2525 jam
1284 2443 1465 2505 iudicavimus
1481 2443 1509 2503 iu
1521 2444 1602 2505 Tomi
1618 2446 1702 2527 primi

162 2536 324 2616 Preiatioue,
341 2535 459 2610 additis,
474 2536 524 2596 ubi
537 2558 606 2619 opus
617 2537 679 2615 mit,
696 2536 931 2618 disquisitionibus
943 2536 1014 2597 cirea
1033 2557 1127 2597 veram
1144 2534 1332 2616 chrysostomi
1346 2534 1382 2595 de
1400 2535 1516 2614 singulis
1529 2537 1697 2597 sententiam.

162 2629 222 2689 llam
236 2629 307 2689 imas
320 2630 439 2711 paginas
453 2628 543 2710 longis
553 2628 712 2711 hujusmodi
725 2630 962 2692 dissertmionibus
974 2649 1085 2689 onerare
1098 2649 1151 2688 ηοη
1167 2628 1243 2707 licet,
1257 2649 1291 2688 ne
1303 2640 1405 2687 tantam
1420 2627 1591 2689 voluminum
1602 2628 1703 2689 molem

163 2722 232 2783 noris
247 2721 464 2794 accessionibus,
483 2722 529 2784 rel
541 2742 627 2802 perro
640 2722 685 2784 rel
698 2723 774 2783 nullo
797 2723 896 2799 fructu,
920 2742 1066 2802 augeamus
1079 2743 1086 2779 ε
1098 2740 1181 2800 quam
1197 2719 1280 2781 etiam
1300 2719 1451 2780 cautionem
1470 2718 1598 2779 adhibuit
1615 2719 1639 2778 is
1652 2720 1702 2800 qui

163 2825 317 2893 pommam
336 2811 488 2893 Augustini
512 2811 668 2874 Editionem
690 2813 806 2875 curarit.
829 2813 861 2875 Si
874 2813 986 2874 demum
1002 2825 1079 2873 notas
1093 2823 1214 2893 expetas,
1233 2809 1281 2871 ubi
1303 2811 1389 2870 multa
1409 2809 1469 2870 loca
1487 2809 1573 2871 variis
1587 2809 1616 2870 in
1634 2832 1700 2893 ope-

163 2904 231 2964 ribus
238 2903 337 2965 endan
347 2903 423 2966 dere
430 2925 535 2986 marsa,
544 2905 574 2965 iu
584 2926 670 2966 unum
681 2907 866 2985 conterantur,
876 2905 994 2988 exempli
1003 2925 1094 2980 eausa,
1105 2902 1139 2963 de
1146 2904 1325 2985 eleemosyna,
1335 2900 1369 2961 de
1380 2901 1517 2962 oblivione
1528 2903 1702 2983 iujuriarum,

163 2992 191 3055 de
199 3009 339 3056 motmtu
348 2995 522 3073 divitiarum,
534 2996 570 3056 de
581 3018 672 3058 amore
681 2998 809 3075 fraterno,
822 2996 857 3058 de
869 2997 1031 3074 humilitate,
1043 2995 1131 3075 deque
1141 2994 1279 3055 similibus
1289 2992 1449 3056 Christiana
1460 2990 1612 3074 disciplina
1619 3013 1702 3075 argu·

164 3089 263 3168 nmtis,
279 3110 344 3169 qnae
356 3109 528 3170 summopere
539 3102 631 3150 muta
646 3089 842 3172 chrysostomo
854 3090 1020 3170 frequentata
1031 3112 1039 3146 e
1050 3086 1208 3168 hujusmodi
1222 3100 1294 3146 certe
1305 3085 1376 3147 uotis
1397 3085 1507 3145 omuino
1527 3086 1701 3167 supersedere

164 3180 245 3240 nsum
254 3194 296 3242 ast
300 3203 312 3257 ;
334 3178 365 3240 id
374 3180 449 3240 enim
458 3195 526 3241 esset
536 3195 643 3264 tempus
653 3196 747 3259 terere,
768 3196 796 3242 et
805 3183 906 3242 frustra
918 3181 1051 3242 lsssromm
1061 3181 1159 3241 molem
1171 3200 1279 3259 augere,
1289 3200 1352 3239 eum
1361 3176 1479 3237 maxime
1488 3177 1594 3238 Indices
1605 3178 1703 3259 alpha-

163 3272 245 3348 betici,
255 3273 285 3333 iu
296 3272 355 3332 fine
363 3273 447 3333 Tomi
456 3274 586 3355 cujusque
595 3275 686 3356 positi,
698 3273 757 3335 beo
766 3272 874 3335 abunde
882 3270 1228 3356 represmteuqludexque
1238 3269 1372 3353 generalis
1382 3269 1462 3350 louge
1471 3267 1552 3350 plura
1564 3266 1599 3329 de
1607 3269 1701 3350 singu·

163 3364 190 3425 lis
202 3367 333 3447 profes-at,
346 3387 430 3444 quam
443 3366 535 3426 liceret
550 3367 578 3427 in
592 3367 663 3428 uotis
677 3387 828 3448 congerere.

195 3457 315 3533 Quando
326 3457 389 3537 quis
402 3455 548 3518 editionem
558 3472 636 3541 parat
644 3459 784 3541 scriptoris
797 3458 949 3540 cujuspiam
960 3478 1044 3539 quam
1056 3456 1177 3517 minim
1189 3454 1280 3530 molis,
1296 3454 1335 3515 its
1348 3469 1379 3516 ut
1391 3454 1441 3515 etsi
1454 3476 1471 3515 a
1482 3452 1571 3514 nonu
1581 3452 1703 3512 innume-

163 3570 200 3610 ras
214 3548 464 3609 animadversiones
472 3549 629 3631 praemittat,
640 3551 667 3611 in
679 3550 741 3611 imis
748 3550 853 3632 paginis
862 3563 902 3611 tot
911 3563 988 3611 ηοω
997 3561 1133 3630 congerat,
1147 3558 1368 3628 utsepetextum
1377 3556 1547 3624 exsuperent,
1555 3540 1592 3601 ad
1603 3541 1704 3601 calcem

163 3661 219 3702 reso
233 3641 439 3703 ehemationes
447 3641 516 3701 alias
527 3642 698 3722 longissimas
707 3642 865 3724 subjungat,
879 3642 930 3703 rix
939 3655 1029 3702 ωηοη
1043 3640 1128 3722 possit
1138 3638 1176 3700 ad
1185 3638 1253 3721 justi
1267 3638 1414 3700 voluminis
1424 3634 1631 3717 amplitudinem
1644 3655 1705 3715 per·

164 3733 269 3812 tingere,
288 3754 340 3815 per
349 3753 395 3792 me
403 3732 477 3808 lieet,
488 3733 512 3792 is
522 3734 705 3794 annotationes
717 3755 767 3815 pm
779 3732 868 3793 lubitu
881 3734 1051 3794 accumulet:
1062 3731 1168 3792 tametsi
1181 3751 1286 3812 semper
1297 3729 1519 3811 prospiciendum
1539 3725 1704 3787 carendum·

163 3847 210 3905 que
221 3839 292 3907 puto
304 3845 340 3884 ue
352 3823 422 3904 quid
432 3824 524 3884 munis.
537 3826 644 3886 Verum
654 3825 700 3886 hic
712 3825 839 3886 undecim
849 3846 954 3905 maguae
967 3825 1047 3885 molis
1059 3823 1231 3884 voluminum
1244 3822 1368 3882 materies
1379 3819 1457 3881 adest
1461 3844 1471 3898 3
1486 3819 1542 3879 imo
1555 3832 1582 3878 ct
1599 3816 1705 3878 duode-

162 3917 211 3978 cim
224 3940 232 3974 z
246 3938 323 3993 uam,
338 3914 413 3995 quod
427 3915 505 3976 initio
515 3937 568 3976 nou
580 3917 722 3998 putabam,
735 3918 856 3977 'domum
866 3916 1002 3997 quinusm,
1014 3917 1064 3997 qui
1078 3915 1269 3976 commentaria
1280 3927 1307 3974 et
1315 3913 1443 3974 homilias
1452 3912 1481 3973 in
1493 3911 1614 3973 Psalruos
1623 3925 1706 3990 atque

161 4008 187 4068 in
199 4023 310 4070 ceteros
321 4007 433 4073 Veteris
444 4009 610 4074 Testamenti
620 4009 705 4070 libros
715 4009 910 4092 complectitur,
923 4010 952 4071 in
962 4011 1031 4071 duos
1042 4008 1199 4087 necessario,
1212 4021 1293 4088 atque
1303 4008 1397 4068 ambos
1407 4008 1488 4088 justae
1499 4003 1705 4086 magnitudinis,

163 4099 327 4163 dividendus
335 4115 377 4161 est
383 4125 392 4178 ;
408 4115 437 4160 et
445 4101 508 4180 quia
519 4122 553 4160 ex
562 4099 690 4162 diuturna
703 4101 897 4184 perquisitione
907 4120 1012 4183 semper
1023 4101 1090 4181 quid
1100 4102 1263 4184 importatur
1273 4100 1349 4176 novi,
1364 4099 1425 4179 quis
1436 4097 1497 4176 soit,
1508 4117 1544 4156 an
1554 4099 1704 4157 Tomorum

163 4213 287 4253 nameus
303 4192 341 4253 ad
352 4191 548 4254 duodecimum
565 4214 652 4272 usque
660 4195 719 4274 jam
731 4194 870 4271 adauctus,
881 4215 935 4255 non
946 4193 982 4253 ad
994 4192 1130 4254 decimum
1147 4192 1258 4253 tertium
1270 4188 1391 4263 tandeim
1409 4189 1487 4250 noris
1500 4187 1706 4248 succedentibus

164 4285 311 4367 opusculis,
325 4283 521 4366 producendus
532 4285 586 4344 siti
598 4288 660 4346 lam
673 4286 696 4345 si
707 4286 784 4367 genio
798 4285 939 4366 indulgere
953 4286 1108 4363 voluissem,
1123 4300 1149 4346 et
1160 4298 1245 4358 notas,
1260 4304 1321 4363 quae
1330 4302 1392 4342 saue
1402 4278 1482 4340 iacile
1492 4279 1625 4361 parabiles
1635 4278 1706 4338 mihi

164 4381 244 4452 utut,
256 4396 415 4456 eorsgerere,
433 4397 520 4456 parvo
535 4391 607 4437 certe
621 4377 713 4437 labore
726 4399 808 4459 opera
821 4377 1009 4459 Chrysostomi
1022 4379 1170 4460 potuissem
1187 4375 1224 4437 ad
1237 4375 1338 4456 uiginti
1356 4392 1441 4453 usque
1454 4371 1594 4434 volumina
1607 4383 1705 4431 exten-

164 4466 231 4528 dere
247 4468 308 4530 Sed
319 4468 384 4548 quis
395 4489 440 4527 me
452 4468 612 4549 probasset?
624 4470 685 4549 quis
695 4469 763 4531 mibi
774 4469 908 4530 calculum
920 4469 1081 4532 detulisset?
1092 4468 1136 4529 sd
1143 4469 1203 4529 bae
1213 4482 1304 4529 autem
1313 4466 1341 4526 in
1351 4463 1506 4547 digerendis
1516 4461 1705 4543 Chrysostomi

165 4560 353 4621 roluusiuibus
365 4581 419 4620 ηοη
430 4560 547 4639 exiguus
557 4561 646 4630 labor,
656 4577 715 4621 uon
727 4582 813 4642 parva
827 4562 917 4623 cautio
926 4562 1080 4623 adhibenda
1090 4575 1139 4622 est.
1153 4564 1214 4622 Nou
1224 4558 1371 4619 lieetenim
1381 4570 1486 4639 partem
1497 4552 1649 4633 argtrmeuti
1659 4574 1707 4613 eu·

162 4652 279 4733 juspiam
289 4653 320 4712 iu
331 4652 449 4712 alterum
458 4655 579 4713 Tomum
593 4654 742 4724 ususierre,
751 4675 784 4713 ue
794 4657 899 4716 Tomus
911 4655 958 4716 ille
967 4655 1014 4735 qui
1026 4677 1081 4737 pra
1092 4648 1220 4714 maurinus
1228 4667 1271 4712 est
1284 4649 1375 4711 nimia
1386 4649 1466 4708 molis
1478 4643 1577 4707 evadat
1582 4668 1593 4724 3
1603 4664 1658 4706 uon
1671 4644 1706 4704 li·

167 4745 249 4819 orbat,
266 4744 349 4805 uerbi
361 4765 451 4822 causa,
464 4759 629 4827 postresnam
645 4746 830 4829 Epistolarum
845 4762 950 4829 partem
963 4747 991 4807 in
1005 4760 1160 4826 sequentem
1171 4744 1289 4805 Tomum
1303 4740 1456 4815 amandare,
1477 4734 1551 4818 quaed
1563 4751 1652 4798 tamen
1664 4737 1707 4798 sa·

167 4835 290 4897 tiendum
299 4849 369 4912 erat,
386 4836 410 4896 si
421 4837 517 4896 tertius
526 4838 639 4913 Tomos,
659 4837 687 4897 iu
697 4859 751 4918 quo
761 4859 857 4918 agmen
868 4839 1009 4915 claudunt,
1020 4860 1055 4898 ex
1065 4852 1190 4899 notarum
1201 4833 1378 4896 multitudine
1388 4832 1415 4891 in
1427 4830 1537 4891 nimiam
1549 4828 1648 4889 molem
1658 4847 1705 4889 ex·

167 4929 300 4990 neusse.
316 4927 353 4988 Et
367 4927 495 4989 similiter
509 4928 538 4988 iu
554 4929 726 5008 sequentibus
741 4931 836 4991 Tomis
849 4933 975 5013 parratio
986 4929 1139 4991 adhibenda
1155 4929 1221 5006 erit;
1240 4946 1293 4987 ηοη
1312 4922 1436 4985 conuenit
1453 4922 1516 4982 item
1531 4919 1662 4981 Humilias
1676 4919 1705 4979 in

167 5021 336 5094 ldettbaeuun
346 5042 409 5099 quse
420 5019 623 5102 amplissimum
634 5024 753 5083 Tomum
764 5023 895 5104 efficiunt,
905 5022 1081 5083 multitudine
1091 5034 1217 5082 notarum
1229 5019 1266 5078 ita
1277 5037 1383 5097 augere,
1393 5028 1496 5097 utpsrs
1504 5014 1563 5096 ejus
1573 5024 1707 5095 postrema

168 5111 195 5170 in
206 5113 323 5173 alterum
336 5115 459 5174 Tomum
473 5113 644 5174 ammduun

208 5205 272 5265 llaec
286 5227 338 5266 ηοη
353 5205 415 5266 ideo
428 5205 565 5283 diximus,
584 5205 659 5286 quod
669 5205 786 5266 velimus
799 5220 875 5268 notas
889 5227 942 5268 non
956 5205 1094 5284 adbiberi,
1110 5201 1157 5263 ubi
1171 5223 1239 5285 opus
1252 5214 1290 5262 est
1303 5224 1310 5259 t
1323 5220 1386 5259 natu
1398 5197 1493 5260 multis
1506 5196 1533 5256 in
1553 5193 1620 5255 loeis
1632 5205 1708 5254 notas

171 5293 278 5376 damus,
292 5310 318 5358 et
329 5295 481 5378 aliquando
497 5296 632 5379 longiores
647 5297 695 5359 ubi
709 5296 749 5358 rei
762 5297 879 5360 conditio
895 5299 931 5360 itu
948 5299 1083 5381 postulat,
1099 5294 1144 5358 sed
1159 5308 1190 5356 ut
1205 5293 1260 5354 illis
1273 5292 1408 5378 ⁸incisurus
1421 5289 1496 5363 saus,
1520 5287 1567 5367 qui
1585 5300 1710 5345 notarum
