3810 6000
254 449 323 523 368

558 471 588 516 S.
615 464 755 516 10thle
781 455 963 509 CHRYSOST0
992 453 1149 501 tttctttltt’.
1177 453 1447 502 constantinop·

116 613 151 656 aa
169 627 244 670 ριεω-
296 604 345 659 11.
368 598 472 657 Horum
489 595 579 675 itaque
588 592 710 653 omnium
723 586 866 668 diligenter
879 599 972 641 recor-
1065 580 1092 638 'l'
1094 584 1159 638 αθτα
1171 577 1256 638 τοίνυν
1272 578 1339 659 μετδ
1350 550 1484 659 eupsetet
1494 575 1600 637 ἅπαντα
1611 572 1777 655 μνημονεύετε,

102 747 168 782 tatur.

139 3372 243 3415 Perseve-

100 3435 169 3476 rantio
220 3436 243 3478 in

100 3496 210 3553 precando

100 3566 209 3608 quantuni

101 3618 177 3661 valcat.

135 4431 195 4474 Dens
206 4446 248 4490 per

103 4507 142 4534 nos
162 4503 249 4549 rogatus

102 4556 170 4611 magis
184 4570 250 4598 enau-

103 4621 150 4666 uu,
183 4633 249 4675 quam

103 4682 121 4721 εἰ
141 4694 180 4733 ρετ
194 4680 248 4722 alios

103 4755 213 4799 rcsgcmut.

100 678 183 718 “mm
193 675 245 718 ''⁰''
255 689 374 764 damini,
389 701 417 746 ut
437 685 541 764 eosqui
557 698 656 744 temero
669 693 694 740 et
709 673 888 759 perfunctorie
899 667 971 732 Sori-
1025 670 1068 729 ίνα
1078 671 1136 741 τοὺς
1150 673 1241 741 ἁπλῶς
1251 674 1297 735 καλ
1309 677 1345 743 ὡς
1360 672 1441 755 ἔτυχε
1454 677 1513 738 ταῖς
1531 672 1554 731 Γ
1556 679 1651 750 ραφαῖς
1663 667 1775 750 τερροῤ·

254 779 341 862 pturis
358 791 472 837 utuntur
483 775 510 834 in
524 773 669 856 perniciem
679 766 809 852 proximi,
822 785 883 824 oum
897 755 972 822 omni
1025 785 1083 831 νους
1094 764 1139 824 κοιλ
1153 768 1195 824 ἐπ’
1209 765 1308 848 ὀλέθρῳ
1319 769 1372 825 τῶν
1382 763 1503 839 πλησίον,
1519 762 1588 841 perd
1601 761 1688 832 πάσης
1701 759 1774 842 σοφίας

251 870 381 953 sapientia
394 867 534 928 emendare
549 862 669 925 valeatis.
682 858 833 921 Poterimus
844 869 933 915 autem
944 867 969 914 et

1025 855 1133 928 δύνησθε
1145 860 1271 938 διορθοῦν.
1285 856 1457 937 Δυνησόμεθα
1470 857 1498 917 δέ
1516 857 1563 917 καί
1578 858 1721 934 μεμνῆσθαι
1730 857 1772 913 νῦν

251 961 386 1020 dictorum
404 957 570 1029 meminisse,
588 968 614 1013 ct
630 953 697 1012 alios
721 947 873 1021 emendare,
884 945 906 1004 si
934 942 968 1003 ad
986 954 1006 1002 lt
1023 949 1176 1027 εἰρημένων,
1198 949 1244 1009 καλ
1270 949 1373 1030 ἑτέρως
1392 952 1517 1031 διορθοῦν,
1540 946 1571 1006 ἂν
1594 949 1630 1013 εἶς
1651 943 1721 1026 εθχδς
1738 942 1770 1005 δελ

250 1053 383 1113 orationes
396 1072 499 1132 semper
508 1045 705 1127 confugiamus,
714 1055 740 1102 et
750 1043 838 1100 Deum
850 1038 969 1099 obsecre·

252 1166 323 1219 mus,
337 1143 385 1223 qui
400 1142 445 1202 dat
459 1141 574 1201 verbum
590 1135 738 1218 sapientie,
756 1147 786 1190 ut
797 1130 841 1189 det
859 1127 968 1187 auditus

251 1236 468 1316 intelligentiam,
481 1247 560 1312 atquc
570 1241 722 1289 aceruatim
736 1222 898 1283 ctinvictam
908 1218 967 1299 spi-

249 1327 354 1388 ritualis
368 1327 450 1407 liujus
459 1322 575 1406 depositi
589 1319 748 1380 custodiam.
757 1316 828 1374 Nam
841 1333 900 1391 quae
914 1331 967 1378 non

248 1441 392 1501 possumus
403 1438 474 1498 saepc
483 1414 594 1496 proprio
604 1410 693 1471 studio
705 1407 842 1490 perficere,
855 1425 884 1464 ea
902 1424 966 1483 prc-

249 1507 506 1570 cumatixiliol‘acilc
515 1505 661 1588 poterimus
670 1499 790 1578 exsequi,
800 1495 967 1578 depreoibus

249 1602 348 1680 loquor
360 1599 486 1659 assiduis.
503 1598 615 1677 Semper
631 1593 739 1654 enimet
760 1591 816 1650 sine
831 1587 966 1650 intermis-

249 1693 322 1752 sione
342 1690 508 1775 prccandum
532 1702 582 1767 est,
603 1687 661 1747 sive
687 1684 748 1765 quis
774 1683 801 1743 in
824 1679 964 1751 aerumnis,

249 1785 307 1844 sive
322 1785 349 1843 in
364 1782 568 1862 tranquillitate,
578 1781 637 1839 sive
650 1779 677 1838 in
690 1774 899 1850 calamitatibus,
909 1772 967 1832 sive

250 1877 277 1934 in
291 1876 369 1936 bonis
385 1888 514 1935 versetur.
526 1874 554 1933 Is
565 1872 612 1950 qui
626 1872 654 1930 in
669 1866 864 1947 tranquillitate
877 1878 903 1924 et
915 1864 966 1923 bo-

1023 1040 1238 1121 καταφεύγωμεν,
1255 1044 1301 1101 καὶ
1310 1043 1518 1122 ζπαρακαλῶμεν
1541 1038 1588 1098 τὸν
1609 1037 1677 1099 Θεὸν
1690 1036 1769 1097 odedi·

1023 1132 1101 1192 δόντα
1115 1133 1191 1214 λόγον
1205 1134 1313 1216 σοφίας,
1331 1136 1419 1195 δοῦναι
1439 1132 1485 1192 καὶ
1506 1132 1609 1192 σύνεσιν
1624 1129 1767 1213 σίκφοάσευς,Ι
1808 1152 1810 1157 ·

1021 1223 1066 1282 καί
1081 1225 1199 1306 φυλακὴν
1219 1231 1267 1298 τῆς
1285 1230 1465 1305 πνευματικῆς
1485 1223 1583 1296 ταύτης
1602 1223 1767 1304 παρακαταθή-
1808 1234 1810 1293 ζ

1021 1340 1069 1387 κης
1086 1316 1181 1396 ἀκρεύῆ
1193 1322 1238 1378 καί
1248 1319 1402 1400 άχείρωτον.
1411 1317 1443 1378 Ἃ
1456 1318 1509 1399 γάρ
1521 1320 1569 1376 ούκ
1586 1314 1766 1397 ἶσχύομενεολ·

1021 1408 1096 1476 λάκις
1114 1409 1141 1478 ἐξ
1161 1409 1258 1478 οἰκείας
1275 1414 1441 1493 κατορθῶσαι
1458 1413 1590 1480 σπονδῆς,
1609 1414 1690 1468 ταῦτα
1707 1410 1765 1478 διας·

1021 1501 1120 1578 σόμεθα
1138 1502 1230 1564 άνύσαι
1250 1505 1370 1586 εὐμαρῶς
1392 1503 1447 1564 ι’δι’
1461 1505 1557 1584 εὖχῶν,
1573 1499 1693 1583 ιῦχῶνδδ
1711 1500 1765 1579 λέγει

1021 1598 1073 1652 τῶν
1084 1595 1219 1665 διηνεκῶν.
1231 1596 1283 1656 'Aet
1292 1596 1344 1679 γάρ
1352 1596 1397 1658 καί
1409 1595 1585 1662 ἀδιαλείπτως
1594 1591 1765 1674 εύχεσθαιχρί,

1021 1685 1120 1745 καὶτὸν
1141 1689 1168 1746 ἕν
1185 1687 1286 1767 θλίψει,
1301 1689 1402 1748 καὶτὸν
1415 1690 1441 1747 ἐν
1456 1685 1562 1760 άνίσει,
1575 1685 1621 1746 καί
1633 1685 1676 1745 τὸν
1688 1687 1712 1744 έν
1726 1685 1765 1744 δε.-

1021 1787 1087 1851 νοῐς,
1109 1777 1154 1837 καλ
1168 1779 1211 1838 τὸν
1227 1781 1253 1838 ίν
1268 1783 1374 1858 ἀγαθοῖς
1385 1779 1465 1839 όντσι·
1483 1779 1528 1838 τὸν
1544 1777 1592 1856 μὲν
1606 1781 1633 1837 ἐν
1644 1775 1720 1837 άνίσει
1730 1774 1766 1835 καί

1020 1870 1126 1937 πολλοῖς
1139 1873 1262 1949 ”άγαθοῖς
1272 1918 1280 1946 ,
1291 1871 1334 1931 ἵνα
1345 1871 1456 1944 ἀκίνητα
1466 1870 1511 1931 καί
1523 1869 1693 1950 άμετάῦλητα
1700 1873 1766 1928 ταῦτα

249 1968 290 2026 nis
305 1968 408 2044 multis,
422 1981 452 2026 ut
464 1967 522 2025 baec
535 1965 644 2023 immota
657 1962 790 2039 firmaque
800 1969 932 2030 maneant,
939 1968 965 2015 ct
982 1963 1003 2013 B
1021 1960 1086 2035 μέρη
1106 1962 1151 2021 καὶ
1171 1964 1302 2041 μηδέποτε
1327 1963 1478 2044 μεταπέσῃ.
1494 1963 1540 2024 τὸ,
1556 1961 1583 2020 pq
1597 1965 1625 2021 ρ,
1636 1959 1715 2042 app,
1731 1960 1767 2019 ,ρ

249 2081 395 2138 numquam
404 2057 529 2118 excidant
539 2081 545 2113 :
556 2054 637 2135 quiin
652 2052 811 2112 aerumniset
822 2048 966 2108 multison-

248 2151 425 2226 lamitatibus,
440 2163 469 2208 ut
481 2148 626 2225 benignam
639 2143 785 2223 quamdam
796 2139 966 2200 vicissitudi-

248 2264 309 2301 nem
328 2240 461 2318 videat,et
478 2239 504 2298 in
517 2237 643 2298 solatium
660 2232 863 2312 tranquillitatis
873 2245 965 2289 trans-

248 2333 359 2392 seratur.
377 2335 408 2392 ln
417 2328 612 2409 tranquillitate
624 2326 673 2386 cs?
684 2327 759 2404 Roga
769 2323 854 2403 igitur
866 2325 964 2396 Deum,

248 2439 277 2484 ut
293 2426 372 2484 firmo
382 2424 433 2485 tibi
453 2434 558 2482 maneat
570 2421 629 2479 haeo
643 2416 833 2496 tranquillitas.
848 2414 966 2493 Tempe-

248 2529 342 2576 statcm
354 2511 721 2595 videsingruentcmchum
736 2507 963 2586 obnixcprecare,

248 2622 278 2667 ut
292 2607 437 2689 procellam
450 2617 564 2680 avertat,
580 2598 836 2679 ettranquillitatcm
851 2618 886 2655 cx
897 2609 966 2655 tem·

249 2713 349 2780 pestate
359 2699 449 2758 faciat.
467 2695 620 2756 Exattditus
639 2692 684 2751 cs?
703 2692 813 2751 Gratias
828 2710 878 2768 age
891 2685 964 2767 quod
975 2740 1011 2782 m

1019 2056 1126 2121 πολλοῖς
1137 2065 1190 2123 τοῖς
1204 2057 1314 2128 δεινοῖς,
1331 2055 1374 2114 ίνα
1387 2055 1446 2114 τινδ
1458 2053 1581 2135 χρηστὸν
1595 2055 1667 2135 αύτῷ
1681 2054 1719 2131 ίδη
1730 2075 1765 2133 γι·

1020 2144 1130 2221 νομένην
1146 2147 1305 2225 μεταῦολὴν,
1324 2148 1369 2206 καί
1391 2151 1427 2216 εἷς
1441 2146 1560 2228 γαλήνην
1570 2143 1767 2226 παρηγορίαςμι-

1020 2235 1148 2317 ταῦληθῇ·
1161 2237 1208 2297 Ἔν
1217 2239 1320 2319 γαλήνη
1335 2230 1375 2312 εἷς
1386 2243 1490 2299 Οὐκοῦν
1501 2238 1651 2319 παρακάλει
1662 2236 1703 2295 τὸν
1714 2235 1768 2297 &it

1022 2327 1133 2405 βεύαίαν
1143 2353 1183 2389 σοι
1195 2330 1282 2409 μένειν
1289 2330 1337 2404 τὴν
1347 2331 1463 2412 γαλήνην
1473 2330 1582 2403 ταύτην.
1591 2330 1713 2408 Χειμῶνα
1720 2317 1769 2394 εἶδος

1021 2421 1219 2495 ἐπαναστάντα,
1231 2424 1387 2505 Παρακάλει
1402 2426 1512 2491 ίκτενῶς
1525 2421 1570 2481 τὸν
1584 2420 1654 2482 Θεὸν
1664 2418 1769 2500 παρενίγ·

1020 2532 1065 2567 και
1077 2510 1107 2569 τὸ
1121 2511 1272 2584 κλυδώνιον,
1282 2513 1327 2573 καί
1338 2514 1456 2591 γαλήνην
1468 2515 1521 2575 άπὸ
1531 2517 1660 2595 χειμῶνος
1670 2514 1770 2582 ποιῆσαι.
1782 2543 1785 2553 ·

1020 2599 1180 2677 ἸΙκούσθης;
1194 2604 1259 2665 Ἐπὶ
1271 2603 1356 2687 τούτῳ
1369 2605 1570 2687 εὖχορίστησον,
1595 2603 1685 2676 ἐπειδὴ
1705 2600 1769 2674 dxci·

1022 2697 1094 2765 οθης.
1106 2695 1165 2752 Οὐκ
1180 2695 1324 2769 ἠκούσθης;
1336 2697 1517 2778 Παράμεινον,
1528 2695 1572 2755 ἵνα
1584 2699 1719 2777 άκωσθῇς.
1727 2690 1772 2754 Κίν

248 2789 392 2848 exauditus
414 2789 458 2847 sis.
474 2789 533 2847 Non
556 2784 701 2844 exauditus
713 2782 761 2841 es?
774 2784 920 2841 Persevera
936 2791 966 2838 ut
983 2800 1004 2845 Α
1021 2783 1072 2863 γάρ
1084 2785 1252 2860 άναὸάληταί
1269 2812 1333 2848 ποτε
1354 2788 1403 2861 τὴν
1426 2787 1498 2848 δόσιν
1510 2791 1524 2847 ὸ
1534 2787 1620 2860 Θεὸς,
1635 2786 1692 2868 ούχλ
1704 2786 1771 2865 proiit

248 2879 411 2938 exaudiaris.
425 2879 502 2937 Licet
521 2877 594 2936 enim
612 2877 685 2933 Deus
706 2873 807 2932 donum
821 2869 967 2950 aliquando

248 2970 365 3046 diflerat,
381 2992 432 3029 non
452 2969 513 3029 ideo
523 2968 553 3027 id
571 2967 634 3025 facit
645 2963 717 3044 quod
733 2963 796 3023 odio
810 2963 909 3021 lralteat
920 2975 967 3022 aut

250 3074 398 3138 aversetur,
411 3060 458 3120 sed
472 3074 502 3120 ut
513 3054 732 3141 procrastinando
745 3070 771 3114 te
779 3054 884 3114 diutius
893 3054 967 3136 apud

250 3175 278 3212 sc
291 3154 418 3230 detincat,
434 3149 662 3232 quemadmodum
677 3162 765 3229 patres
776 3146 860 3228 prolis
876 3167 968 3206 aman-

251 3260 300 3318 tes,
317 3247 364 3325 qui
375 3246 444 3306 dona
464 3243 613 3304 disserendo
627 3241 759 3321 segniores
773 3239 843 3298 lilios
858 3239 969 3298 solerter

252 3352 351 3417 cogunt
374 3336 482 3396 assidue
503 3357 583 3417 penes
605 3354 633 3392 sc
653 3346 731 3391 stare.
748 3332 808 3390 Non
824 3329 874 3389 tibi
896 3329 968 3410 apud

254 3431 341 3488 Deum
362 3427 482 3510 patronis
496 3440 535 3486 est
549 3447 631 3507 opus,
645 3445 730 3502 nequo
749 3422 834 3481 multa
850 3422 968 3480 circum-

252 3519 410 3599 cursatione,
422 3533 451 3578 nt
464 3518 581 3578 aduleris
591 3516 665 3591 aliis3
676 3514 721 3574 sed
733 3513 836 3573 etiamsi
851 3512 971 3574 desertus

251 3627 415 3693 patronoque
436 3609 580 3669 destitutus
603 3608 651 3685 sis,
666 3621 723 3666 tute
737 3608 826 3666 Deum
847 3620 972 3687 precatus

250 3705 416 3784 postulatum
438 3701 595 3780 assequeris.
618 3700 679 3758 Non
705 3699 743 3757 ita
769 3699 835 3757 solet
856 3719 974 3760 annuere

250 3795 312 3854 aliis
323 3815 372 3874 pro
386 3794 463 3852 nobis
476 3791 627 3865 orantibus,
642 3802 673 3848 ut
686 3789 764 3848 nobis
777 3788 843 3870 ipsis
856 3812 972 3871 precan-

252 3884 334 3957 tibus,
350 3883 453 3943 ctiamsi
481 3881 629 3941 innumeris
653 3879 739 3937 simus
764 3879 843 3938 malis
868 3880 970 3942 onusti.

1022 2874 1080 2934 οὐδὲ
1093 2878 1336 2959 ἀποστρεφόμενος,
1352 2881 1422 2941 ἄλλά
1439 2885 1473 2959 τῇ
1489 2881 1618 2957 μελλήσει
1637 2884 1683 2952 τῆς
1698 2876 1774 2942 ddunt

1022 2968 1148 3038 διηνεκῶς
1161 2993 1189 3028 σε
1202 2974 1266 3050 παρ’
1286 2974 1371 3052 {euripi
1385 2971 1505 3052 κατέχειν
1524 2970 1693 3051 βουλόμενος,
1705 2965 1770 3029 καθά·

1021 3058 1127 3139 περκαὶ
1139 3061 1249 3142 πατέρες
1261 3061 1428 3145 φιλόστοργοι
1441 3066 1561 3123 ποιοῦσι·
1576 3061 1624 3122 καλ
1634 3064 1686 3144 γάρ
1696 3062 1774 3143 ἐκεῖνον

1022 3153 1075 3207 τῶν
1097 3152 1280 3233 φφθυμοτέρων
1295 3153 1396 3213 παίδων
1417 3154 1466 3226 τὴν
1491 3156 1601 3227 διηνεκῆ
1624 3148 1774 3236 προσιδφὼ

1023 3244 1115 3320 τῇτῖγς
1126 3242 1222 3310 δόσεως
1233 3243 1351 3323 σἰναδολῇ
1363 3245 1523 3325 σοφίζονται.
1538 3245 1580 3305 ot
1597 3244 1676 3326 χρεία
1689 3267 1727 3303 σοι
1738 3262 1774 3320 μν-
1804 3264 1810 3321 g

1025 3337 1104 3392 σιτῶν
1123 3335 1167 3394 ἐπὶ
1185 3343 1230 3395 τοῦ
1252 3339 1337 3408 Θεοῦ,
1356 3336 1413 3397 οὐδὲ
1432 3339 1532 3407 πολλῆς
1546 3340 1596 3407 τῆς
1617 3338 1773 3418 περιδρομῆι,

1025 3425 1070 3483 καί
1092 3431 1137 3485 τοῦ
1161 3430 1319 3488 κολακεῦσαι
1339 3427 1454 3510 ἐτέρους·
1474 3429 1543 3488 άλλὸ
1563 3426 1614 3488 κάν
1635 3429 1727 3509 ἔρημος
1741 3416 1776 3507 dt,

1026 3517 1075 3576 κδιν
1093 3520 1317 3601 ἀπροστάτευτος,
1337 3522 1413 3590 αὐτὸς
1432 3521 1475 3580 διδι
1491 3525 1589 3581 σαυτοῦ
1610 3518 1777 3602 παρακαλέσας

1027 3611 1070 3669 τὸν
1093 3612 1161 3670 Θεὸν
1185 3611 1306 3693 ἐπιτεύξῃ
1329 3614 1443 3681 πάντως.
1465 3616 1528 3693 Οῦχ
1549 3612 1620 3672 οῦτοι
1643 3613 1677 3670 δι’
1700 3609 1776 3690 ἑτέραν

1027 3701 1092 3781 ὑπὲρ
1108 3708 1184 3779 ἡμῶν
1202 3706 1433 3785 παρακαλούμενος
1452 3704 1579 3767 ἐπινεύειν
1600 3704 1698 3776 εἴωθεν,
1710 3702 1776 3769 ὣςδί

1027 3797 1104 3871 ἡμῶν
1118 3798 1202 3854 αὐτῶν
1217 3800 1270 3855 τῶν
1284 3797 1424 3876 δεομένων,
1438 3797 1487 3857 κδν
1502 3796 1605 3880 μυρίων
1619 3785 1690 3874 ῶμεν
1702 3794 1776 3874 γάμοι·

1027 3908 1069 3953 τες
1080 3890 1178 3946 κακῶν.
1194 3889 1228 3947 El
1248 3889 1298 3968 γάρ
1312 3892 1354 3949 ἐπ’
1372 3888 1516 3969 ἀνθρώπων
1539 3887 1590 3947 κᾶν
1612 3887 1693 3968 μυρία
1713 3904 1777 3965 πρυ·
1806 3930 1809 3935 -

252 3976 322 4033 Nnm
335 3974 359 4032 si
372 3973 504 4049 homines,
518 3970 741 4050 quosinnumcris
755 3969 873 4030 laesimus
888 3973 972 4033 offen·
990 3991 1008 4038 Β
1027 3978 1195 4060 κεκρουκότες
1209 3970 1290 4059 ῶμεν,
1304 3981 1365 4041 ὅταν
1380 3982 1425 4042 καί
1438 3982 1489 4042 ὑπὸ
1505 3980 1553 4054 την
1577 3980 1631 4055 ἕω,
1651 3979 1696 4040 καὶ
1713 3978 1777 4059 μίσος

253 4066 300 4137 sis,
318 4086 379 4123 com
402 4063 534 4122 matutino
556 4075 691 4142 tempore,
719 4059 842 4137 meridie,
864 4083 974 4144 vespere

253 4157 360 4216 adimus
379 4156 452 4236 ipsos
476 4151 706 4233 indignabundos,
732 4165 889 4231 conspectus
915 4155 972 4214 t‘re-

253 4249 361 4328 quentia
379 4260 405 4307 ct
425 4246 582 4306 assiduitate
607 4243 713 4303 tandem
727 4242 808 4301 facilc
822 4243 971 4326 placamus,

255 4343 342 4402 multo
356 4341 443 4422 magis
454 4338 485 4398 id
497 4337 571 4420 apud
587 4338 676 4396 Deum
690 4335 838 4415 contingat.

298 4440 345 4495 tu.
367 4433 421 4495 Sed
433 4432 561 4513 indignus
574 4431 620 4490 es?
632 4427 973 4508 Assiduitatedignuseva-

259 4527 315 4587 das.
331 4525 413 4600 Quod
427 4525 497 4585 enim
518 4521 646 4602 indignus
665 4521 750 4602 possit
762 4519 917 4580 assiduitate
931 4521 975 4581 di·

260 4641 328 4700 gnus
343 4617 463 4692 evadere,
477 4628 502 4674 et
517 4612 589 4693 quod
606 4634 653 4695 per
663 4634 712 4671 nos
726 4611 823 4691 magis,
836 4633 917 4691 quam
928 4634 976 4694 per

256 4713 323 4771 alios
336 4725 444 4791 mgatus
455 4710 652 4782 Deusannua13
662 4703 789 4784 quodque
799 4703 899 4763 donum
908 4726 977 4787 sepe

255 4806 375 4876 differat,
392 4824 444 4863 non
460 4814 491 4859 ut
512 4800 613 4859 dubios
629 4796 712 4856 animi
726 4795 830 4870 reddat,
841 4809 867 4856 et
881 4797 975 4857 vacuis

255 4895 379 4956 monibus
390 4892 523 4967 remittat3
532 4889 579 4950 sed
592 4902 624 4948 ut
637 4888 770 4969 an'orum
789 4885 867 4945 nobis
888 4887 975 4947 bono-

1027 4071 1142 4154 ἡμέρας,
1163 4072 1209 4131 καί
1226 4076 1254 4132 ἕν
1275 4073 1374 4155 ἑσπέρα
1397 4073 1551 4155 φαινώμεθα
1574 4083 1628 4141 τοῖς
1649 4071 1712 4152 πρὸς
1723 4073 1779 4148 lp&

1027 4163 1237 4241 λελυπημένοις,
1252 4169 1285 4244 τῇ
1298 4165 1420 4247 συνεχείορ
1429 4165 1520 4244 καίιῇ
1534 4166 1651 4236 διηνεκεῖ
1658 4160 1778 4240 ciebit*

1028 4254 1155 4337 συντυχία
1180 4256 1345 4334 καταλύομεν
1371 4257 1466 4339 ῥαδίως
1495 4254 1584 4316 αύτῶν
1610 4255 1659 4329 τὸν
1684 4254 1781 4335 ἔχθραν,

1027 4347 1118 4425 πολλῷ
1132 4348 1232 4424 μᾶλλον
1246 4348 1290 4408 ἐπὶ
1300 4354 1346 4408 τοῦ
1356 4351 1426 4408 Θεοῦ
1439 4355 1515 4408 τοῦτο
1527 4347 1623 4426 γίνοιτ’
1637 4346 1679 4407 ἄν.

1069 4435 1138 4496 Ἀλλ’
1153 4438 1255 4507 ἀνάξιος
1269 4431 1306 4514 είς
1321 4442 1345 4499 Γ
1344 4447 1401 4499 ενοῦ
1420 4443 1453 4519 τῇ
1472 4438 1631 4522 προσεδρείᾳ
1642 4438 1717 4508 άξιος.
1728 4432 1779 4494 '01¹

1029 4525 1079 4606 γάρ
1089 4528 1133 4586 καί
1144 4529 1188 4589 τὸν
1201 4529 1302 4598 άνάξιον
1315 4530 1421 4590 δυνατὸν
1435 4530 1506 4599 ἄξιον
1520 4532 1550 4589 lx
1571 4533 1620 4602 τῆς
1631 4522 1779 4609 προσεδφᾶο

1029 4616 1150 4693 γενέσθαι
1164 4666 1172 4694 ,
1190 4620 1235 4680 καί
1253 4622 1286 4679 δι’
1299 4624 1376 4698 ἡμῶν
1397 4624 1483 4681 αὐτῶν
1493 4620 1645 4700 ξμάλλον,ἣ
1657 4622 1689 4679 δι’
1701 4615 1778 4697 ίτίραι

1029 4711 1263 4791 παρακαλούμενος
1277 4716 1291 4772 ὸ
1304 4712 1372 4779 Θεὸς
1392 4712 1522 4783 ἐπινεύει,
1541 4713 1589 4772 καὶ
1606 4713 1648 4773 ότι
1664 4709 1710 4783 τὸν
1723 4707 1778 4768 δύο*

1030 4800 1208 4864 άναῦάλλεται
1219 4804 1365 4876 πολλάκις,
1386 4808 1437 4885 οὐχ
1448 4810 1520 4882 ἡμᾶς
1530 4804 1692 4884 ἔξαπορῆσαι
1704 4794 1777 4882 βωίί·

1030 4915 1121 4969 μενος,
1137 4895 1196 4953 οὐδὲ
1209 4904 1296 4962 κεναῖς
1307 4895 1442 4975 ἐκπέμψαι
1460 4896 1575 4978 χερσίνχ
1583 4898 1643 4956 ἀλλ’
1654 4896 1698 4954 ἵνα
1707 4882 1777 4970 μειδί-

254 5009 315 5046 rum
328 5001 422 5048 auctor
434 4984 470 5044 sit
482 5006 489 5039 ε
502 4981 574 5058 baec,
589 4980 716 5057 inquam,
730 4978 780 5037 tria
800 4997 848 5058 per
860 4977 976 5058 partho-
991 5000 1010 5047 C
1028 5008 1078 5042 νων
1088 4990 1152 5063 ἡμῖν
1166 4989 1270 5067 ἀγαθῶν
1283 4987 1365 5053 αἴτιος
1377 4986 1501 5065 γένηται·
1523 4988 1558 5048 τά
1581 4987 1642 5068 τρία
1655 4990 1730 5046 ταῦτα
1743 4974 1776 5037 ld

287 5217 300 5254 ¹³
318 5212 364 5265 dlii
373 5206 400 5265 δι’
410 5213 534 5271 lucrifacis.

1070 5213 1080 5236 ε
1096 5199 1154 5251 tiss.
1168 5209 1259 5267 ἀραθοῑς
1272 5205 1457 5272 φιλοτιμηθέντος,
1469 5206 1516 5253 tva.
