3764 5992
265 383 336 478 774
579 401 609 449 s.
637 398 777 450 ronnnrs
802 396 984 463 onnusosn
1013 397 1170 448 nncnmr.
1200 393 1477 477 consrsnrncer.

268 527 354 600 νεσίι,
374 523 493 606 quitum
508 543 601 586 eorum
622 523 670 602 qui
687 523 746 604 jam
770 541 819 582 nos
842 519 982 596 viderunt,
1034 523 1121 600 ἡμᾶς,
1131 523 1185 581 τῶν
1197 543 1227 579 τε
1240 521 1290 600 οὐχ
1303 518 1462 598 ίωρακότων
1476 515 1554 597 μετὰ
1565 516 1677 588 πολλῆς
1691 517 1813 588 τῆςστω-

268 635 427 684 murorum
444 617 555 697 ,quibus
562 615 683 676 nondum
690 613 725 673 de
732 613 801 674 facie
810 613 866 673 noti
879 633 982 687 sumus,
1037 613 1084 686 δῆς
1106 615 1289 684 ἐπιζητοῦντες
1306 609 1356 683 την
1369 608 1538 693 παρουσίαν.
1551 608 1632 669 Ἀλλ’
1656 607 1748 680 ὐπειδὴ
1759 617 1815 671 τοῖα,

268 712 438 797 presentiam
450 709 530 771 avide
544 707 716 789 requirimus.
736 705 873 780 Quoniam
894 719 985 765 autem
1037 703 1103 773 τέως
1112 708 1159 764 οὐκ
1171 704 1209 763 ἔνι
1220 700 1334 778 (κωλύει
1349 701 1401 784 γδρ
1414 701 1462 762 καὶ
1476 705 1532 773 τῆς
1546 701 1616 760 aeon
1630 699 1665 760 τδ
1682 703 1816 777 piscem}

270 804 302 866 id
320 825 391 865 nunc
405 801 517 863 minime
526 801 589 860 licet
600 804 674 874 (nam
688 812 716 858 et
726 799 779 860 viae
793 788 946 877 longitudo,
959 810 986 856 et
1037 802 1055 870 ἡ
1069 805 1115 858 τοῦ
1126 794 1232 864 ίτυοςίύ
1250 820 1287 871 α,
1301 795 1346 855 καὶ
1358 800 1373 855 δ
1383 801 1437 855 τῶν
1451 796 1569 875 λῃστῶν
1587 793 1690 874 φόόος,
1703 794 1747 851 καὶ
1756 793 1815 872 sipi,

270 909 387 978 tenpus,
401 909 427 954 et
436 893 595 976 praedonum
603 905 690 951 metus
705 889 898 972 impedimento
909 901 984 963 sunt,
1040 888 1127 970 ῥᾴδιον
1138 892 1202 968 ἡμῖν
1215 821 1282 947 etio
1295 887 1341 946 καί
1352 885 1453 946 τούτων
1463 885 1557 967 χωρίς
1572 889 1716 946 κινεῖσθαι
1732 885 1816 956 mou,

269 1010 302 1050 ac
311 1001 440 1071 preterea
451 1008 485 1047 nc
494 985 572 1045 nobis
581 983 694 1064 quidem
701 980 783 1042 domo
797 979 937 1053 excedere,
952 999 985 1037 ac
1039 979 1085 1039 καί
1102 978 1206 1060 μακράς
1221 978 1372 1056 ἀποδημίας
1385 979 1580 1055 ἀποδημεῖν),
1597 976 1649 1036 ἐπί
1663 976 1710 1035 τδν
1726 976 1817 1055 δεύτερον

270 1080 365 1161 longas
373 1077 601 1162 peregrinationes
612 1075 680 1135 inire
690 1075 769 1135 facile
782 1081 843 1150 est),
856 1071 930 1152 quod
943 1092 987 1131 se-
1003 1090 1023 1137 n
1037 1071 1153 1152 ἥλύομιν
1167 1073 1261 1144 πλοῦν,
1276 1070 1326 1143 τίν
1341 1094 1369 1131 τε
1383 1067 1570 1151 ὀφειλομένην
1588 1067 1768 1135 ἀποδιδόντες
1776 1074 1818 1146 epte

270 1171 391 1238 cundum
399 1186 449 1248 est,
462 1170 584 1230 debitam
595 1167 675 1231 vobis
685 1166 870 1228 salutationem
885 1162 990 1245 persol-
1039 1163 1198 1248 πρόσρησιν,
1222 1164 1268 1223 καί
1286 1161 1338 1245 πρὸ
1359 1160 1459 1235 ταύτης
1481 1163 1737 1243 παρακαλοῦντες,
1756 1163 1818 1222 καὶέν

270 1261 362 1325 vimus
381 1285 388 1320 :
402 1275 483 1340 atque
495 1274 557 1320 ante
568 1259 656 1339 ipsam
668 1257 750 1317 etiam
762 1276 812 1316 vos
825 1274 952 1334 rogamus
964 1265 991 1313 et
1043 1256 1118 1340 μίρει
1128 1255 1254 1338 μεγίστης
1274 1259 1406 1323 αἰτοῦντες
1416 1254 1550 1336 χάριτος,
1566 1255 1604 1314 τὸ
1620 1255 1753 1326 διηνεκῶς
1763 1259 1819 1331 ἡμῖν

271 1353 452 1430 obsecramus,
467 1365 549 1431 atque
568 1373 585 1410 a
606 1349 681 1412 robis
694 1347 855 1430 amplissimi
867 1343 991 1406 bcnfficii
1044 1347 1200 1432 εὐχομίνους
1222 1353 1389 1428 μεμνῆσθαι,
1413 1346 1460 1407 καὶ
1489 1352 1532 1426 τῷ
1561 1346 1756 1429 φιλανθρώπῳ
1775 1350 1820 1425 θεῷ

272 1443 464 1527 lo'copetimns,
478 1443 547 1504 utin
555 1440 652 1503 vestris
663 1439 788 1521 precibus
800 1450 930 1520 perpetuo
940 1456 992 1496 no-
1043 1438 1220 1526 προσπίπτειν
1236 1439 1304 1520 ρετά
1313 1441 1413 1512 πολλῆς
1423 1442 1471 1511 τῆς
1484 1438 1652 1519 εὐγενείας,
1667 1438 1716 1498 καί
1729 1443 1777 1496 τῶν
1787 1440 1820 1497 δο-
1873 1490 1875 1499 .

273 1536 324 1598 stri
335 1556 466 1597 monotes
479 1534 548 1611 sitis,
558 1531 722 1610 obnixeque,
738 1543 764 1590 et
777 1550 840 1589 cum
849 1527 989 1610 lacrymis,
1044 1532 1142 1616 κρύων,
1158 1531 1224 1614 ὑπὲρ
1235 1535 1283 1604 τῆς
1296 1531 1481 1598 ταπεινώσεως
1496 1536 1549 1603 τῆς
1562 1530 1722 1611 ἡμετέρας.
1742 1533 1775 1591 Οἱ
1785 1532 1821 1613 γὰρ

274 1627 435 1709 odbenigni
447 1627 499 1686 Dei
512 1624 594 1708 pedes
603 1622 717 1685 vilitatis
732 1635 829 1682 nostrae
839 1641 919 1681 causa
929 1641 992 1681 Vos·
1045 1627 1090 1687 τὸν
1107 1624 1213 1707 εὔριπον
1236 1629 1288 1685 τῶν
1313 1627 1444 1704 βιωτικῶν
1459 1623 1652 1704 διαφυγόντες
1667 1624 1821 1705 πραγμάιωι,

275 1718 348 1801 ipsos
368 1718 542 1800 provolvatis.
559 1717 629 1776 Nam
646 1732 711 1774 cum
724 1713 892 1793 negotiorum
909 1712 992 1794 hujus
1046 1718 1093 1778 καὶ
1107 1725 1153 1779 τῶ
1166 1721 1267 1777 καπνοῦ
1276 1717 1321 1775 καί
1335 1721 1382 1788 τῆς
1392 1714 1473 1789 ζάλης
1485 1719 1545 1775 τῶν
1557 1718 1590 1774 ἐν
1605 1719 1652 1798 τῷ
1667 1714 1744 1798 pice,
1753 1721 1823 1775 τινᾶν

275 1809 340 1874 vitae
355 1809 482 1892 euripum
489 1806 648 1887 effugeritis,
657 1806 785 1884 fumoque
795 1825 827 1864 ac
838 1815 993 1886 tempestate
1048 1808 1259 1890 ἀπαλλαγέντες,
1283 1808 1343 1881 καί,
1359 1807 1479 1889 καθάπερ
1494 1810 1536 1875 εἰς
1549 1807 1663 1887 λιμένα
1680 1806 1743 1868 τινά
1759 1809 1822 1869 ιύάια

276 1902 411 1965 malorum
422 1922 524 1977 comm,
537 1921 597 1980 quae
608 1898 636 1958 in
656 1897 747 1958 medio
758 1909 908 1973 versantur,
926 1896 994 1956 libe·
1047 1901 1093 1962 καλ
1106 1900 1264 1981 ἀκύμαντον,
1281 1905 1330 1972 τῆς
1353 1902 1436 1972 καλῆς
1457 1898 1565 1973 ταύτης
1582 1899 1752 1982 φιλοσοφίας
1763 1901 1824 1983 ίφμσ

276 1994 329 2070 rati
343 1993 412 2070 sitis,
426 1992 584 2072 animasque
595 2004 698 2052 vestrm
712 1989 741 2050 in
756 1987 995 2072 praeclarissimum
1046 1993 1095 2062 τὰς
1107 1997 1207 2053 ίαννῶν
1221 1991 1396 2072 λδηγήσαντες
1411 1989 1520 2072 ψοχάς,
1536 1992 1590 2051 καὶ
1607 1990 1663 2060 τάς
1675 1991 1771 2061 νύκτας
1783 2002 1825 2057 ταῖς

273 2085 387 2169 bujusoe
406 2085 585 2167 philosophie
608 2083 683 2154 litus,
703 2103 757 2143 non
775 2103 853 2143 secus
870 2095 951 2162 atque
966 2081 995 2141 in
1047 2087 1130 2168 tepente
1143 2083 1299 2167 παννυχίσιν
1312 2082 1414 2163 ἡμέρας
1431 2081 1638 2163 ἐργαζόμενοι,
1662 2084 1711 2143 καὶ
1729 2086 1824 2166 φανερύ

273 2178 452 2257 tranquillum
459 2175 603 2257 quemdam
613 2175 793 2255 fluctibusque
800 2196 919 2254 uacuum
926 2195 995 2256 por-
1047 2200 1123 2260 repon
1136 2178 1163 2239 ἀν
1174 2175 1283 2245 ταύταις
1296 2179 1422 2257 δρῶντες,
1437 2173 1455 2246 ἢ
1469 2177 1497 2234 ἐν
1513 2184 1579 2243 ταῖς
1603 2175 1733 2259 ἡμέραις
1746 2177 1826 2257 ίτιρα,

155 2259 159 2268 ’
273 2285 334 2334 rom
347 2268 518 2353 appuleritis,
534 2283 678 2348 noctesque
698 2289 748 2350 per
761 2288 850 2327 sacras
863 2267 994 2328 excubias
1011 2281 1031 2329 n
1049 2267 1146 2330 δίκαιοι
1160 2266 1191 2327 ἀν
1207 2268 1278 2342 είητε
1292 2272 1357 2348 ἡμῖν
1370 2266 1423 2326 ast
1436 2269 1489 2326 τῶν
1507 2269 1603 2348 εὐχῶν
1620 2270 1704 2346 ὑμῶν
1721 2271 1828 2346 puoh}

274 2363 304 2424 in
315 2361 594 2437 dieamutnveritis,in
612 2360 700 2440 iisque
715 2358 896 2442 splendidius,
912 2380 994 2439 qnam
1048 2384 1092 2421 ναι
1105 2359 1270 2442 συμμαχίας.
1285 2358 1401 2419 Δυνστδν
1421 2357 1473 2439 γάρ
1494 2359 1545 2418 καί
1563 2362 1601 2418 ἐκ
1616 2359 1753 2420 τοσούτω
1765 2366 1828 2434 κοίη·

275 2453 325 2517 elii
339 2455 471 2532 interdiu,
489 2453 623 2514 cernatis:
644 2474 754 2533 oequum
769 2475 833 2514 sane
855 2452 937 2513 fuerit
948 2473 996 2513 vos
1050 2454 1141 2534 μένους
1165 2451 1364 2532 διαστήματος,
1381 2449 1527 2510 ἀπολαύειν
1553 2455 1641 2530 ἡμᾶς
1667 2453 1778 2528 τούτων,
1797 2456 1829 2512 xri

274 2568 388 2631 precum
408 2559 562 2608 vestrarum
582 2545 720 2606 auxilium
738 2545 817 2607 nobis
841 2544 992 2626 impertire.
1048 2545 1127 2614 τόπος
1152 2543 1236 2612 οὐδείς
1259 2548 1340 2620 ἐστιν,
1367 2542 1427 2603 οὐδὲ
1450 2542 1563 2624 χρόνος,
1595 2547 1613 2602 ὁ
1644 2543 1699 2618 τὴν
1726 2546 1830 2615 τοιαύτη

275 2639 363 2700 Nobis
386 2638 459 2699 enim
483 2637 564 2698 etiam
577 2659 592 2698 e
607 2651 681 2699 tento
706 2637 848 2700 intervallo
868 2636 912 2697 bis
940 2634 995 2696 frui
1049 2638 1191 2718 δυνάμενος
1207 2636 1332 2718 διακόψαι
1352 2635 1483 2715 βοήθειαν.
1507 2636 1740 2717 Συμμαχήσατε
1764 2637 1831 2698 τοίνιν

275 2729 356 2792 licet:
379 2751 428 2792 nee
447 2731 524 2791 locus
538 2730 611 2791 ullus
629 2744 678 2805 est,
694 2744 742 2791 aut
763 2745 870 2812 tempus
893 2728 994 2806 ullum,
1048 2735 1124 2809 ἡμῖν,
1134 2729 1180 2790 καὶ
1194 2739 1272 2811 χεῖρα
1283 2726 1389 2811 όρίὶατε
1400 2726 1503 2787 διάτῶν
1516 2729 1614 2808 εὐχῶν
1631 2734 1692 2788 τῶν
1704 2729 1831 2811 ὑμετέροιν,

276 2822 351 2902 qnod
376 2822 534 2904 hujusmodi
570 2843 650 2903 opem
679 2821 874 2903 interrumpere
906 2833 995 2901 queat.
1049 2825 1137 2883 Τοῦτο
1147 2821 1200 2903 γὰρ
1216 2821 1333 2900 μάλιστα
1348 2819 1471 2899 μέγιστον
1488 2820 1606 2899 ἀγάπης
1623 2810 1700 2888 εἶδός
1713 2825 1781 2882 ἐστι.
1792 2823 1832 2882 liri

277 2913 461 2988 Quamobrem
474 2913 613 2995 suppetias
623 2912 701 2974 nobis
712 2913 787 2987 ferte,
796 2933 828 2972 ac
838 2932 886 2994 per
895 2925 998 2972 vestras
1050 2913 1119 2996 μετὰ
1132 2918 1184 2975 τῶν
1197 2916 1281 2994 εὐχῶν
1299 2915 1351 2971 τῶν
1364 2911 1509 2992 ὑμετέρων,
1523 2910 1574 2970 καί
1598 2912 1672 2994 περί
1689 2918 1742 2985 τῆς
1762 2914 1834 2993 ίιγιίετ

277 3025 371 3088 preces
389 3024 499 3065 manum
521 3004 661 3086 porrigite.
684 3005 754 3064 Nam
773 3001 825 3062 boc
846 3002 998 3062 maximum
1006 3067 1043 3110 w
1050 3010 1099 3080 τῆς
1120 3006 1247 3088 ὑμετέρας
1276 3008 1370 3080 δηλοῦν
1393 3011 1457 3083 ἡμῖν
1473 3002 1512 3082 μὴ
1535 3014 1726 3082 κατοκνεῖτε,
1751 3005 1835 3065 beeri

208 3135 212 3142 ·
278 3095 399 3158 caritatis
416 3116 500 3175 genus
515 3108 563 3154 est.
584 3097 623 3154 Ac
636 3108 733 3176 praeter
747 3094 890 3170 orationes,
908 3093 943 3154 dc
953 3115 997 3156 ve·
1015 3124 1035 3168 ,ε
1051 3104 1167 3161 ἐντεῦθεν
1179 3098 1307 3179 μεγίστην
1322 3097 1460 3180 δεχώμεθα
1473 3095 1522 3168 τὴν
1538 3099 1745 3177 παραμυθίαν,
1759 3103 1835 3181 ἐντρυ

279 3203 335 3250 stra
351 3208 459 3268 quoque
473 3186 629 3248 valetudine
649 3186 775 3247 certiores
797 3207 846 3246 nos
865 3187 952 3246 iacere
966 3183 1000 3248 be
1052 3198 1151 3273 φῶνττς
1162 3197 1235 3271 ὑμῶν
1249 3197 1283 3271 τῇ
1295 3192 1404 3272 ἀγάπη,
1419 3188 1465 3248 καί
1479 3192 1515 3255 ὡς
1529 3189 1756 3269 παρόνταςτσύς
1769 3193 1833 3250 ἀτόν

279 3280 441 3362 gravemini,
457 3301 511 3358 qun
524 3279 589 3339 binc
601 3279 834 3358 quoquemaxima
844 3279 999 3339 consolatio·
1052 3309 1099 3353 τας
1112 3283 1320 3365 φανταζόμενοι·
1336 3283 1442 3343 δύναται
1460 3280 1512 3363 γὰρ
1528 3282 1577 3340 καί
1594 3284 1712 3351 εἰκόνας
1731 3285 1836 3347 τοιαύτης

279 3395 313 3435 ne
321 3373 484 3450 afficiamur,
504 3373 651 3451 quamdam
659 3393 695 3432 ex
703 3386 792 3433 vestra
803 3372 913 3432 caritate
921 3373 1001 3434 volu·
1054 3377 1206 3459 ὑπογράψαι
1229 3376 1260 3436 rb
1285 3375 1399 3457 γνησίως
1411 3377 1505 3455 φιλεῖν.
1525 3373 1587 3433 Κάν
1609 3377 1641 3434 ἐν
1669 3377 1837 3456 χαλεπωτέρα

279 3480 381 3551 ptatem
394 3467 537 3550 capientes,
550 3466 724 3545 absentesque
733 3486 793 3539 ros,
809 3487 863 3525 oon
880 3487 956 3526 secus
969 3487 1002 3525 ac
1054 3468 1152 3544 ταύτης
1161 3468 1282 3551 τύχωμεν
1293 3469 1366 3535 ὄντες
1375 3466 1489 3548 ίρημίφ,
1501 3465 1615 3540 πολλὴν
1641 3471 1769 3530 ἐντεῦθεν
1783 3492 1835 3547 κτρ-

279 3573 432 3640 praesentes‚
442 3560 478 3619 ob
490 3558 582 3619 oculos
596 3571 700 3619 nostros
707 3570 885 3639 proponentes
897 3582 904 3616 ε
916 3557 1003 3638 siqui·
1055 3561 1200 3642 νισσόμεθα
1213 3561 1261 3635 τλν
1277 3560 1453 3641 παράκλησιν.

280 3649 343 3712 dem
350 3650 585 3711 easinceriamoris
594 3649 638 3710 vis
645 3664 693 3727 est,
701 3663 731 3709 ut
750 3649 832 3710 ctiam
844 3649 1003 3730 hujusmodi

282 3742 428 3803 simulacra
440 3744 543 3824 pingat.
564 3743 604 3801 lta
618 3741 676 3817 fiet,
690 3755 720 3800 ut
734 3740 840 3802 etiamsi
858 3741 886 3801 in
901 3742 1000 3802 solitu-

281 3831 346 3892 dine
355 3833 435 3911 looge
443 3833 496 3892 hac
505 3831 642 3892 acerbiore
651 3832 730 3893 nobis
742 3833 844 3895 versari
855 3833 1002 3915 contingat,

284 3943 411 4004 magnam
426 3936 515 3984 tamen
529 3923 738 3985 consolationem
751 3926 901 4007 capiamus.

407 4121 514 4182 XCIV.
528 4121 683 4182 Pentadio
702 4122 883 4185 diacomssae.
1275 4124 1325 4204 ηδ’.
1343 4125 1476 4209 Πενταδίηι
1491 4126 1619 4209 διακόνῳ.

138 4328 268 4441 insopor.
329 4308 503 4391 Quamquam
514 4307 704 4414 mihitur-erga
726 4328 769 4412 me
783 4307 1005 4413 caritasautehac
1100 4310 1173 4394 Ἐγόν
1186 4317 1232 4373 σου
1246 4310 1294 4387 τὴν
1310 4311 1426 4391 ἀγάπην,
1440 4310 1472 4383 ἣν
1491 4310 1553 4391 περὶ
1567 4316 1648 4388 ἡμᾶς
1665 4313 1762 4396 ἔχεις,
1780 4317 1841 4396 ᾔδειν

137 4397 237 4455 ”¹40·
285 4403 345 4485 jam
356 4402 494 4486 explorata
509 4415 576 4475 erat,
593 4421 694 4484 qnippe
706 4421 796 4481 quere
809 4421 868 4482 rpsa
881 4402 940 4483 ejus
950 4403 1002 4464 do·
1062 4405 1166 4485 μάνκαί
1176 4404 1332 4485 ἔμπροσθεν,
1343 4405 1376 4463 δι’
1388 4406 1473 4464 αὐτῶν
1485 4401 1576 4483 μαθὼν
1588 4407 1648 4464 τῶν
1659 4409 1843 4490 πραγμάτων·

289 4510 445 4558 eumentom
453 4490 594 4578 cepissem:
604 4509 693 4558 tamen
707 4515 767 4555 eam
775 4495 895 4578 apertius
905 4518 940 4558 ex
950 4498 1006 4559 tuis
1023 4513 1042 4561 n
1061 4498 1157 4578 ἔμαθον
1168 4496 1196 4556 u
1208 4497 1366 4579 σαφέστερον
1376 4503 1420 4558 νῦν
1431 4495 1458 4565 ἐξ
1471 4488 1507 4556 ὧν
1518 4495 1695 4566 ἐπέσταλκας
1706 4505 1788 4579 ἡμῖν.
1799 4500 1844 4561 brt

288 4589 326 4651 cd
337 4610 382 4650 me
393 4588 479 4650 literis
489 4588 614 4669 cognovi.
632 4594 672 4649 Ae
684 4602 825 4672 propterea
837 4609 1006 4673 summopere
1059 4590 1103 4652 διδ
1113 4593 1191 4651 τοῦτο
1206 4589 1323 4669 μάλιστά
1339 4612 1369 4647 σε
1389 4587 1567 4667 θαυμάζομεν,
1584 4589 1616 4648 οὐ
1635 4590 1682 4650 διὰ
1699 4592 1735 4652 τὸ
1750 4593 1845 4673 γράφοι

288 4682 405 4746 telaudo
416 4681 633 4762 atqueadmiror,
643 4703 732 4744 nonen
741 4680 1005 4761 dumtaxatnomine,
1060 4681 1150 4761 μόνον,
1164 4681 1233 4742 ἀλλά
1246 4680 1292 4739 καλ
1313 4678 1356 4738 διὰ
1382 4680 1413 4741 τδ
1435 4681 1594 4760 ἀπαγγεῖλαι
1609 4684 1682 4759 ἡμῖν
1700 4684 1798 4744 πάντα
1819 4682 1846 4741 τὶ

289 4774 364 4855 qnod
374 4773 413 4835 od
426 4795 470 4834 me
478 4773 626 4856 scripseris,
639 4772 777 4834 sedetiam
790 4773 863 4854 quod
873 4795 904 4836 ea
914 4777 1005 4837 omnia
1058 4773 1231 4859 γεγενημένα.
1245 4774 1331 4833 Τοῦτο
1350 4770 1402 4854 χάρ
1416 4771 1460 4830 καί
1480 4768 1630 4851 δαρδούσης
1648 4778 1723 4853 ἡμῖν
1740 4776 1790 4836 καί
1806 4799 1847 4852 με·

289 4889 350 4948 qnae
367 4866 538 4948 contigerunt
553 4865 719 4949 exposueris.
739 4866 797 4927 Hoc
809 4866 882 4930 enim
899 4867 1005 4929 femine
1061 4868 1194 4952 ριμνιύσης
1207 4865 1241 4926 rb
1254 4867 1381 4948 ἡμέτερα.
1402 4864 1454 4925 Διά
1467 4871 1551 4924 ταῦτα
1565 4869 1743 4946 σκιρτῶμεν,
1758 4869 1848 4950 χαίρσ

289 4957 479 5021 orodemeo
489 4978 552 5039 erga
565 4977 594 5016 se
608 4956 700 5019 animo
714 4957 826 5020 minime
844 4958 1006 5038 dubitantis,
1061 4987 1119 5044 μεν,
1147 4958 1354 5042 ιίιφραινόμεύα,
1378 4957 1506 5038 μεγίστην
1533 4955 1729 5037 παράκλησιν,
1762 4961 1849 5021 καὶέν

289 5064 315 5111 et
337 5051 372 5111 de
385 5072 475 5112 rerum
491 5070 612 5110 nucarum
628 5063 699 5112 statu
719 5050 876 5113 laborantis.
891 5052 1006 5115 Proinde
1060 5054 1158 5139 ίρημίφ
1171 5051 1286 5134 τοσαύτη
1299 5051 1458 5138 καδτίμεγοι,
1472 5049 1521 5122 τὴν
1533 5047 1661 5131 ἀνδρείαν
1683 5051 1793 5134 ἔχομεν
1806 5053 1849 5125 τὴν

290 5141 394 5222 gaudeo
410 5155 436 5201 et
448 5142 566 5220 exsulto,
581 5140 795 5226 maximamque,
808 5144 890 5206 αἰειιι
905 5144 933 5208 in
950 5159 1005 5208 tem
1060 5145 1196 5226 σὴν,ϊλν
1215 5146 1348 5222 ίνστσσιν,
1369 5143 1419 5217 τὴν
1434 5139 1626 5223 ἀπερίτρεπτον
1653 5143 1789 5224 γνώμην,
1804 5146 1850 5217 τὴν

327 5337 337 5362 ι
355 5321 416 5384 neg.
426 5324 452 5366 ct
463 5313 522 5368 Vct.
536 5321 577 5378 τὴν
592 5321 615 5368 εν
625 5327 694 5371 neu.
