3810 6000
352 472 419 521 cun
443 469 477 520 tn
505 467 651 521 ειιιιτιιο.
679 469 783 537 scri,
810 467 887 519 arc.
915 470 950 519 ιιι
976 468 1122 522 ειιιιιοιι.
1151 471 1323 523 ιοτοιυιι.
1352 471 1401 522 ιι.
1582 452 1649 524 115

108 598 193 683 τρίτον,
212 596 262 657 καὶ
286 599 305 659 θ
325 599 387 674 μεθ’
403 597 483 678 όρκου
497 594 586 676 τρίτον
608 595 686 657 αὐτὸν
701 594 918 678 άρννγτάμενοςί)
935 615 967 655 εο
974 596 1033 676 jam
1046 596 1102 658 rita
1110 598 1212 674 iuncto,
1223 612 1334 680 propter
1341 598 1421 658 illum
1435 595 1653 681 milleperionlis

109 692 145 752 καλ
153 688 360 774 θεραπαινιδίου
375 688 456 771 ρόόον
470 691 590 754 εὐτελοῦς
601 686 706 760 δείσας,
721 686 813 760 ἐπειδὴ
824 690 881 747 ἐτε-
935 687 1036 767 seipsos
1050 689 1218 769 objicerent?
1239 693 1278 749 Ao
1288 689 1375 750 eaeteri
1385 690 1495 768 quidem
1506 712 1597 752 omnes
1606 694 1651 752 fu·

110 783 219 856 λοίτιισε,
245 782 415 863 βουλόμενος
434 787 508 859 ἡμᾶς
525 788 616 840 πεῖσαι
634 781 678 840 διά
690 785 744 840 τῶν
757 780 883 863 πραγμά·
935 792 1040 856 gerunt,
1064 783 1160 841 Petrus
1177 802 1240 840 rero
1263 781 1344 841 etiam
1364 802 1426 840 oum
1444 782 1598 863 juramento
1611 782 1652 843 ter

110 899 149 934 τεν
161 878 261 945 αὐτῶν,
274 875 321 934 ὅτι
335 864 405 934 εἶδεν
419 873 498 934 αὐτόν
513 871 678 943 ἀναστάντα,
690 871 772 940 οὕτως
787 873 880 955 ἀθρόον
934 869 1014 929 iilum
1032 872 1151 951 negavit,
1170 872 1257 951 etqui
1271 886 1311 932 ter
1326 871 1404 931 illum
1417 893 1479 932 eum
1497 875 1651 953 juramento

111 965 281 1044 μεαὸαλλετο
293 970 334 1035 ὣς
355 965 501 1046 ὁλοκλήρου
517 963 696 1042 καταγελάσαι
712 964 813 1042 δήμου,
834 963 882 1024 καί
934 975 1086 1041 negaverat,
1097 978 1123 1023 et
1143 963 1207 1024 vilis
1223 963 1359 1023 ancillulae
1372 964 1459 1024 suerat
1481 963 1575 1024 timore
1591 987 1651 1047 per·

111 1058 237 1136 είιμάσοε
257 1063 317 1119 τῶν
338 1056 522 1119 Ἰουδαίωντθ
538 1056 646 1137 θίατρον
659 1049 819 1130 εἰσπηδῆσαι
834 1056 880 1116 καλ
934 1053 1033 1129 culsus,
1061 1067 1236 1147 posteaquam
1256 1055 1370 1126 obierat,
1386 1056 1464 1114 nobis
1483 1055 1564 1115 rebus
1583 1056 1652 1137 ipsis

111 1153 190 1222 εἰπεῖν,
200 1148 245 1210 δτι
260 1155 277 1210 θ
289 1149 453 1231 σταυρωθελς
466 1147 513 1207 καί
525 1146 615 1227 παρεὶς
626 1147 724 1220 ἀνίστη
735 1149 767 1206 ἐκ
780 1150 878 1228 νεκρῶν
933 1145 1027 1206 volens
1036 1145 1118 1206 fidem
1127 1149 1213 1207 faeere
1225 1148 1502 1208 sesuseitatumillum
1514 1149 1652 1209 amortuis

110 1241 231 1322 ιῇτρίτῃ
252 1241 369 1325 ἡμάριρ,
394 1240 440 1301 καλ
460 1242 497 1308 είς
512 1237 819 1320 τοθςώρανοθςάνίάη,
833 1239 879 1299 καὶ
933 1236 1082 1315 vidisse,
1061 1259 1100 1297 ste
1110 1254 1217 1320 repente
1226 1253 1401 1314 mutatusest
1413 1253 1444 1298 ut
1457 1240 1652 1323 integrnmpo-

111 1330 277 1408 μτδὶναθτδν
292 1334 451 1392 ὑποδεισθαι
459 1331 553 1391 δεινόν
575 1329 660 1390 Πόθεν
673 1321 762 1391 οδντθ
748 1331 879 1412 θθαρρεῑν
933 1328 1029 1409 pulum
1050 1344 1247 1411 aspernaretur,
1266 1343 1292 1390 et
1307 1329 1335 1389 in
1357 1331 1479 1391 medium
1493 1332 1652 1394 Judaeorum

111 1424 170 1504 είιῷ
185 1423 310 1499 ίγάνετος
331 1423 419 1484 Πόθεν
437 1424 556 1495 άλλοθεν,
570 1423 629 1482 ἀλλ’
641 1420 660 1493 ἢ
679 1421 779 1482 ἀπὸ
745 1446 794 1493 της
808 1424 880 1496 πλη·
933 1420 1068 1481 theatrum
1086 1423 1230 1503 prosiliret,
1245 1421 1398 1501 diceretque
1410 1423 1489 1482 illum
1500 1423 1548 1502 qui
1563 1424 1652 1484 cruci-

110 1513 274 1593 ριρορίας”
237 1538 291 1586 της
303 1515 376 1575 κατά
387 1515 436 1587 τὴν
451 1513 612 1587 &odorrem
624 1512 735 1585 Ἐπειδὴ
747 1513 799 1594 γὰρ
812 1504 880 1573 είδεν
934 1511 1007 1572 fixus
1019 1514 1106 1572 suerat
1119 1535 1150 1573 ac
1176 1514 1315 1594 sepultus,
1335 1535 1352 1573 a
1374 1514 1488 1573 mortuis
1502 1512 1548 1573 die
1572 1514 1652 1577 tertia

108 1605 187 1679 είτόν,
199 1605 248 1664 καὶ
261 1605 405 1687 διελάγθη,
418 1605 464 1664 καὶ
479 1604 540 1686 περὶ
551 1609 602 1687 τῷν
614 1605 762 1684 μελλόντων
773 1606 879 1681 ἤκουσε,
897 1621 917 1672 ιι
935 1605 1084 1664 surrexisse
1104 1618 1184 1685 atque
1199 1606 1226 1664 in
1240 1605 1319 1665 caelos
1337 1605 1501 1678 ascendisse,
1523 1627 1608 1684 neque
1621 1626 1651 1666 se

108 1695 144 1755 id
158 1701 240 1757 τοῦτο
257 1701 298 1766 ὣς
317 1696 386 1777 nup
406 1700 501 1765 ζῶντος
513 1696 668 1756 κινδυνεύων
679 1696 781 1770 λοιπόν,
798 1695 881 1764 οὕτως
935 1697 1000 1755 mali
1008 1696 1157 1776 quidquam
1169 1697 1439 1758 reformidareUnde
1453 1696 1537 1776 igitur
1548 1698 1651 1758 sactum

108 1788 225 1848 ὗεάντων
235 1789 427 1867 κατετόλμησε
437 1792 490 1847 τῶν
502 1789 601 1861 δεινῶν,
612 1788 658 1846 άτε
670 1787 702 1860 δὴ
714 1789 760 1847 καὶ
771 1788 880 1849 πλείονα
934 1801 1000 1862 erat,
1014 1802 1044 1847 ut
1054 1787 1121 1848 adeo
1137 1788 1273 1849 confidens
1285 1789 1372 1848 esset?
1385 1790 1445 1848 Non
1458 1787 1649 1868 aliundesane,

107 1880 190 1940 λεόιλιν
203 1880 320 1959 δύναμιν
334 1881 381 1940 καὶ
396 1883 484 1958 μεῖζον
497 1877 546 1939 ”ri
559 1877 652 1960 θάρσος
664 1883 701 1947 ὡς
718 1879 785 1962 trip
799 1883 878 1941 αὐτοῦ
933 1900 1014 1957 quam
1023 1901 1097 1942 exeo
1110 1879 1182 1959 quod
1196 1880 1231 1940 de
1243 1880 1435 1957 resurrectione
1452 1880 1551 1939 certior
1563 1881 1651 1940 factm

109 1974 256 2046 ἀποθανεῖν,
279 1970 327 2031 καλ
340 1975 380 2052 τῷ
400 1972 507 2052 σταυρῷ
526 1969 597 2029 κατθ
614 1974 731 2053 κεφαλῆς
743 1994 877 2053 προσομι-
933 1983 1014 2030 esset.
1025 1973 1095 2031 Cum
1106 1971 1266 2031 enimilinm
1277 1970 1650 2051 vidisset,atquealioquutus

108 2066 190 2135 λῆεαι.
212 2064 305 2125 Ὅταν
320 2064 408 2124 τοίνυν
428 2064 486 2143 ἴδῃς
501 2063 548 2123 καλ
567 2072 666 2140 σημεῖα
683 2061 790 2142 μείζονα
805 2064 877 2144 γινό-
931 2076 1010 2140 essu,
1025 2060 1112 2140 deque
1125 2063 1206 2123 rebus
1220 2063 1318 2123 suturis
1328 2063 1410 2124 verba
1420 2064 1560 2125 facientem
1570 2065 1650 2126 audi·

109 2179 182 2233 μινα,
195 2155 244 2214 καλ
257 2154 320 2224 τοθς
335 2154 454 2231 μαθητάς
464 2153 574 2215 πλείονα
585 2155 762 2234 κεκτημένους
774 2156 876 2217 εὔνοιαν
893 2212 918 2255 tt
931 2150 1005 2231 isset,
1020 2153 1072 2213 hae
1084 2154 1118 2214 de
1131 2176 1210 2213 causa
1222 2167 1349 2232 tanquam
1362 2155 1390 2214 in
1404 2156 1522 2234 qratiam
1529 2155 1649 2217 hominis

108 2247 161 2327 τιρλ
179 2247 260 2306 αὐτὸν
276 2246 340 2314 τοθς
352 2245 480 2327 πρότερον
492 2246 717 2324 ἐγκαταλιπόντας
728 2246 815 2321 αὐτὸν,
830 2247 876 2308 καλ
893 2268 915 2314 Α
928 2245 987 2326 jam
1012 2247 1128 2307 viventis
1152 2246 1305 2328 pericnlum
1332 2246 1428 2323 adiret,
1455 2247 1493 2307 ita
1524 2270 1552 2308 se
1568 2249 1647 2308 malis

107 2338 254 2418 παρρησίαν
288 2338 396 2416 μείζονα
427 2335 672 2414 ἐπιδεικνυμένους,
696 2337 741 2396 καί
773 2362 877 2398 παντα-
931 2338 1057 2398 omnibus
1073 2337 1229 2420 objiciebat,
1252 2352 1345 2419 utpote
1366 2339 1413 2417 qui
1435 2341 1530 2421 majori
1545 2342 1647 2402 virtute

107 2430 175 2509 γόθεν
197 2429 392 2510 λαμπρονίραν
412 2427 552 2508 γινομένην
573 2433 626 2489 τῶν
644 2429 810 2511 πραγμάτων
827 2430 875 2503 τὴν
931 2429 1118 2489 corroboratus
1133 2443 1200 2490 esset
1210 2430 1425 2508 oonfidentraque
1437 2432 1548 2513 majori:
1560 2432 1600 2493 sie
1616 2447 1685 2495 ute
1673 2460 1800 2511 imque·

108 2521 263 2596 μεταὸσλὴν,
285 2520 333 2580 καλ
355 2519 401 2579 tet
421 2520 453 2581 εδ
471 2521 738 2602 πεπαῤῥησιασμόνον
751 2522 797 2581 και
812 2545 876 2603 ραι·
929 2541 980 2602 pm
994 2521 1053 2602 ipso
1073 2534 1186 2580 mortem
1204 2534 1351 2602 oppeteret,
1368 2535 1394 2580 et
1417 2524 1490 2582 ornei
1509 2525 1673 2628 ’,γοερίιε
1617 2525 1676 2587 in‘?
1654 2515 1757 2558 ”⁰¹¹⁰
1706 2530 1799 2621 affl:

108 2611 159 2693 δραι
179 2611 349 2694 προελθόντι
373 2609 495 2686 ἅπαντα,
521 2611 636 2690 μάνθανε
657 2613 692 2671 δι’
719 2615 858 2684 αὐτῆς
821 2637 875 2674 των
929 2624 1030 2671 terram
1042 2633 1121 2672 verso
1131 2612 1295 2692 affigeretur.
1305 2613 1373 2672 Cum
1382 2633 1446 2692 erqo
1462 2616 1575 2694 majora
1586 2590 1673 2676 fieri
1654 2576 1703 2684 rii

106 2704 320 2783 πραγμάτων
284 2728 336 2775 της
357 2703 467 2785 πείρας,
495 2704 537 2764 ότι
556 2707 585 2764 σθ
605 2702 686 2784 μέχρι
706 2705 819 2765 θανάτου
840 2704 876 2765 τά
930 2704 1008 2785 signa
1024 2703 1134 2780 videris,
1149 2719 1175 2764 et
1191 2705 1341 2786 discipulos
1361 2705 1458 2786 majori
1482 2727 1546 2767 eum
1560 2706 1646 2768 bene-

107 2793 206 2853 κατὰ
180 2817 228 2855 τον
238 2794 360 2876 Χριστόν
374 2795 486 2874 ἔμεινεν,
501 2795 569 2855 ἀλλὰ
580 2795 723 2864 ἀνάστασις
734 2796 811 2857 αὐτόν
824 2799 876 2857 διε-
930 2796 1048 2858 volentia
1062 2818 1120 2857 esse
1130 2797 1292 2879 complexos,
1304 2797 1351 2877 qui
1361 2797 1436 2878 prius
1446 2818 1508 2857 eum
1521 2798 1647 2862 deserue-

107 2885 200 2962 tem,
214 2889 264 2947 καὶ
277 2890 311 2967 ζῇ
323 2887 370 2946 καλ
386 2887 459 2964 μάντι
476 2887 625 2958 διηνεκῶςό
640 2887 798 2967 σταυρωθεὶς
808 2889 878 2959 Θεδς
929 2902 999 2965 rant,
1013 2902 1040 2948 et
1049 2888 1178 2968 majorem
1189 2887 1318 2948 fiduciam
1330 2909 1385 2970 prae
1395 2910 1424 2948 se
1431 2891 1509 2965 serre,
1527 2892 1601 2952 omni
1611 2914 1647 2954 ex

107 2979 288 3046 άνελλοίωτος.
303 2981 347 3038 Οὐ
358 2976 412 3058 γάρ
425 2976 456 3036 δν
472 2980 495 3036 εἰ
510 2977 547 3057 μὴ
564 2977 660 3052 ἀνέστη
674 2980 720 3038 καί
735 2980 796 3053 ίζη,
812 2980 875 3058 μεί-
928 2980 1184 3060 parteillustriorem
1195 3002 1284 3040 rernm
1291 2981 1645 3062 faemmossemutationetn,

107 3067 159 3133 ίεεα
174 3065 245 3145 μετὰ
266 3072 355 3126 ταῦτα
369 3075 468 3145 σημεῖα
484 3066 638 3146 εἰργάσαντο
651 3071 676 3126 οἱ
692 3068 809 3145 μαθηταί
820 3074 873 3130 τῶν
929 3073 1072 3150 omniaque
1080 3072 1174 3132 tutiori
1182 3071 1370 3153 acjucundiori
1379 3094 1435 3132 esse
1443 3072 1469 3132 in
1478 3087 1548 3133 statu
1559 3075 1646 3135 collo·

107 3155 209 3236 πρόταῑ
222 3163 344 3238 σταυροῦ·
356 3157 510 3235 γινομόνων.
532 3157 601 3218 Τότε
615 3157 727 3241 με’νγθιρ
740 3159 875 3219 assonet
929 3178 998 3237 cata,
1011 3177 1070 3223 tum
1082 3163 1141 3245 ipso
1152 3185 1242 3224 rernm
1254 3163 1440 3246 exporimto
1450 3186 1587 3245 cognosce
1601 3189 1644 3228 res

108 3250 127 3305 εί
144 3248 266 3324 μαθηταὶ
284 3247 473 3364 ίγκατάλιπον·
493 3273 549 3309 νυνι
538 3249 633 3310 ”δί
604 3254 675 3330 αυτῷ
692 3250 768 3325 καλή
785 3255 874 3313 οίκου-
929 3256 1030 3316 Christi
1040 3276 1092 3315 non
1101 3278 1159 3317 esse
1167 3257 1262 3316 mortis
1274 3257 1376 3318 fimbus
1384 3258 1584 3337 circumclusas,
1596 3259 1645 3320 sed

110 3337 166 3415 μάνη
189 3340 354 3421 προστρέχει
383 3341 491 3414 άπασα,
512 3341 559 3402 καί
578 3343 639 3424 οὐχί
661 3309 763 3427 Πίτρος
786 3344 874 3423 μόνοιν,
892 3348 1200 3410 ιιιοευιτοοιίοιιεωὶίίί
1215 3349 1380 3425 successisse,
1390 3372 1422 3410 ae
1436 3351 1536 3422 vivere,
1550 3373 1645 3432 super-

110 3431 168 3491 όλλά
181 3434 229 3492 καλ
250 3433 338 3514 άτεροι
352 3434 455 3515 μυρίοι,
472 3435 517 3494 καὶ
530 3438 621 3518 πολλερ
635 3436 715 3498 πλέον
732 3438 799 3516 μετὰ
816 3440 873 3498 Πί
926 3440 1068 3519 stitemque
1086 3454 1215 3521 perpetuo
1237 3441 1399 3501 crucifixum
1423 3464 1530 3501 manere
1554 3445 1644 3503 Deum

109 3528 224 3602 τρωτεῖνν
244 3528 298 3605 ὠχ
311 3526 466 3606 ἑωρακότων
481 3527 557 3587 αὐτόν
576 3495 723 3608 τάςψυχδς
738 3530 874 3591 ἐπέδωκαν
927 3531 1135 3606 immutabilem,
1150 3533 1338 3591 immortalem.
1361 3534 1454 3632 Neque
1472 3533 1545 3592 enim
1558 3533 1643 3593 disci-

110 3612 344 3695 τάεὶωτωνόπὲρ
358 3615 470 3691 ἐκείνοιν,
490 3618 536 3677 καί
549 3617 597 3686 τθις
616 3618 731 3699 κεραλθις
750 3622 872 3699 ἀπετμή-
927 3619 1002 3698 puli,
1031 3619 1083 3678 nisi
1107 3620 1296 3678 resurrexisset
1320 3641 1352 3679 ao
1386 3621 1506 3696 viveret,
1540 3622 1643 3701 majora

112 3706 192 3777 ιγσαν,
206 3706 255 3766 καλ
271 3706 355 3788 μυρία
376 3706 471 3769 ἔπαθον
489 3708 612 3782 δεινό,”
592 3732 661 3769 ωστε
683 3710 731 3784 τὴν
745 3715 781 3779 εἰς
795 3714 873 3773 αὐτόν
926 3722 1019 3790 postea
1040 3709 1171 3768 miracula
1198 3722 1359 3790 patrassent,
1395 3731 1476 3788 ρυειιι
1501 3732 1561 3790 qua
1583 3733 1644 3772 cru·

112 3797 242 3909 θρελογίαν
256 3802 321 3877 ὑγιῆ
335 3798 446 3861 καίακί
446 3824 518 3880 ραιον
533 3801 641 3882 ἔχοντες
655 3805 786 3864 ἀπελθεῖν.
809 3807 873 3873 Πῶς
927 3822 986 3861 cem
1012 3815 1209 3882 precesserant
1236 3802 1306 3861 Nam
1330 3816 1389 3861 tum
1414 3803 1543 3883 temporis
1561 3804 1643 3865 etiam

113 3877 339 3971 άνόνεκρὸςκελ
355 3891 479 3972 ἐντῷ’
445 3917 521 3974 ταρῳ
535 3893 659 3971 μίνων,“
644 3919 680 3963 ως
693 3919 724 3954 συ
710 3886 869 3975 ἣνλέγεις,
849 3922 871 3956 ω
925 3892 1056 3973 discipuli
1086 3893 1252 3971 reliquerunt
1276 3914 1368 3953 eum:
1360 3895 1450 3974 .jam
1476 3916 1542 3955 vero
1570 3911 1643 3957 totus

113 3976 225 4056 Ίαιδαῖε,
247 3981 379 4054 τοσαύτην
393 3983 438 4041 καλ
452 3986 478 4041 ἐν
502 3992 555 4052 τοῖς
576 4007 627 4062 μετ
627 3984 759 4053 ’ἐκείνους
773 3987 871 4047 ἅπασιν
926 3984 962 4044 ad
973 3985 1053 4044 illum
1064 3984 1137 4044 orbis
1150 3997 1282 4045 terrarum
1297 3986 1422 4062 accurrit,
1444 4007 1531 4065 noque
1547 3992 1642 4050 Petrus

113 4070 252 4141 ίτεδείξατο
264 4073 315 4145 τὴν
330 4073 524 4153 ίσχυνκαλτλν
538 4075 809 4154 δύναμιν,πείθυεν’
780 4078 873 4148 αυτους
926 4073 1084 4150 solnm,sed
1098 4088 1124 4134 et
1141 4073 1285 4150 millealii,
1310 4095 1342 4134 ac
1355 4031 1441 4136 mulio
1466 4078 1557 4159 plures
1581 4095 1643 4161 post

114 4162 269 4242 εὖτὀνμόνον
279 4174 447 4248 προσκυνεῖν,
460 4167 505 4226 καὶ
516 4167 604 4227 πάντα
617 4173 748 4250 αἱρεῖσθαι
760 4173 872 4249 θπομεῐ-
926 4166 1049 4242 Petrum,
1071 4187 1106 4225 ex
1119 4165 1175 4227 illis
1196 4166 1244 4244 qui
1268 4166 1348 4225 illum
1370 4166 1481 4243 minime
1504 4168 1641 4243 viderunt,

71 4334 76 4341 ·
112 4277 147 4312 νει
164 4257 209 4316 καὶ
228 4258 346 4338 πάσχειν
365 4258 432 4340 ὑπὲρ
453 4266 500 4320 τοῦ
518 4260 555 4337 μὴ
573 4260 621 4334 τὴν
639 4261 728 4322 πίστιν
741 4263 872 4323 ἀπολέσαι
925 4257 1029 4317 animas
1038 4279 1088 4339 pru
1101 4258 1218 4317 illosuas
1228 4260 1516 4340 exposuerunt,capite
1525 4263 1643 4322 truncati

112 4344 151 4416 τὴν
170 4351 205 4416 εἰς
220 4350 300 4408 αὐτόν
310 4374 319 4422 ;
331 4348 414 4432 Ὁρᾷς
427 4350 472 4410 διὰ
486 4352 593 4411 πάντων
606 4357 677 4433 παρῆ
693 4356 742 4425 τῆς
757 4355 872 4415 ἀναπεί·
925 4364 999 4426 sunt,
1013 4365 1040 4410 ει
1053 4350 1192 4409 innumera
1202 4363 1264 4407 sunt
1275 4350 1346 4408 mala
1356 4351 1485 4431 perpessi,
1497 4364 1527 4410 ut
1537 4351 1642 4432 integra

112 4459 167 4506 τινες
177 4440 226 4512 τὴν
241 4441 382 4514 ίπόδειξιν,
400 4441 445 4501 διὰ
461 4447 515 4503 τῶν
527 4445 643 4522 σημείων
654 4449 706 4504 τῶν
721 4445 798 4521 τότε,
818 4450 871 4506 τῶν
889 4458 908 4508 c
925 4455 951 4500 et
965 4441 1049 4500 illoesa
1067 4441 1153 4522 ipsius
1164 4439 1327 4499 confessione
1347 4455 1454 4521 possent
1472 4463 1507 4500 ex
1518 4442 1569 4502 hac
1582 4443 1640 4503 vita

111 4532 157 4600 νῦν,
179 4531 224 4590 διὰ
242 4537 291 4605 τῆς
313 4532 414 4603 εὐνοίας
433 4538 485 4594 τῶν
506 4539 631 4614 μαθητῶν
648 4539 701 4595 τῶν
723 4537 799 4613 τότε,
817 4544 871 4600 τῶν
924 4532 1072 4592 discedere.
1090 4528 1237 4607 Quomodo
1247 4549 1310 4609 erqo
1320 4530 1344 4590 is
1354 4532 1532 4609 quimortuus
1545 4547 1602 4593 erat
1615 4549 1640 4594 et

111 4624 156 4693 ἡ,
174 4621 218 4682 &a
235 4626 289 4683 τῶν
309 4625 477 4685 meumst„
501 4619 539 4693 οἷς
559 4628 707 4689 διετέλεσαν
722 4633 747 4689 οι
761 4631 871 4692 mmu-
924 4623 1048 4704 sepulcro
1070 4622 1222 4697 oonclusus,
1239 4635 1270 4679 ut
1293 4634 1324 4679 tu
1346 4621 1425 4698 dicis,
1449 4644 1466 4683 ο
1487 4623 1591 4701 Judaee,
1610 4627 1639 4687 in

112 4731 205 4787 οεντεςς
217 4713 312 4773 nona
331 4716 377 4774 καὶ
393 4715 454 4784 τὼς
470 4716 578 4800 ἐχθροὺς
593 4719 655 4779 ἰδεῖν
667 4720 868 4800 περαὸημέυως
924 4716 1050 4776 omnibus
1061 4715 1107 4793 qui
1113 4714 1219 4791 sequuti
1230 4727 1293 4772 sunt
1303 4713 1365 4772 illos
1375 4727 1477 4774 tantam
1490 4716 1549 4776 vim
1563 4717 1641 4776 exhi·

112 4802 179 4860 αὐτοῦ
190 4802 239 4876 τὴν
254 4805 330 4885 ἰσχὺν
343 4806 390 4866 καί
409 4807 457 4879 τὴν
472 4807 591 4886 δύναμιν,
606 4810 653 4869 καὶ
663 4813 754 4893 πολλῷ
769 4817 870 4891 μᾶλλον
923 4807 984 4867 buit
1007 4821 1161 4884 tantamque
1183 4804 1325 4880 virtutem,
1350 4819 1380 4863 ut
1399 4805 1437 4864 eis
1459 4806 1639 4887 persuaderet,

114 4893 171 4966 μετά
179 4896 223 4955 τὀν
233 4898 345 4979 σταυρόν
359 4901 547 4978 άγυινιῶντας;
567 4899 662 4961 Ἄκουε
672 4901 719 4961 καὶ
731 4904 794 4986 περὶ
805 4904 868 4965 εσθ-
922 4900 1011 4959 solum
1021 4898 1101 4957 illum
1113 4910 1143 4955 ut
1149 4894 1300 4972 adorarent,
1314 4897 1458 4975 omniaque
1464 4900 1595 4960 sustinete
1607 4923 1640 4962 ao

115 5003 159 5040 Μ
176 4991 292 5054 Μῦς.
311 4993 484 5068 Θεωροῦντες
500 4989 568 5072 γὰρ,
588 4992 678 5071 ρησὶν,
699 4998 724 5054 οἱ
745 4995 868 5055 Ἰουδαῖοι
922 4989 1153 5074 perpetimalient,
1162 5008 1243 5068 quam
1252 5009 1328 5048 suam
1339 4989 1368 5048 in
1375 4989 1454 5048 illum
1465 4990 1545 5050 tidem
1559 4993 1640 5054 amit·

117 5071 208 5144 rire&
222 5080 322 5162 Πέτρον
341 5081 497 5162 παρρησίαν
511 5082 556 5142 καλ
570 5083 704 5159 Ἰωάννου,
722 5086 768 5145 καὶ
780 5111 868 5147 κατα·
921 5085 995 5146 tere?
1011 5082 1097 5145 Vides
1116 5082 1144 5142 in
1164 5080 1290 5143 omnibus
1314 5094 1414 5142 certam
1437 5085 1640 5147 resurrectionis

148 5243 158 5279 ⁵
171 5244 233 5300 Coib·
241 5259 267 5307 τδ
277 5260 371 5323 θάρσος·
383 5257 425 5306 εὖτ
436 5259 464 5306 ἂν
476 5257 600 5311 uatem
611 5260 704 5325 δύναμιν
714 5263 794 5314 ἔλαθεν
805 5264 870 5330 παρά
882 5266 920 5313 τοῦ
933 5264 1010 5330 νεκροῦ
1020 5263 1057 5311 και
1066 5265 1172 5325 μένοντος
1184 5264 1206 5311 ιε
1215 5269 1246 5325 τῷ
1259 5264 1361 5326 θενάτρ’
1376 5263 1432 5311 όταν
1443 5259 1480 5312 οὖν
1491 5261 1547 5328 nse
