3764 5992
740 497 919 546 narsrota.
1413 452 1422 473 ⁴
1532 478 1603 556 625

68 640 123 687 νος,
134 615 161 683 ὃς
175 617 273 684 άδίκως
284 616 501 677 θποκαθίσταται,
516 617 552 679 '0
565 642 591 678 τι
602 638 648 678 και
637 618 760 701 '‘”ttspl
727 644 775 693 της
786 625 839 680 τῶν
846 619 883 659 ⁵²⁴
855 641 955 721 non
941 634 1046 719 potest
1056 642 1113 683 esse
1125 621 1204 703 isqui
1215 623 1315 707 injuste
1325 625 1507 688 substituitur.
1511 627 1605 701 Quan-

68 708 185 769 κανόνων
197 710 407 789 παραφυλακης,
424 708 524 778 τούτοις
538 710 590 769 δεῖν
611 710 719 770 ἔπεσθαι
736 712 838 794 γράφο-
855 673 948 772 tuni
959 713 995 773 ad
1005 735 1135 774 canonum
1147 717 1345 777 observantiam
1357 719 1461 794 attinet,
1473 720 1538 781 solis
1548 720 1606 782 illis

69 823 127 876 μεν,
143 799 235 867 οἵτινες
254 805 281 861 ἐν
303 802 403 862 Νικαία
421 803 487 861 εἰσίν
510 803 668 881 ὡρισμίνοι,
692 795 786 872 οἷς’
751 827 840 884 μονοις
888 805 1037 886 parendum
1061 806 1179 868 dicimus
1204 810 1253 888 qui
1275 810 1372 869 Nicaea
1394 808 1501 870 definiti
1522 825 1604 872 sunt:

67 891 167 970 θρειλει
180 891 385 965 ἐξακολουθεῑνή
399 894 525 966 καθολικὴ
540 893 706 968 Ἐκκλησία,
722 895 768 955 καί
780 894 838 954 τού·
888 918 956 976 quos
974 898 1045 957 solos
1067 898 1163 959 sectari
1176 913 1201 958 et
1214 920 1357 980 agnoscere
1375 901 1455 961 debet
1473 902 1606 964 catholica

66 1005 127 1050 τους
140 984 284 1064 γνωρίζειν.
299 987 333 1044 Εἰ
347 985 375 1044 δὲ
388 984 474 1066 ἕτεροι
485 985 537 1045 θπό
555 1009 633 1045 τινων
647 987 837 1068 προφέρονται,
889 988 1019 1051 Ecclesia.
1033 991 1115 1062 Quod
1128 992 1151 1050 si
1161 1013 1176 1050 a
1185 992 1348 1071 quibusdam
1365 992 1413 1052 alii
1424 995 1604 1076 proferantur,

66 1074 160 1144 οίτινες
176 1078 277 1137 άπδ
242 1101 294 1136 των
309 1080 425 1138 κανόνων
446 1081 525 1136 τῶνά
512 1076 652 1138 άνΝικαία
643 1081 838 1162 διαφωνοῦσι,
888 1080 936 1158 qui
953 1083 1101 1142 aNtctenis
1113 1083 1259 1144 canonibus
1276 1083 1413 1160 differant,
1425 1087 1499 1145 etab
1519 1085 1605 1148 baem·

67 1167 114 1225 καί
138 1170 190 1229 θπδ
214 1172 353 1250 αἱρετικῶν
376 1169 529 1250 ἐλέγχονται
553 1172 742 1253 συντετάχθαι,
767 1162 838 1231 οὗτοι
890 1172 949 1232 ticis
969 1175 1109 1277 compositi
1128 1197 1185 1234 esse
1209 1191 1368 1256 arguantur,
1381 1131 1413 1236 hi
1430 1199 1447 1238 a
1466 1178 1604 1241 catholicis

65 1282 105 1316 πα
108 1257 198 1338 ρὰ
163 1282 215 1317 των
233 1283 267 1319 κα
270 1264 379 1321 θολικῶν
402 1261 553 1321 ἐπισκόπων
569 1261 782 1323 άποόαλλωνται.
793 1263 838 1325 Τὰ
888 1262 1021 1346 episcopis
1035 1265 1174 1346 rejiciendi
1187 1280 1258 1326 sunt.
1270 1268 1339 1326 Nam
1354 1268 1459 1345 quaeab
1472 1268 1605 1332 hereticis

64 1349 119 1431 γὰρ
132 1351 227 1410 oet*
191 1376 243 1410 των
254 1357 428 1433 αἱρετικῶν
404 1377 448 1434 ευρ
450 1353 554 1428 εθέντα,
563 1378 647 1414 ταυτα
658 1357 706 1414 οθκ
718 1354 774 1415 ἔστι
784 1364 838 1422 τοῖς
888 1366 951 1411 sunt
961 1354 1120 1434 excogitata,
1132 1355 1270 1415 catholicis
1284 1356 1431 1416 canonibus
1443 1359 1606 1440 conjungere

64 1443 214 1509 καθολικοῖς
225 1443 316 1504 κανόσι
327 1444 504 1526 προσάπτειν·
521 1400 563 1505 dil
579 1446 630 1524 γὰρ
645 1445 737 1506 διὰ
701 1469 754 1503 των
765 1449 837 1506 ἐναν·
888 1462 940 1501 non
956 1444 1018 1503 licet
1029 1466 1150 1528 :semper
1170 1447 1242 1507 enim
1261 1469 1311 1527 per
1322 1450 1455 1509 contraria
1470 1464 1496 1510 et
1509 1451 1603 1513 illicita

64 1533 128 1593 τίων
142 1535 187 1593 καὶ
198 1536 320 1613 ἀθέσμων
330 1536 380 1608 τήν
398 1539 450 1595 τῶν
470 1540 497 1596 ἰν
517 1538 618 1618 Νικαίρ
632 1543 720 1615 μειοῦν
740 1536 835 1615 βουλὴν
887 1533 1058 1596 Nicaenorum
1075 1551 1184 1619 patrum
1202 1539 1346 1599 consilium
1366 1539 1527 1603 labefactare
1545 1557 1603 1606 stu-

62 1625 206 1685 ἕθόλουσιν.
219 1629 260 1687 Oh
273 1628 351 1705 μόνον
364 1619 408 1687 σόν
418 1628 530 1706 λέγομεν
543 1627 643 1696 τούτοις
659 1629 697 1706 μὴ
711 1630 765 1687 δεῖν
778 1626 836 1696 tiu·
852 1635 871 1682 B
885 1623 960 1684 dent.
983 1629 1042 1687 Non
1057 1629 1145 1688 solum
1166 1651 1229 1710 ergo
1241 1630 1359 1691 dicimus
1373 1632 1416 1692 his
1429 1655 1482 1694 non
1495 1634 1602 1699 barren·

62 1719 205 1788 κολουθεῖν,
219 1719 289 1778 ἀλλὰ
307 1721 408 1797 μᾶλλον
427 1718 518 1786 αὐτοὺς
540 1719 607 1798 μετὰ
630 1724 767 1802 αιρετικῶν
789 1719 835 1779 καί
885 1716 1185 1797 dumessecauonibus,
1195 1743 1293 1783 verum
1304 1721 1387 1781 etiam
1396 1745 1458 1783 cum
1470 1725 1603 1791 hereticis

63 1834 251 1890 σχισματικων
270 1803 447 1927 δργμάτωνί
422 1836 489 1872 ενοιι
499 1813 703 1896 κατακριτόοος,
714 1813 835 1895 καθόπιρ
886 1822 912 1868 et
925 1810 1103 1873 schismaticis
1123 1812 1298 1894 dogmatibus
1312 1814 1527 1892 condemnandos
1540 1819 1604 1880 illos

62 1904 248 1985 καὶπρότερον
263 1906 366 1985 γε’γονεν
380 1911 455 1967 lv*
421 1932 454 1986 τῃ
472 1909 591 1989 Σαρδικῇ
605 1907 705 1988 συνόδῳ
718 1905 817 1966 tuh*
781 1931 834 1965 των
886 1921 962 1961 esse:
972 1903 1343 2010 quemadmodumetantea
1335 1907 1602 1993 tnSardicensisyn-

62 1997 116 2076 πρὸ
126 2001 202 2074 ἡαων
212 1999 373 2059 ἐπισκοπων
383 1999 427 2059 Τὰ
437 1999 489 2081 γὰρ
497 2002 584 2065 καλως
592 2005 681 2080 πραχ
668 1998 744 2058 ίντα
753 2021 834 2058 κατα
885 1992 983 2054 odoah
1001 1997 1145 2101 episcopis,
1160 1996 1283 2077 quiante
1298 2000 1480 2076 nosfuerunt,
1497 2002 1600 2064 factum

62 2087 198 2167 κρίνεσθαι
215 2091 315 2167 μᾶλλον
328 2095 471 2172 προσῆκεν,
484 2089 533 2162 ἢ
516 2113 637 2170 αντυιρυς
650 2093 703 2150 τῶν
717 2089 832 2150 κανόνων
885 2101 933 2146 est.
943 2088 1035 2148 Satius
1057 2089 1129 2149 enim
1142 2089 1224 2150 fuerit
1234 2111 1265 2149 ea
1276 2090 1520 2172 condemnatique
1530 2108 1604 2156 recte
1624 2164 1625 2167 χ

61 2180 191 2260 γενόμενα
204 2180 273 2261 ἔχειν
283 2181 343 2241 τινὰ
357 2183 534 2261 βεόαιότητα,
548 2181 655 2264 ἀδελρολ
667 2182 833 2261 τιμιόταιοι.
885 2179 1042 2254 factasunt,
1061 2202 1143 2259 quam
1156 2203 1197 2255 ec,
1213 2202 1272 2260 quae
1293 2197 1384 2242 contra
1409 2205 1522 2245 canones
1541 2203 1603 2248 acta

60 2272 144 2332 Ἀλλὰ
156 2274 183 2333 τί
196 2274 265 2334 κατὰ
275 2279 327 2335 τῶν
341 2275 465 2336 τοιοότων
479 2283 523 2335 νῦν
537 2280 564 2337 ἐν
573 2280 613 2358 τῷ
627 2276 738 2358 παρόντι
753 2276 834 2347 ποιή-
868 2322 870 2326 .
886 2283 957 2345 suut,
969 2271 1125 2331 firmitatem
1138 2271 1258 2351 aliquam
1267 2272 1397 2349 obtinere,
1410 2275 1505 2336 fretrus
1517 2277 1602 2339 bono·

61 2391 168 2444 σωμεν;
181 2366 321 2447 Ἀναγχαίσ
346 2369 402 2429 ἐστι
422 2369 561 2448 διάγνωσις
583 2368 719 2441 συνοδική,
737 2368 769 2441 ήν
787 2369 834 2429 καὶ
886 2363 1022 2423 ratissimi.
1037 2363 1093 2424 sed
1115 2362 1183 2442 quid
1204 2363 1334 2425 adversus
1354 2365 1405 2425 ista
1429 2366 1457 2426 in
1477 2371 1602 2448 presenti

59 2457 147 2517 πάλαι
169 2457 268 2538 ἔρημεν
290 2460 507 2540 συναθροιστέαν·
528 2461 595 2538 μόνη
612 2460 664 2543 γάρ
685 2465 755 2522 ίστιν
774 2461 833 2533 ἥτις
884 2455 1032 2517 faciemus?
1042 2455 1195 2515 Necessaria
1209 2457 1261 2516 erit
1271 2454 1370 2537 synodi
1382 2457 1509 2537 cognitio,
1519 2480 1602 2538 quam

60 2549 171 2609 δύναται
184 2551 231 2618 τὰς
245 2552 360 2623 κινήσεις
373 2556 425 2610 τῶν
443 2552 567 2612 τοιούτων
587 2553 759 2612 καταστεῖλαι
780 2575 832 2612 κα·
880 2548 939 2629 jam
963 2547 1069 2630 pridem
1097 2547 1310 2628 congregandum
1337 2570 1395 2616 esse
1417 2548 1601 2613 diximusres

59 2640 201 2719 ταιγίδων·
215 2633 247 2712 ἧς
261 2641 304 2701 ἵνα
315 2643 447 2722 τύχωμεν,
460 2643 592 2725 χρήσιμόν
602 2647 658 2704 ἐστι
672 2644 738 2712 τίως
749 2649 831 2726 ὓπερ-
884 2641 986 2722 quippe
998 2640 1055 2700 sola
1073 2654 1112 2700 cst
1129 2661 1189 2719 quae
1203 2652 1371 2721 tempestates
1382 2639 1539 2722 hujusmodi
1553 2664 1601 2705 se·

57 2731 177 2792 τίθεσθαι
190 2733 239 2806 τὴν
253 2733 370 2814 ἰατρείαν
387 2739 419 2813 τῇ
439 2736 562 2813 βουλήσει
575 2742 621 2795 τοῦ
635 2736 752 2815 μεγάλου
760 2738 831 2796 Θεοῦ
848 2731 948 2796 cdare
961 2733 1044 2814 possit
1055 2753 1153 2811 :quam
1173 2745 1203 2790 ut
1222 2731 1401 2808 obtineamus,
1422 2753 1437 2791 e
1457 2754 1487 2793 rc
1505 2734 1600 2810 luerit,

58 2825 164 2883 καὶτοῦ
180 2826 296 2904 Χριστοῦ
310 2829 389 2885 αὐτοῦ
402 2832 447 2884 τοῦ
460 2827 557 2937 Κυρίου
571 2831 658 2905 ήμῶν.
672 2827 768 2886 Πάντα
782 2827 831 2888 ὅσα
884 2836 915 2883 ut
930 2823 1029 2882 borum
1042 2823 1177 2883 malorum
1195 2823 1345 2883 temedium
1364 2846 1399 2883 ex
1418 2839 1487 2885 nutu
1508 2827 1601 2931 magni

58 2908 103 2975 οθν
120 2920 158 2995 τῷ
171 2915 257 2997 φθόνῳ
271 2940 317 2978 του
300 2916 452 2977 διαθολου
462 2918 526 2999 πρὸς
540 2918 637 2992 τλν
601 2943 654 2978 των
672 2924 772 2980 πιστῶν
787 2922 832 2981 δσ-
883 2915 935 2974 Dei
954 2929 980 2975 et
993 2914 1130 2975 Christi
1106 2936 1164 2996 epus
1186 2930 1382 2996 exspectemus.
1399 2916 1534 2976 Omnia'
1512 2918 1598 2998 siqui-

57 3007 186 3087 κιμασίαν
198 3007 405 3088 τετάρακται
407 3010 592 3089 ραϋνθήσεται·
607 3008 679 3071 osolt
694 3010 831 3092 δρειλομεν
882 3004 1302 3087 demquaeuuncperinvidiam
1313 3004 1415 3066 diaboli
1431 3006 1466 3066 ad
1475 3007 1600 3071 fidelium

57 3105 92 3181 τῇ
107 3101 311 3181 στερρότητι
278 3126 326 3173 της
339 3101 453 3168 πίστεως
464 3102 538 3181 παρὰ
553 3125 600 3161 του
583 3101 711 3185 Κυρίου
720 3104 831 3165 ἀπελπί-
882 3089 1068 3179 probationem
1081 3111 1214 3157 commota
1232 3111 1306 3175 sunt,
1329 3097 1512 3178 pacabuntur3
1526 3100 1601 3164 firmi

59 3216 114 3252 σαι.
128 3193 184 3253 Καὶ
199 3193 250 3274 γὰρ
265 3199 343 3272 ἡμεῖς
363 3193 449 3253 πολλὰ
470 3195 665 3274 exscriptori
665 3218 678 3252 ν
695 3220 791 3277 τροπον
812 3203 829 3268 ἡ
881 3212 914 3249 ac
930 3189 1066 3250 stabiles
1058 3212 1086 3249 ιιι
1102 3189 1157 3249 fide
1176 3188 1274 3249 nihilo
1296 3189 1412 3250 Domino
1426 3212 1479 3250 non
1493 3214 1601 3274 sperare

58 3283 163 3351 σόνοδος
177 3284 344 3364 σίκουμενικὴ
357 3310 443 3367 συναχ
443 3285 515 3360 θ,είη
523 3285 594 3353 ὅπως
607 3311 640 3366 τῃ
623 3287 831 3367 βουλνσει
785 3313 830 3349 του
881 3281 1186 3342 (18118111111110511111111
1206 3281 1324 3341 multum
1338 3281 1600 3363 118111101111111511110·

57 3378 129 3438 Θεου
142 3380 169 3435 αἱ
183 3376 346 3462 ταραχώδεις
359 3378 473 3451 κινήσεις
487 3377 653 3439 παύσωνται.-
661 3377 829 3458 Ὑπομείνω-
881 3373 962 3434 1110110
975 3371 1137 3433 (1011181111
1150 3371 1270 3454 5711011115
1283 3372 1476 3433 celebranda
1452 3387 1497 3448 811,
1512 3388 1542 3434 ul
1552 3397 1601 3456 per

57 3492 107 3545 μεν
119 3491 163 3526 ουν
173 3467 255 3544 τίως
270 3468 316 3527 καὶ
328 3494 366 3527 τω
352 3491 459 3549 τειχει
472 3494 519 3539 της
533 3475 665 3547 ὑπομονης
665 3470 828 3552 ’ὀχυρούμε-
881 3466 1046 3525 voluntatem
1079 3464 1130 3523 Dei
1159 3464 1308 3523 turbulenti
1340 3476 1430 3524 motus
1460 3463 1597 3526 sedentur

56 3583 97 3618 νοι
102 3556 275 3638 ,ἐλπίσωμεν
294 3559 382 3619 πάντα
406 3564 525 3639 τῇσηθβ
512 3559 569 3643 θεία
592 3567 638 3620 τοῦ
660 3563 730 3620 Θεοῦ
752 3566 828 3639 ήμῶν
881 3555 1093 3640 Exspectcmus
1086 3569 1175 3635 usquc
1187 3569 1326 3638 tantisper
1337 3570 1362 3615 et
1373 3570 1508 3637 paucnuae
1519 3579 1599 3619 muro

57 3652 316 3720 ἀποκατασταθῆναι.
329 3649 423 3708 Πάντα
406 3584 464 3710 τῃδὲ
475 3650 526 3711 ὅσα
537 3657 605 3730 ὑμᾶς
620 3650 777 3733 ὑφίστασθαι
793 3657 829 3712 cl·
881 3648 1051 3719 communiti,
1066 3661 1162 3708 cuncta
1173 3649 1275 3709 auxilio
1290 3649 1341 3709 Dei
1355 3646 1519 3709 restituenda
1542 3672 1598 3712 esse

57 3741 171 3823 ρήκατε,
185 3742 229 3802 καί
246 3740 372 3824 πρότερον
387 3743 588 3823 συνδραμόντων
602 3747 638 3810 εῖς
655 3744 703 3817 τήν
717 3745 827 3827 Ῥώμην
881 3761 1028 3822 speremus.
1041 3739 1140 3799 Omnia
1161 3760 1241 3820 porro
1255 3761 1314 3817 quae
1325 3761 1376 3801 vos
1391 3740 1510 3820 perferre
1522 3740 1597 3802 dixi-

55 3840 108 3894 τῶν
118 3836 253 3917 ἡμετέρων
270 3835 479 3908 συνεπισκόπων,
490 3839 513 3894 εἰ
526 3835 572 3894 καὶ
585 3834 619 3892 τὰ
636 3835 751 3912 μάλιστα
771 3841 828 3900 δια·
845 3857 864 3905 ι)
879 3835 939 3912 stis,
949 3835 1008 3915 J'am
1027 3844 1105 3892 antea
1119 3853 1135 3890 a
1155 3831 1318 3912 coepiscopis
1340 3833 1387 3911 qui
1407 3833 1520 3893 Romam
1533 3832 1598 3896 licet

54 3928 143 4009 φόροις
160 3928 276 4008 χρόνοις,
295 3926 603 4008 τουτέστιΔημητρίου,
617 3929 827 4008 Κυριακσῦ,Εθ·
880 3928 998 3991 diversis
1017 3922 1182 4006 temporibus
1204 3924 1391 4004 confugerunt,
1413 3923 1441 3983 id
1454 3938 1523 3990 ests
1541 3929 1596 3987 De·

54 4019 161 4093 λυαίου,
178 4020 224 4080 καὶ
246 4019 414 4093 Παλλαδίου,
429 4018 521 4088 οἵτινες
540 4019 638 4080 σύνεισι
666 4022 725 4098 μεθ’
739 4023 826 4100 ἡμῶν,
880 4021 986 4095 metrio,
998 4017 1132 4100 Cymaeo,
1155 4015 1285 4097 Eulysio,
1299 4029 1325 4075 et
1338 4015 1472 4093 Palladio,
1486 4018 1534 4096 qui
1547 4039 1595 4080 no-

54 4110 144 4196 τελιῖρ
157 4111 283 4193 ἐρωτήσει
295 4111 494 4191 μεμαθήκαμεν.
879 4111 984 4172 hiscum
1004 4122 1078 4191 sunt,
1094 4107 1254 4170 sciscitando
1267 4107 1347 4189 plane
1368 4128 1594 4190 compereramus.
