3764 5992
125 395 193 492 762
457 416 486 464 s.
515 415 654 464 ruamus
679 412 862 463 cuursosr.
887 412 1043 462 suenum.
1072 404 1344 464 consumamur.

348 644 474 702 LXXII.
492 640 618 721 Alphio
856 635 874 682 Ε
1188 634 1237 696 σθ’.
1259 633 1369 716 Ἀλφίιρ.

6 837 34 868 ⁶⁰
35 838 116 870 ⁸⁸⁸⁸⁸
165 822 225 884 Etsi
244 823 407 905 proculate
430 819 544 903 sejuncti
569 837 674 892 sumus,
696 827 785 874 tamen
808 829 839 868 ea
930 813 1024 895 Ημεις
1035 819 1059 875 εἰ
1071 817 1117 876 καί
1127 817 1218 898 πορρ
1196 814 1450 894 ωσουκαθημεθα,
1461 808 1561 870 ἀλλ’
1547 805 1669 870 nuhaa&

1 882 67 948 ’Μ’
122 936 258 997 quaecum
268 914 347 975 laude
360 915 442 996 geris,
460 928 539 994 atque
555 909 690 990 ingentem
701 903 839 965 eamlibe·
891 929 937 967 σου
952 907 986 968 τὰ
999 909 1207 990 κατορθώματα,
1219 909 1264 970 καί
1275 908 1325 982 τὴν
1335 904 1446 976 πολλὴν
1462 900 1668 982 μεγαλαθεχίπ,

123 1007 266 1087 ralrtatem,
276 1030 329 1088 qua
343 1029 371 1067 ιιι
383 1021 490 1087 egentes
502 1018 596 1082 uterrs,
609 999 760 1074 audientes,
772 1015 839 1076 gau
889 999 995 1071 ἣνί
935 1023 984 1083 περ
1003 1000 1063 1070 τους
1079 1002 1215 1078 δεουενσυς
1227 1000 1429 1071 ἐπιδείκνυσαι
1449 997 1620 1106 σκιμτῶμεν,
1631 1015 1669 1049 ευ

123 1099 209 1161 diuet
227 1100 320 1161 laetitia
337 1100 513 1161 exsultamus
528 1099 566 1155 Ac
585 1092 665 1154 uobis
686 1086 817 1170 quidem
809 1107 837 1144 m
890 1025 1052 1173 ρραινίμεθα
1062 1139 1072 1171 ,
1083 1094 1221 1176 χαίρομεν.
1234 1094 1288 1155 Καί
1304 1087 1523 1169 ίθουλόμεθσ
1490 1113 1544 1166 μεν
1559 1087 1605 1146 καί
1619 1110 1663 1144 κστ

120 1192 193 1254 votis
215 1207 294 1271 esset,
321 1207 348 1252 te
367 1212 474 1271 quoque
496 1186 653 1261 convenire,
674 1184 950 1266 magnasquefflaw
961 1195 1098 1267 συντυχεῖν
1110 1193 1199 1268 σαυτῇ
1212 1187 1363 1267 τιμιότητι,
1378 1184 1427 1243 καί
1442 1181 1558 1247 πολλὰς
1570 1203 1671 1259 παρῶσι

119 1286 246 1369 presenti
267 1285 368 1367 gratias
386 1305 474 1366 agere.
489 1281 626 1357 Quoniam
636 1291 726 1337 autem
741 1271 816 1333 id
781 1293 834 1332 mr·
853 1277 1023 1360 Απαρόντας
1039 1281 1203 1359 ὁμολογῆσαί
1222 1304 1263 1340 σο,
1281 1280 1335 1359 731,
1322 1301 1406 1357 ,m
1421 1274 1548 1346 Ἐπειδὴ
1564 1272 1592 1333 δὲ
1606 1279 1671 1330 τηιςι

119 1377 193 1438 nime
214 1377 294 1455 lioet;
286 1377 424 1437 Ἰεσσαίου
447 1376 520 1436 euim
541 1373 611 1433 mula
633 1372 833 1452 ingravescunt,
888 1369 954 1438 τίιυς
969 1375 1017 1433 οὐκ
1036 1373 1087 1448 ἔνι,
1108 1371 1195 1434 nt
1171 1396 1202 1433 τσ
1219 1372 1255 1433 τὰ
1272 1369 1414 1451 Ἰσαυρικθ
1436 1367 1491 1446 μὶν
1521 1370 1672 1436 ἐπιταθῆναι

118 1483 201 1550 atque
215 1470 619 1547 omnesviaeinterclusaesunt,
630 1485 680 1524 uec
692 1461 765 1523 enim
778 1459 834 1520 du·
887 1463 978 1539 πλέον,
1000 1465 1045 1523 καί
1065 1474 1154 1526 πᾶσαν
1169 1464 1385 1544 ἀπστετειχίσθαι
1400 1459 1452 1534 τὴν
1469 1457 1560 1519 ὁδόν·
1581 1448 1672 1568 ευγίρ

118 1559 835 1643 bito,qumalioquihueipseaeoessisses‚magnum·
888 1543 937 1614 οἶδ’
951 1553 992 1614 ὅτι
1010 1559 1033 1615 εἰ
1055 1556 1092 1634 μὴ
1112 1565 1188 1618 τοῦτο
1207 1548 1249 1631 ἦν,
1269 1554 1314 1615 καί
1333 1554 1417 1619 αὐτὸς
1436 1550 1616 1632 παρεγένου,
1635 1550 1673 1607 καί

117 1675 172 1734 que
181 1656 303 1716 studium
311 1655 490 1727 adhibemus,
501 1666 532 1712 ut
540 1650 575 1711 ad
587 1671 634 1710 nos
647 1667 733 1726 usque
741 1664 834 1704 accur·
889 1644 990 1719 πολλὴν
1010 1647 1128 1720 ἐποιήσω
1146 1647 1263 1721 σπουδὴν
1283 1649 1395 1728 δραμεῖν
1419 1644 1476 1712 ἕως
1497 1648 1601 1721 ἡμῶν·
1623 1645 1673 1701 ἀλλ’

117 1767 311 1808 ισισιεισιιιιιι
329 1746 359 1807 id
372 1768 443 1807 nuuc
466 1746 526 1805 lieri
544 1738 835 1822 nequi13idcirooper
889 1737 981 1812 ἐπειδὴ
1007 1745 1085 1801 τοῦτο
1108 1743 1172 1810 τέως
1194 1745 1224 1802 σθ
1242 1739 1358 1811 δυνατὸν,
1382 1738 1433 1797 καὶ
1454 1736 1616 1820 γράφομεν,
1636 1735 1674 1794 καὶ

116 1838 208 1901 literas
216 1854 243 1901 te
250 1840 494 1920 salutamus,atque
501 1848 654 1912 oramus,ut
663 1830 833 1903 cumlicebit,
888 1853 1023 1914 προσσγσρ
1024 1832 1118 1913 ευόμίν
1131 1856 1176 1894 σου
1189 1832 1237 1907 τὴν
1251 1832 1411 1912 τιμιότητα,
1427 1830 1482 1889 καί
1504 1831 1675 1910 reputate}

114 1952 200 2012 quam
211 1933 372 1993 creberrime
384 1932 421 1992 ad
438 1953 487 1991 uos
499 1929 612 2001 scribas,
628 1925 715 2004 deque
727 1936 774 1983 tua
788 1936 834 1982 tu-
890 1945 937 2002 μιν
950 1930 1081 2006 συνεχῶς,
1093 1925 1171 1999 ἡνίκα
1188 1925 1291 2006 ἂνίξῇ,
1303 1923 1481 1985 ίπιστιθλειν
1495 1929 1580 2001 ἡμῖν,
1595 1921 1639 1979 καὶ
1648 1921 1675 1978 ,ί

115 2014 833 2104 tiusquedomustuaevaletudiuecertioresuoslacias.
888 2017 996 2100 περί”
962 2041 1010 2089 της
1027 2018 1117 2098 θγείας
1131 2043 1191 2093 σου,
1208 2017 1254 2077 καί
1267 2024 1312 2077 τοῦ
1331 2016 1408 2076 οἴκου
1425 2038 1479 2075 σου
1503 2014 1676 2090 παντὸςημῑν

117 2117 174 2176 Noc
192 2117 265 2177 cnim
284 2117 442 2222 vulgarem,
456 2102 503 2174 hic
516 2132 623 2193 quoque
645 2110 798 2211 degentes,
799 2127 833 2167 cx
887 2109 1107 2188 εὐαγγελίζεσθαι.
1122 2114 1163 2171 Οὐ
1181 2108 1232 2191 γὰρ
1254 2108 1302 2183 τὴν
1317 2131 1473 2189 τυχουσσιν,
1496 2107 1552 2167 καὶ
1573 2109 1675 2166 ἐνταῦθα

116 2208 250 2289 ejusmodi
278 2207 332 2275 tuis
357 2206 444 2269 literis
465 2204 672 2268 consolationem
695 2198 832 2283 percipie-
886 2201 1044 2315 καθήμενοι,
1058 2203 1159 2264 duo*
1123 2225 1176 2261 των
1186 2224 1309 2262 τοιουτων
1321 2200 1557 2280 γραμμάτων
1520 2223 1574 2272 της
1585 2224 1633 2272 στς
1645 2224 1677 2256 ιτ-

115 2319 186 2360 ntus.
887 2295 1010 2373 μιότητσς
1021 2295 1217 2377 καρπωσόμεθα
1230 2295 1278 2368 τὴν
1288 2293 1482 2374 παράκλησιν.

321 2482 466 2541 numu.
482 2479 628 2561 Agapero.
1158 2442 1208 2555 η’.
1231 2474 1385 2555 ‘Aramo

78 2683 105 2712 υ·
155 2661 215 2722 Etsi
222 2664 281 2744 jam
291 2662 403 2741 longum
418 2675 524 2741 tempus
541 2659 659 2739 effluxit,
675 2680 737 2719 cnm
749 2655 867 2720 altsteti
925 2661 960 2720 Et
976 2658 1022 2718 καί
1041 2660 1123 2726 πολὺς
1135 2657 1231 2738 μεταξὺ
1245 2659 1353 2741 χρόνος,
1367 2657 1396 2728 ἐξ
1412 2650 1444 2718 οὗ
1456 2662 1514 2730 τῆς
1530 2660 1674 2739 θαυμαπό·

6 2759 7 2766 ’
51 2764 56 2775 ”
114 2754 228 2836 sejuncti
259 2773 364 2827 sumus,
386 2766 468 2832 atque
493 2751 575 2811 etiam
598 2771 697 2832 magno
727 2750 831 2811 itineris
885 2775 963 2824 τητος
981 2751 1163 2832 ίχωρίσθημεν
1181 2755 1229 2823 τῆς
1245 2757 1306 2826 σῆς,
1327 2751 1372 2811 καί
1392 2756 1445 2824 τῆς
1469 2754 1542 2812 ὁδοῦ
1559 2752 1588 2812 δὲ
1603 2757 1674 2822 eoric

113 2843 504 2907 intervalloatedirimimur:
516 2844 627 2904 caritate
639 2857 728 2903 tamen
742 2856 831 2903 tecum
885 2843 952 2905 πολὺ
975 2844 1006 2904 τὸ
1026 2843 1123 2923 Ιμέσον
1146 2845 1177 2904 τὸ
1199 2846 1310 2924 διεῖργον
1335 2849 1428 2920 ἡμᾶς,
1452 2847 1526 2904 ἀλλ’
1551 2845 1626 2925 ὅμως
1646 2850 1672 2919 τῇ

113 2936 317 3024 adstringimur,
330 2950 412 3014 atque
422 2936 450 2995 in
459 2937 612 3039 propinquo
624 2957 831 3012 oommoramur,
885 2935 976 3017 ἀγάπη
988 2935 1094 2996 συνδεδέ
1096 2935 1163 2995 reos
1172 2958 1223 3007 σοι,
1236 2935 1281 2994 καί
1291 2933 1407 3006 πλησίον
1420 2960 1472 2996 σου
1489 2937 1672 3019 διατρίθομεν,

113 3029 179 3101 ἰιιισ,
195 3042 225 3087 ut
236 3041 336 3087 rectius
348 3027 476 3106 loquar,
468 3048 496 3087 ιιι
512 3027 570 3108 ipsa
583 3041 681 3101 mente,
698 3048 831 3105 quocum-
885 3026 1026 3106 μᾶλλονδλ
1000 3027 1085 3087 δ.καί
1105 3031 1131 3087 ἐν
1156 3031 1221 3108 αὐτῇ
1236 3050 1266 3088 σε
1279 3027 1374 3108 ἔχομεν
1389 3030 1437 3139 :5
1462 3030 1593 3109 διανοίη,
1610 3051 1670 3087 παν

113 3141 167 3200 que
189 3119 327 3179 taudem
319 3140 346 3178 m
365 3118 536 3197 locosrmus,
557 3133 583 3179 te
604 3119 827 3179 circumferimus.
883 3124 966 3201 ταχοῦ
989 3119 1172 3233 περιφέροντες
1191 3120 1306 3199 ὅπουπερ
1332 3107 1477 3196 θνωμεν.
1507 3120 1670 3192 Καίτηνέξ

112 3209 272 3291 Usqueadeo
288 3211 434 3270 ferventem
451 3210 526 3270 illam
537 3224 564 3270 et
571 3231 702 3271 sinceram
710 3231 743 3270 ae
750 3211 831 3271 vehe
884 3217 970 3293 ἀρχῆς
989 3236 1071 3273 σοιπ
1073 3213 1115 3290 ρὸς
1127 3219 1198 3291 ἡμᾶς
1212 3211 1388 3292 γεγενημένην
1411 3212 1524 3293 φιλίαν,
1547 3213 1597 3287 τὴν
1619 3220 1670 3327 θερ-

113 3316 230 3364 meutem
244 3315 270 3362 et
285 3316 448 3362 constantem
462 3301 686 3381 amicitiamque
699 3302 770 3365 tibi
759 3324 830 3385 Jam-
885 3303 938 3384 μὴν
956 3305 1001 3365 καί
1015 3304 1135 3382 γνησίαν,
1153 3305 1202 3378 τὴν
1221 3303 1336 3385 σφοδρὰν
1356 3305 1403 3363 καὶ
1426 3307 1574 3379 ἅκλινῆέ
1574 3309 1669 3387 γκσλέ-

112 3395 221 3479 pridcm
243 3410 323 3477 atque
342 3396 377 3455 ab
399 3395 478 3456 initio
504 3395 646 3456 nobiscum
668 3395 829 3476 intercessit,
847 3408 866 3456 t}
884 3400 1065 3481 ψαντεςὴμῶυ
1078 3397 1173 3478 ἔχομεν
1183 3401 1221 3477 τῷ
1233 3397 1436 3457 συνειδότι.Καί
1448 3400 1534 3459 αὐτοὶ
1546 3400 1576 3461 δὲ
1591 3401 1669 3479 ἀκμά·

113 3489 211 3551 intimo
227 3503 334 3572 pectore
351 3488 511 3572 impressam
530 3489 671 3550 habemus.
689 3489 764 3566 Quin
778 3491 831 3573 ipsi
885 3494 978 3559 ζουσαν
997 3490 1045 3563 τὴν
1060 3489 1122 3570 περὶ
1147 3489 1176 3549 σὲ
1204 3489 1317 3549 διάθεσιν
1337 3491 1538 3570 διατηροῦμεν,
1559 3493 1669 3553 δέσποτα

115 3603 230 3662 quoque,
251 3581 360 3642 domine
373 3581 411 3641 mi
426 3581 645 3663 praestantissime
659 3602 692 3641 ac
708 3603 831 3643 summo·
885 3581 1032 3661 τιμιώτατε
1042 3582 1088 3642 καί
1102 3579 1318 3660 θαυμασιώτατε,
1335 3580 1408 3641 οὐδὲν
1420 3584 1480 3643 ἀπὸ
1491 3592 1545 3646 τοῦ
1559 3587 1670 3658 πλήθους

114 3696 179 3756 pere
190 3674 359 3755 admirande,
374 3674 497 3736 vividam
509 3695 571 3755 erga
583 3689 609 3735 te
620 3675 833 3736 benevolentiam
886 3680 931 3737 τοῦ
948 3673 1060 3759 χρόνου,
1074 3673 1132 3735 οὐδὲ
1146 3674 1257 3734 ἀπὸτοῦ
1272 3673 1370 3751 μήκους
1385 3682 1434 3735 τοῦ
1455 3678 1537 3739 κατὰ
1552 3679 1605 3753 τὴν
1619 3681 1669 3739 ὁδὸν

115 3767 272 3842 retinemus,
289 3787 339 3826 nee
359 3787 418 3825 eam
433 3766 478 3826 vel
493 3765 528 3824 oh
548 3766 677 3849 temporis
692 3767 832 3847 maguitu-
887 3767 1005 3849 ἀφιέντες
1030 3765 1111 3838 αὐτὴν
1138 3766 1324 3846 ἀσθενεστέραν
1345 3766 1485 3844 γενέσθαι.
1512 3773 1672 3853 napum&

117 3856 209 3916 dinem
221 3857 265 3916 vel
283 3857 342 3916 ob'
333 3857 437 3916 reineris
456 3856 683 3936 longinquitatem
695 3857 834 3919 debilitari
886 3860 971 3920 τοίνυν
973 3859 1073 3932 ,ἡνίκα
1091 3858 1123 3917 ἂν
1138 3856 1201 3938 ἐξῇ,
1221 3857 1266 3918 καί
1284 3881 1318 3938 γρ
1305 3857 1394 3939 ράρειν
1409 3865 1479 3937 ἡμῖν
1496 3871 1625 3947 συνεχῶς
1639 3864 1672 3943 μὴ

118 3946 346 4027 atqueexstingui
359 3946 484 4006 sinimus.
500 3949 834 4031 Quamobrematcpeti-
888 3950 1127 4032 κατέκνειπερί”
1094 3974 1143 4023 της
1156 3949 1302 4030 υγιείας
1268 3973 1316 4020 της
1330 3953 1433 4020 σῆςθ
1407 3927 1504 4013 Οἶσθα
1526 3955 1584 4039 γὰρ
1608 3958 1673 4020 ὅπως

119 4058 192 4117 mus,
207 4051 237 4098 ut
252 4058 315 4097 cum
334 4037 437 4112 licebit,
453 4036 488 4096 de
500 4052 546 4096 tua
566 4039 720 4100 valetudine
740 4042 834 4101 crebro
888 4046 969 4115 aot-5<
994 4041 1124 4124 ἀντεχόμε
1125 4048 1174 4115 θ,α
1125 4041 1243 4102 leel
1263 4040 1358 4114 ἡλίκην
1378 4045 1445 4119 ἡμῖν
1469 4054 1564 4129 χαριῇ
1589 4049 1676 4130 χάριν,

119 4130 157 4192 ad
166 4152 215 4192 nos
227 4130 345 4192 scribere
358 4151 391 4190 ne
404 4130 532 4210 graveris
544 4130 603 4191 Scis
616 4131 688 4192 euim
703 4147 835 4211 quantum
886 4159 995 4198 τοιαυτα
1008 4135 1073 4217 πρὸς
1084 4139 1156 4213 ἡμᾶς
1170 4133 1382 4212 διαπεμπόμενος
1391 4135 1567 4216 γράμματα

118 4224 178 4306 ejus
195 4223 353 4285 studiosi
331 4243 426 4297 samus,
440 4234 650 4302 quantamquea
670 4224 749 4284 nobis
771 4246 835 4306 gra-

119 4316 185 4378 tiam
199 4317 318 4378 initurus
331 4315 378 4396 sis,
393 4311 549 4396 hujusmodi
560 4313 596 4374 ad
608 4335 656 4374 uos
668 4314 759 4375 literas
770 4316 834 4377 mit·

119 4422 186 4470 iens.

316 4593 454 4650 LXXIV.
472 4592 635 4667 Hesychia.
1172 4590 1219 4653 σθ’.
1241 4591 1371 4672 Ἡσυχίιμ.

71 4735 316 4855 arr-Equidem
308 4791 365 4852 ipse
380 4784 406 4829 te
426 4768 520 4829 videre
536 4789 870 4849 σιιροιειιι,ιιιοηυσιισοιν
928 4774 1001 4855 Ἐγὼ
1018 4773 1065 4853 μίν
1082 4798 1110 4834 σε
1129 4799 1174 4834 και
1164 4775 1252 4835 ἰδεῖν
1272 4775 1347 4834 ἐπεθ
1320 4781 1426 4852 θ,υμσυν
1446 4778 1549 4836 καί’
1520 4806 1573 4843 ουκ
1593 4810 1627 4843 αν
1647 4811 1679 4864 μ

7 4800 100 4910 iliu
118 4870 271 4930 isaurorum
286 4880 385 4943 metus,
396 4885 444 4923 nec
457 4884 575 4944 οοηιυινε
587 4864 759 4924 rmbecrllrtas
774 4885 834 4945 pro
888 4867 1069 4928 ἐκώλυσεν
1041 4890 1100 4926 ουτε
1119 4871 1188 4925 θ”
1153 4892 1205 4927 των
1226 4866 1351 4946 Ἰσαιίρων
1374 4867 1471 4948 ρόθος,
1498 4874 1566 4934 οὔτε
1592 4883 1678 4947 5203

147 5079 159 5104 ·
175 5063 217 5115 81σ
228 5063 287 5114 llas·
299 5076 387 5112 omnes
399 5076 406 5107 τ
419 5059 445 5109 in
456 5056 526 5109 Edit·
537 5067 564 5112 τὸ
581 5068 651 5126 μέσον
669 5056 868 5114 desiderabatur.
896 5061 978 5113 Vatic.
991 5064 1034 5129 qui
1047 5073 1131 5113 tamen
1143 5059 1195 5112 haee
1208 5071 1390 5128 transponunt,
1402 5066 1464 5117 οὕτω
1474 5073 1520 5129 τὴν
1533 5077 1626 5125 ἄπιθι,
1639 5081 1677 5125 rai

113 5139 300 5193 Inl'raCoisliu.
317 5147 373 5194 ὅπου
383 5161 428 5212 περ
443 5145 471 5192 ἂν
485 5141 559 5204 ὦμον·
571 5144 641 5199 οὕτως
658 5148 700 5199 τὴν
714 5145 740 5202 ἐξ
749 5148 822 5208 ἀρχῆς
837 5163 871 5195 σοι
894 5147 920 5204 l(
928 5151 1009 5210 ἀρχῆς.
1183 5149 1186 5154 ’

112 5231 150 5278 καί
165 5227 249 5284 drudes
264 5228 382 5285 γινομένην
398 5225 455 5286 πρὸς
465 5224 525 5283 ἡμᾶς
536 5222 618 5287 peliatu.
631 5217 673 5269 Sic
683 5218 760 5269 etiam
771 5219 831 5287 llcg.
844 5230 871 5270 et
