3764 5992
1535 444 1600 517 501

67 581 155 643 robur
177 582 436 664 lideinondefecit3
451 599 620 647 consumtum
639 601 679 647 est
693 607 812 669 corpus,
864 589 974 652 tenebit.
987 594 1046 652 Vos
1060 592 1124 653 estis
1136 593 1206 653 mibi
1228 608 1331 677 patres,
1351 613 1401 657 vos
1421 593 1491 654 mibi
1504 606 1605 666 mater,

66 691 95 737 et
115 699 192 740 mens
204 702 257 741 non
271 683 361 764 potuit
373 682 514 759 inclinari,
528 681 629 742 interiit
641 682 812 753 substantia,
863 706 911 744 vos
924 686 994 746 mihi
1009 688 1080 763 vita,
1092 711 1141 751 vos
1154 690 1224 750 mibi
1237 674 1324 771 gratia
1339 713 1346 748 ε
1361 689 1384 751 si
1398 710 1446 752 vos
1457 687 1607 772 proficitis,

67 788 93 833 et
105 776 221 855 perstitit
241 778 380 859 patientia.
403 779 434 839 si
454 800 518 860 ergo
531 780 681 858 frequenter
700 779 736 839 ab
758 800 811 837 una
863 778 932 837 mihi
950 780 1076 860 placebit.
1089 785 1146 845 Vos
1166 784 1229 843 estis
1250 805 1347 844 oorona
1368 805 1440 861 mea,
1453 797 1481 843 et
1502 781 1608 845 divitia

67 872 160 950 puella
180 873 269 934 victus
281 895 327 951 es,
344 875 481 954 quomodo
496 896 587 956 speras
597 889 678 934 tantae
692 875 776 956 hujus
785 887 812 934 et
864 895 943 952 mea,
963 898 1012 939 vos
1026 880 1089 939 estis
1112 880 1254 940 thesaurus
1267 883 1350 942 meus.
1370 879 1431 961 Ego
1444 877 1543 940 millies
1556 899 1608 961 pro

68 978 127 1025 tam
136 966 225 1027 fidelis
239 968 422 1030 multitudinis
442 969 523 1030 fidem
534 985 560 1030 te
573 992 651 1052 posse
667 969 812 1030 evincere?
862 970 941 1031 vohis
952 972 1088 1033 immolari
1102 989 1211 1055 paratus
1225 997 1285 1036 sum
1299 999 1306 1034 ε
1321 990 1347 1035 et
1360 997 1408 1036 nee
1425 974 1512 1056 gratia
1535 973 1606 1035 mibi

18 1058 59 1107 ¹⁸·
67 1063 129 1121 Non
140 1062 218 1122 audis
226 1064 337 1123 Domini
347 1085 441 1124 vocem
447 1065 577 1126 dicentis:
590 1069 677 1144 Quia,
691 1067 742 1125 ubi
752 1066 810 1122 duo
862 1063 890 1124 in
901 1066 954 1126 hoc
966 1083 1017 1146 est,
1033 1070 1080 1129 sed
1089 1069 1211 1131 debitum
1224 1071 1317 1133 reddo.
1332 1072 1424 1132 Bonus
1433 1070 1504 1131 enim
1512 1084 1606 1152 pastor
1613 1080 1685 1125 loan-
1703 1092 1738 1125 to·

67 1170 122 1216 aut
135 1171 193 1218 tres
208 1171 278 1219 sunt
290 1163 459 1240 compegisti
480 1165 514 1219 in
531 1165 650 1220 nomine
673 1180 753 1232 meo,
769 1163 811 1219 ibi
859 1158 940 1220 debet
951 1164 1070 1224 animam
1079 1187 1157 1226 snam
1171 1187 1222 1248 pro
1240 1166 1337 1227 ovibus
1348 1154 1532 1247 suisponere:
1545 1166 1600 1224 bu·
1615 1152 1651 1185 ¹¹⁸

65 1273 132 1312 sum
153 1265 182 1312 et
195 1274 247 1334 ego
261 1257 294 1312 in
312 1256 408 1314 medio
419 1262 540 1315 eorum?
562 1255 657 1333 Quid,
673 1256 720 1314 ubi
735 1269 807 1314 tanta
856 1255 978 1336 jusmodi
993 1261 1065 1319 enim
1090 1283 1163 1321 mors
1186 1261 1415 1321 immortalitatem
1441 1259 1605 1342 parit.„Non

65 1345 191 1407 fidelium
205 1347 353 1408 multitudo
372 1363 411 1409 est
432 1349 550 1409 caritatis
565 1350 681 1410 nexibus
694 1350 807 1410 vincta?
860 1352 932 1413 enim
943 1369 1055 1435 propter
1063 1355 1173 1417 divitias
1183 1357 1278 1417 mundi
1291 1356 1403 1416 insidias
1412 1355 1516 1437 patiore
1529 1353 1605 1435 qitod

63 1443 126 1502 Non
140 1462 190 1522 ego
207 1443 316 1524 propria
330 1443 432 1506 virtute
453 1443 572 1521 conlido,
586 1444 674 1505 habeo
688 1445 820 1526 scriptu-⁸
858 1445 882 1505 si
896 1463 974 1522 esset,
991 1451 1084 1530 utique
1097 1453 1248 1512 contristari
1263 1451 1389 1512 deberem
1403 1473 1411 1508 a
1428 1471 1477 1510 nec
1494 1464 1604 1533 propter

63 1558 125 1596 ram
137 1538 248 1598 Domini
262 1538 333 1612 mei,
346 1561 456 1599 manum
468 1540 554 1621 ipsius
566 1554 661 1618 teneo,
679 1541 727 1600 illa
740 1540 807 1600 nini
858 1541 966 1622 aliquod
981 1561 1134 1627 peccatum,
1147 1548 1195 1609 sed
1214 1561 1326 1629 propter
1345 1546 1499 1623 canutam,
1521 1565 1603 1625 quam

62 1631 156 1693 cautio
174 1633 239 1693 satis
256 1647 313 1693 tuta
337 1648 377 1694 est
383 1679 393 1707 ,
408 1634 455 1694 illa
467 1657 510 1695 me
523 1657 649 1696 securum
673 1635 766 1696 reddet
781 1650 807 1696 et
858 1654 922 1714 erga
933 1658 982 1697 vos
991 1638 1077 1698 babeo
1092 1663 1099 1697 :
1114 1640 1177 1718 quia
1191 1640 1280 1699 omnin
1290 1660 1358 1720 ago,
1372 1651 1402 1698 ut
1413 1658 1463 1699 vos
1473 1636 1604 1720 proficia-

62 1726 231 1809 intrepidnm
252 1751 259 1785 ε
272 1728 378 1788 etiamsi
400 1730 475 1789 orbis
494 1744 571 1790 terrm
593 1745 805 1802 commoveatur,
858 1737 894 1797 ris
908 1758 915 1792 ε
927 1746 955 1794 et
967 1756 1000 1795 ne
1010 1735 1176 1795 subintroeat
1189 1735 1349 1795 conturbare
1360 1754 1468 1816 gregem
1479 1732 1548 1793 bene
1559 1732 1602 1793 in·

324 462 403 515 CUM,
420 462 464 513 DE
488 463 700 513 EXPULSIONB
725 464 832 513 tostus
859 465 979 525 sanent
1004 468 1148 519 toartttts
1173 430 1364 522 AGERDTUR·

62 1842 114 1902 ego
128 1823 278 1883 cautionem
289 1824 399 1884 Domini
417 1829 470 1886 mei
486 1838 573 1885 teneo.
595 1827 669 1906 Lego
696 1847 806 1886 manum

63 1919 124 2001 ejus
131 1941 141 1997 ;
159 1918 217 2002 ipsa
238 1920 307 1980 mibi
322 1942 416 1980 mums
430 1935 469 1981 est
487 1921 717 2002 inexpugnabilis.
733 1922 805 1982 Vul-

11 2016 54 2065 28·
64 2013 102 2074 tis
122 2015 201 2076 vobis
213 2017 323 2076 recitem
343 2017 454 2076 Domini
468 2015 638 2076 cautionem?
653 2019 751 2094 Ecce,
764 2011 807 2076 iu-

62 2108 135 2188 quit,
146 2112 298 2169 uobiscum
310 2130 375 2170 sum
389 2114 524 2175 omuibus
545 2111 646 2169 diebus
657 2131 749 2190 usque
766 2111 808 2169 ad

59 2209 341 2265 consummationem
362 2207 473 2267 saeculi.
486 2205 611 2266 Christus
625 2226 731 2265 mecum
747 2219 804 2281 est,

61 2320 145 2379 quem
158 2299 280 2360 timebo?
295 2300 409 2361 Etiamsi
427 2301 526 2361 fluctus
548 2301 685 2380 insurgat,
700 2300 806 2361 etiamsi

60 2405 150 2452 totum
162 2392 275 2474 pelagus
287 2394 430 2455 adversum
446 2415 488 2453 me
500 2395 687 2469 conturbetur,
701 2393 805 2453 etiamsi

59 2487 218 2568 principum
233 2489 322 2566 lutor,
337 2489 426 2547 omnia
441 2488 511 2547 mibi
526 2489 572 2547 illa
592 2509 695 2547 araneae
709 2502 804 2563 erunt,

60 2593 89 2639 et
105 2581 210 2641 araneis
230 2581 378 2661 fragiliora.
404 2581 440 2640 Et
462 2582 515 2640 nisi
542 2596 653 2663 propter·
672 2581 804 2661 fragilita-

10 2699 31 2747 s,
60 2689 117 2735 tem
132 2690 263 2750 vestram,
276 2676 358 2736 bodie
371 2698 424 2736 non
442 2677 596 2735 dubitarem
616 2677 655 2735 ire
678 2698 732 2755 quo
745 2675 802 2736 vel-

59 2771 127 2830 lent.
140 2773 252 2854 Semper
261 2772 333 2833 enim
342 2771 404 2831 dico
419 2796 426 2829 ε
440 2774 584 2848 Domine,
595 2772 739 2831 voluntas
753 2772 806 2830 [ua

49 2869 118 2950 fiat
132 2893 141 2926 .·
157 2890 210 2929 non
230 2869 301 2949 quod
313 2869 359 2928 ille
375 2869 455 2943 vult,
479 2869 523 2928 vel
542 2868 607 2944 ille,
622 2867 669 2926 sed
681 2867 755 2947 quod
775 2879 806 2925 tu

59 2962 104 3026 vis
121 2979 188 3025 :tua
201 2964 326 3024 voluntas
340 2963 408 3023 mibi
422 2963 504 3022 turris
519 2964 680 3041 fortissima,
706 2976 733 3022 et
755 2984 805 3043 pe·

58 3072 103 3120 tm
125 3059 251 3132 stabilis,
277 3073 304 3119 et
327 3059 443 3118 baculus
459 3058 541 3119 fidus.
569 3059 600 3119 Si
621 3074 651 3118 tu
674 3059 716 3118 vis
740 3079 805 3139 per-

58 3176 169 3216 manere
182 3154 357 3228 mecumbic,
372 3155 459 3214 babeo
474 3155 589 3235 gratiam
605 3179 611 3211 :
626 3154 649 3213 si
672 3175 726 3213 non
739 3155 782 3213 vis
791 3199 801 3232 ,

59 3250 177 3311 similem
188 3251 274 3310 resero
290 3250 413 3331 gratiam.
425 3253 511 3311 Nemo
524 3272 574 3311 vos
585 3249 735 3324 conturbet,
749 3250 804 3308 fra·

58 3360 132 3420 tres,
151 3360 225 3407 orate
237 3360 343 3407 tantum
360 3345 440 3406 :hac
460 3348 533 3405 enim
547 3344 673 3405 diabolus
694 3358 803 3420 movet,

58 3464 112 3504 non
124 3443 207 3503 aliam
227 3443 262 3504 oh
276 3465 404 3517 causam,
419 3464 500 3522 quam
523 3456 552 3502 ut
565 3442 690 3522 religiosa
710 3441 801 3500 studia

56 3552 148 3601 vestra
156 3538 324 3621 disrumpat,
337 3554 363 3599 et
376 3539 504 3598 exercitia
517 3553 622 3614 vestra,
636 3559 696 3615 qnae
706 3537 803 3595 inora-

56 3633 179 3694 tionibus
190 3649 217 3695 et
231 3634 334 3715 vigiliis
347 3633 492 3714 gerebatis,
508 3633 670 3713 exstinguat.
683 3630 738 3692 Sed
749 3652 801 3690 non

56 3730 203 3808 obtinebit,
212 3731 366 3812 neceripict
376 3754 391 3790 a
403 3730 481 3791 vohis
493 3729 582 3789 studia
594 3728 721 3808 religiosa
732 3752 738 3784 :
749 3727 802 3787 uisi

56 3826 121 3906 quia
132 3825 302 3886 sollicitiores
312 3847 361 3887 vos
374 3826 510 3902 inveniet,
525 3838 551 3884 et
565 3823 723 3884 fervidiores
737 3824 801 3882 etti-

56 3921 117 3982 ciet.
129 3922 253 3981 Crastina
270 3921 411 3982 vobiscum
432 3920 513 3980 exibo
535 3919 571 3979 ad
592 3921 724 3979 orationes
747 3942 754 3976 ε
776 3932 802 3978 ct

55 4016 106 4076 ubi
116 4038 166 4097 ego
178 4038 248 4092 sum,
259 4016 298 4076 ihi
310 4031 337 4076 et
351 4038 399 4077 vos
411 4016 502 4075 eritis:
516 4028 542 4074 et
550 4014 601 4073 ubi
614 4036 664 4076 vos
677 4013 751 4087 estis,
762 4013 800 4073 ibi

55 4134 103 4174 ero
114 4127 141 4174 et
153 4133 212 4193 ego.
231 4113 323 4171 Unum
341 4132 438 4191 corpus
462 4131 573 4187 sumus,
589 4130 676 4189 neque
689 4124 799 4190 capnta

55 4229 178 4290 corpore,
189 4227 275 4286 neque
285 4226 404 4287 corpusa
414 4204 502 4285 capite
508 4203 686 4285 separabitur,
696 4205 800 4264 etiamsi

54 4307 116 4367 looo
129 4301 296 4380 dividamur,
314 4300 361 4361 sed
374 4302 484 4360 caritate
498 4300 704 4380 conjungimur,
720 4322 769 4381 ego
783 4323 798 4361 a

54 4395 135 4459 vobis
147 4415 196 4454 nec
209 4406 295 4453 morte
306 4390 434 4453 divellar.
448 4393 519 4451 Nam
533 4392 582 4451 etsi
596 4412 694 4472 corpus
709 4413 799 4459 meum

54 4490 196 4568 moriatur,
208 4488 299 4550 anima
322 4508 382 4547 mea
402 4486 485 4564 vivit,
506 4500 532 4547 et
545 4486 704 4548 memoriam
718 4486 800 4546 vestri

859 1833 994 1909 stitutum,
1005 1829 1052 1891 sed
1065 1845 1093 1891 ut
1107 1831 1283 1911 permaneatis
1299 1831 1328 1889 in
1338 1829 1512 1911 simplicitate
1527 1825 1601 1888 fidei.

858 1922 922 1982 Haec
933 1936 973 1982 est
985 1943 1065 1983 causa
1073 1923 1256 2005 periculorum
1271 1943 1406 1993 meorum,
1420 1935 1445 1980 et
1457 1920 1516 1980 baec
1524 1919 1602 1980 sulli-

858 2016 930 2076 ciant
941 2015 1009 2075 mibi
1020 2014 1054 2075 ad
1069 2036 1204 2076 coronam.
1215 2014 1290 2087 Quid
1303 2015 1375 2074 enim
1386 2034 1440 2074 non
1453 2012 1542 2094 patior
1550 2032 1602 2094 pro

858 2111 956 2172 vobis?
967 2113 1026 2173 Vos
1035 2111 1103 2170 mibi
1115 2110 1197 2188 cives,
1208 2133 1259 2173 vos
1270 2111 1338 2170 mibi
1348 2111 1455 2186 fratres,
1471 2130 1520 2169 vos
1531 2108 1601 2169 mibi

857 2207 926 2283 lilii,
940 2228 989 2267 vos
1002 2207 1071 2266 mibi
1082 2208 1215 2284 membra,
1223 2228 1273 2267 vos
1283 2205 1465 2286 mihicorpus,
1475 2203 1600 2264 vosmibi

857 2302 907 2363 lux
915 2349 924 2381 ,
938 2304 993 2363 imo
1004 2318 1031 2363 et
1045 2303 1096 2363 ista
1117 2304 1177 2362 luce
1190 2302 1333 2361 dulciores.
1348 2299 1423 2373 Quid
1445 2300 1517 2359 enim
1530 2298 1601 2360 mihi

855 2412 959 2459 tautum
972 2411 1099 2481 praestant
1110 2397 1178 2457 radii
1188 2397 1270 2469 solis,
1281 2410 1412 2476 quantum
1424 2394 1544 2454 caritatis
1554 2415 1601 2455 vc-

856 2509 917 2555 strre
932 2494 1059 2576 splendor
1074 2494 1209 2573 acquirit?
1230 2491 1302 2551 Ecce
1321 2513 1370 2572 pro
1385 2489 1494 2549 caritate
1510 2503 1599 2549 vestro

856 2608 952 2646 corona
965 2586 1033 2646 mibi
1052 2599 1163 2667 paratur
1177 2585 1206 2644 in
1219 2586 1311 2643 futuro
1327 2581 1441 2658 saecul03
1464 2580 1516 2640 boc
1530 2579 1600 2639 mihi

857 2683 921 2743 solis
947 2682 1029 2762 hujus
1050 2680 1178 2765 splendor
1197 2692 1323 2761 praestare
1339 2698 1393 2737 nou
1410 2676 1520 2757 poterit.
1535 2675 1600 2735 llaec

857 2792 947 2837 autem
960 2777 1022 2837 dico
1036 2777 1063 2836 in
1078 2774 1190 2835 auribus
1199 2772 1377 2833 audientium.
1391 2772 1428 2831 Et
1440 2769 1508 2851 quid
1518 2767 1599 2830 itaad

858 2869 1021 2928 audiendum
1037 2867 1184 2927 sollicitum
1212 2880 1237 2925 et
1251 2877 1393 2946 paratum,
1416 2884 1499 2942 quam
1522 2880 1600 2921 autes

859 2964 975 3025 vestre?
995 2961 1066 3022 Ecce
1084 2974 1150 3040 quot
1175 2960 1232 3020 dies
1255 2972 1317 3018 sunt
1330 2958 1403 3037 quod
1422 2956 1558 3037 vigilatis,
1572 2969 1600 3016 et

857 3058 965 3118 nullum
984 3069 1104 3119 vestrum
1117 3054 1253 3114 somnium
1266 3051 1407 3114 inclinavit
1414 3097 1424 3130 ,
1437 3071 1487 3112 nec
1496 3065 1600 3133 tempo·

856 3153 894 3214 ris
903 3153 1022 3234 spatium
1036 3151 1152 3231 lrangit;
1164 3151 1272 3210 nullum
1286 3149 1378 3225 timor,
1400 3148 1508 3209 nullum
1520 3146 1601 3207 mium

855 3248 1004 3326 deterrent,
1019 3246 1069 3308 sed
1091 3260 1178 3306 terror
1190 3267 1284 3306 eorum
1294 3245 1418 3305 fortiores
1430 3263 1479 3304 vos
1496 3241 1599 3302 reddet.

856 3343 947 3405 Video
970 3343 998 3402 in
1018 3342 1098 3402 vobis
1116 3340 1190 3433 qpod
1211 3361 1316 3422 semper
1326 3338 1432 3420 optavi,
1452 3337 1514 3397 ideo
1527 3336 1600 3415 quod

855 3439 1033 3499 contemsistis
1041 3437 1135 3496 mundi
1144 3437 1259 3515 negotia,
1273 3433 1445 3494 renuntiastis
1456 3432 1598 3492 omnibus:

855 3535 924 3594 nibil
935 3535 994 3615 jam
1004 3532 1039 3593 de
1049 3547 1119 3592 terra
1123 3576 1132 3609 ,
1144 3553 1230 3610 neque
1236 3529 1271 3590 de
1282 3529 1394 3589 terrenis
1404 3527 1510 3587 actibus
1524 3525 1598 3605 cogi·

854 3631 924 3690 tatis.
937 3629 979 3688 nd
992 3629 1107 3689 caelestia
1116 3649 1164 3688 vos
1176 3627 1305 3706 migrasse
1312 3626 1370 3705 jam
1380 3643 1469 3700 cerno,
1480 3619 1598 3680 absoluti

853 3725 917 3785 estis
930 3724 1047 3785 vinculis
1071 3722 1202 3804 corporis,
1218 3719 1253 3779 ad
1267 3720 1373 3779 beatam
1391 3718 1469 3779 illam
1481 3730 1508 3777 et
1521 3716 1598 3776 caele·

853 3835 921 3881 stem
935 3819 1095 3880 contenditis
1109 3815 1320 3899 philosophiam.
1341 3816 1400 3875 lloc
1413 3813 1482 3874 mihi
1496 3809 1598 3872 suffieit

853 3915 955 3978 vidisse
964 3915 999 3975 de
1014 3914 1090 3976 vobis
1098 3937 1106 3991 3
1119 3912 1177 3972 haec
1188 3933 1247 3971 mea
1265 3910 1429 3987 consolati03
1443 3909 1494 3993 ¹ista
1509 3928 1552 3969 me
1564 3906 1598 3968 'in

852 4012 984 4093 agonibus
1003 4010 1069 4070 meis
1082 4009 1157 4072 velut
1178 4020 1314 4089 unguenta
1326 4004 1451 4086 quaedam
1464 4003 1596 4065 corrobo-

852 4121 924 4186 rant,
932 4121 959 4167 et
965 4105 1103 4167 fortiorem
1113 4126 1156 4164 me
1168 4103 1299 4184 agonibus
1309 4100 1436 4178 reddum,
1447 4113 1473 4160 et
1483 4097 1518 4159 ad
1529 4118 1596 4179 gau·

851 4202 897 4262 dia
921 4200 1085 4262 immortalia
1105 4213 1186 4280 atque
1202 4212 1312 4258 aetema-
1322 4191 1508 4256 transmittunt
1522 4216 1529 4250 s
1544 4212 1595 4271 pro

851 4297 895 4356 bis
911 4296 1012 4376 gratias
1026 4316 1139 4376 agamus
1151 4296 1228 4370 Deo,
1244 4298 1288 4353 cui
1302 4289 1389 4372 gloria
1399 4290 1428 4351 in
1439 4286 1537 4351 secula
1547 4305 1595 4347 sae·

852 4392 986 4454 culorum.
1007 4395 1103 4452 Amen.
