3764 5992
1634 472 1700 563 941
1738 504 1742 510 ·

144 601 149 606 ’
168 599 214 661 ἐὰν
224 602 276 682 γθρ
290 603 328 682 μὴ
338 601 391 682 ἐγθν
400 602 507 665 ἀπέλθω
517 609 549 677 ,θ
563 606 740 688 Παρύκλητος
750 610 797 668 οὐκ
807 609 941 670 ἐλεύσεται
995 606 1148 669 destructus
1156 622 1196 670 est
1200 631 1210 687 γ
1221 608 1397 671 nuncinserni
1403 609 1515 672 victoria
1522 609 1647 694 disrupta
1653 629 1703 693 est,

168 682 233 761 πρὸς
249 687 327 783 ὑμᾶς.
344 683 401 743 Καί
411 689 580 763 σημεῖαντῆς
595 688 764 766 καταλλαγῆς
778 688 942 769 ἐπαγγελλε-
995 708 1066 747 nune
1078 689 1172 749 mortis
1182 689 1301 770 potentia
1310 688 1397 748 deleta
1408 703 1462 767 σοι,
1477 690 1705 753 nuneinimicitiae

168 784 212 819 ται
238 763 331 821 θωσειν
356 768 421 839 ἡμῖν
446 763 495 836 τὴν
515 769 561 822 τοῦ
584 765 762 844 Παρακλήτου
784 768 940 848 παρουσίαν.
994 766 1118 826 extinctae
1136 782 1212 843 sunt3
1226 789 1297 828 nunc
1314 767 1476 828 diuturnum
1488 769 1592 830 bellum
1606 773 1705 832 restin-

167 838 240 941 'Ope
252 839 303 922 γὰρ
311 843 356 901 καί
367 843 398 901 τὸ
405 843 566 921 ἐπαγόμενον
573 847 629 912 πῶς
644 844 760 924 αἰκριόῶς
768 847 939 927 προσέθηκεν·
948 875 984 914 m
995 858 1068 904 etum
1082 861 1140 906 est:
1158 847 1280 907 homines
1292 847 1395 926 angelis
1409 848 1511 908 similes
1523 849 1609 909 effecti
1619 866 1702 927 sunt,

167 922 220 978 Και
231 920 417 1002 αὖτθς,φησίν,
429 922 554 1003 ὁδηγήσει
573 927 642 1001 ὑμᾶς
660 927 697 992 είς
708 934 796 983 πᾶσαν
813 926 862 997 τὴν
875 927 939 998 diei·
956 933 977 979 Δ
995 924 1117 986 homines
1132 927 1235 1006 angelis
1247 927 1388 1018 'permixti
1412 941 1490 1016 sunt,
1506 941 1533 986 et
1558 948 1656 1009 magna
1670 952 1707 991 ex

737 485 770 531 ιιι
798 484 1048 551 ascensionem,
1071 486 1146 534 erc.

167 1003 254 1057 θειαν·
268 1000 388 1071 δηλονότι
401 1001 601 1080 πλανωμένους,
616 1002 661 1063 καί
671 993 724 1064 dte
738 1007 845 1063 redarios
859 1029 939 1086 περι-

168 1077 331 1156 αγομένους,
356 1079 402 1140 καί
415 1081 446 1140 τδ
468 1083 579 1160 Πνεῦμα
601 1083 632 1141 τὸ
654 1083 728 1161 ἅγιον
750 1085 939 1164 καταπεμφθὲν

167 1157 287 1225 ἅπαντας
307 1165 378 1238 ἡμᾶς
399 1161 464 1239 πρδς
476 1160 525 1233 τὴν
538 1161 662 1233 ἀλήθειαν
676 1162 812 1242 ὁδηγήσει.
826 1162 938 1237 Ἐπειδὴ

166 1235 219 1317 γὰρ
233 1237 311 1305 αύτδς
325 1239 465 1340 ὠργίζετο,
478 1244 555 1319 ἡμεῖς
569 1241 596 1301 θέ
610 1241 656 1301 καλ
675 1241 760 1309 οθτως
776 1243 939 1324 ἀπεστρεφό-

168 1321 236 1393 μεθα
250 1317 295 1376 τὸν
312 1321 495 1401 φιλανθρωπυν
508 1321 662 1396 Δεσπότην,
682 1321 761 1401 μέσον
778 1322 869 1381 ἑαυτὸν
886 1327 938 1400 ἐμ-

167 1394 255 1454 όαλὼν
279 1402 293 1456 ό
312 1399 448 1472 Δεσπότης
465 1404 543 1476 ἡμῶν
565 1401 691 1481 Χριστὸς,
705 1400 754 1474 τὴν
768 1402 938 1482 καταλλαγὴν

167 1475 316 1554 εἰργάσατο.
330 1477 429 1538 Ἔλυσε
454 1477 506 1560 γὰρ
525 1482 629 1551 ἀληθῶς
654 1482 685 1542 τδ
712 1481 864 1562 μεσότοιχον
892 1488 938 1542 τοῦ

167 1562 299 1635 φραγμοῦ.
326 1558 375 1618 nrt
394 1558 514 1639 χρηστὰς
535 1560 630 1640 ἔχομεν
652 1560 744 1620 λαιπδν
758 1560 806 1628 τὰς
831 1561 940 1629 ἐλπίδας

167 1659 188 1692 π
207 1634 288 1701 ‘erbe
307 1640 356 1707 τῆς
375 1638 507 1717 ἡμετέρας
527 1643 650 1721 ἀπαρχῆς
666 1644 684 1699 ἀ
703 1643 813 1717 σρῶντες
831 1638 938 1721 Κύριον.

166 1657 257 1796 ’(δίτερ
273 1716 304 1773 ἂν
334 1715 369 1798 dp
383 1718 475 1778 λοιπθν
489 1716 587 1791 είποις,
610 1722 659 1780 οὔκ
680 1665 720 1779 ότι
740 1719 864 1786 δέδοικα,
889 1718 938 1778 κθν

167 1792 295 1864 σκώληκα
306 1741 405 1871 eiecere,
419 1797 468 1856 κᾶν
484 1796 556 1856 κόνιν
566 1845 575 1872 ,
585 1797 634 1857 κᾶν
648 1803 717 1879 πῦρ,
737 1798 786 1859 κᾶν
811 1798 938 1872 κόλασιν,

114 1922 117 1929 ,
166 1872 215 1931 κᾶν
232 1875 348 1954 βρυγμδν
361 1877 490 1951 ὀδόντων,
516 1877 565 1936 κᾶν
579 1877 691 1958 τέφραν,
715 1879 765 1938 κᾶν
786 1883 871 1937 θιιοῦν
894 1901 940 1957 μοι

994 1017 1109 1083 utraque
1130 1020 1363 1096 cognominatione
1395 1006 1547 1098 conpunctio
1569 1022 1631 1068 nata
1656 1025 1704 1070 est.

998 1083 1204 1144 Ascenditemm
1214 1086 1499 1146 eommunisomnrum
1509 1086 1654 1162 Dominus,
1663 1110 1708 1149 rev
1800 1150 1806 1156 ,

993 1163 1138 1224 concilians
1146 1164 1262 1224 humano
1269 1165 1563 1245 generisuumPatrem.
1572 1164 1707 1246 Quodque

993 1241 1028 1300 oh
1038 1243 1067 1302 id
1078 1242 1246 1320 ascenderit,
1258 1245 1348 1324 ipsum
1358 1244 1492 1304 dicentem
1504 1244 1856 1318 audie.Erpe-toan.16.7.

993 1322 1036 1383 dit
1045 1325 1129 1382 vohis
1137 1336 1169 1382 ut
1177 1344 1229 1402 ego
1238 1325 1351 1382 eadam
1361 1349 1367 1382 :
1378 1329 1435 1383 nisi
1444 1328 1522 1382 ertim
1530 1344 1582 1404 ego
1590 1329 1703 1400 abiero,

992 1403 1169 1461 Paracletus
1182 1423 1242 1461 non
1257 1407 1356 1461 veriet
1370 1405 1411 1462 ad
1417 1424 1491 1463 vose
1511 1402 1585 1462 Etir
1596 1403 1705 1484 signum

993 1481 1218 1541 reconciliationis
1235 1482 1369 1562 promittit
1378 1503 1407 1542 se
1419 1481 1496 1541 nohis
1509 1481 1638 1543 daturum
1651 1485 1706 1543 Pa·

993 1560 1086 1621 racleti
1105 1561 1284 1640 presentiam.
1310 1561 1384 1622 Vide
1405 1561 1478 1620 enim
1489 1560 1563 1640 quod
1575 1562 1702 1636 additur,

992 1660 1077 1717 quam
1104 1653 1228 1700 accurate
1251 1639 1399 1720 subjungat
1414 1664 1421 1697 ι
1438 1643 1479 1699 Et
1502 1644 1579 1720 ipse,
1605 1641 1750 1720 inquit,1t.
1764 1673 1784 1698 v.
1802 1656 1837 1702 ι3.

994 1720 1117 1777 deducet
1128 1739 1183 1778 vos
1197 1723 1230 1776 in
1249 1740 1362 1778 emnem
1377 1724 1555 1789 veritatem
1570 1740 1618 1780 nos
1633 1739 1703 1783 erra·

992 1796 1099 1856 hundos
1113 1797 1225 1875 seilicet,
1241 1797 1288 1875 qui
1303 1798 1358 1857 huc
1366 1811 1445 1875 atque
1456 1797 1523 1857 illuc
1537 1820 1552 1857 a
1572 1798 1703 1875 chamut,

993 1876 1113 1958 Spiritus
1129 1891 1236 1936 sanetus
1248 1875 1400 1953 demissus,
1414 1890 1524 1936 cunctos
1537 1818 1572 1938 ad
1585 1878 1706 1939 veritatis

167 1950 264 2025 εἴποις,
286 1953 374 2015 πάντα
390 1978 435 2034 μοι
455 1957 668 2039 εὐκαταφρόνητα
694 1958 739 2018 ἐπί
756 1958 879 2039 ἀπαρχὴν
891 1957 939 2029 τὴν
957 1972 975 2019 n
992 1955 1083 2014 lumen
1096 1954 1218 2017 deducet.
1234 1958 1303 2015 Nam
1318 1952 1447 2034 quoniam
1459 1969 1516 2016 erat
1529 1956 1607 2017 nobis
1619 1957 1703 2017 infen-

166 2029 234 2106 ἐμῆν
254 2036 350 2111 ὁρῶντι
363 2035 417 2094 ἅνω
440 2036 607 2114 καθημένην,
633 2035 679 2096 καί
699 2039 835 2117 μονονουχὶ
858 2047 939 2096 πᾶσιν

167 2110 314 2191 ἀνθρώποις
328 2112 515 2194 διαλεγομένην
533 2117 578 2176 καὶ
601 2119 718 2194 βοῶσαν,
734 2115 868 2187 ἀπόστητε
891 2121 940 2189 τῆς

166 2188 297 2340 βφθχμίας
311 2193 413 2266 λοιπὸν,
424 2193 469 2252 καί
485 2195 612 2274 ἐπέγνωτε
623 2194 672 2267 τὴν
683 2199 783 2254 ἑαυτῶν
798 2194 939 2274 εὐγένειαν,

166 2271 208 2326 ἐνν
244 2292 336 2337 σαντες
350 2272 381 2332 τδ
395 2270 490 2350 μέτρον
508 2279 561 2334 τῶν
583 2276 702 2353 δωρεῶν,
714 2266 751 2334 ῶν
762 2278 820 2353 μετ’
832 2276 861 2335 οὗ
872 2273 939 2334 πολὺ

165 2345 215 2418 την
231 2349 371 2426 μετουσίαν
379 2352 552 2433 ὑποδέχεσθαι
568 2353 687 2430 μέλλετε.
698 2353 941 2432 ’Συναυλιζόμενος

165 2425 219 2507 γὰρ
242 2432 328 2496 αὐτοῖς
342 2431 519 2514 παρήγγειλεν
534 2434 587 2493 ἀπὸ
601 2432 791 2514 Ἱεροσολύμων
806 2432 843 2516 μὴ
857 2433 939 2515 χωρί-

166 2508 271 2578 ζεσθαι,
284 2509 353 2569 ἀλλὰ
366 2512 516 2611 περιμένειν
527 2510 577 2583 τὴν
588 2511 745 2592 ἐπαγγελίαν
759 2521 806 2574 τοῦ
823 2512 938 2593 Πατρός.

165 2581 240 2664 Ὅρα
260 2588 305 2646 καὶ
325 2593 352 2648 ἐν
365 2613 449 2670 τούτῳ
468 2592 532 2663 κηδε
555 2591 625 2651 σνίαν
637 2590 789 2652 moretm·
805 2590 866 2652 ίθόιν
886 2591 939 2674 γθρ

167 2665 216 2733 τῆς
228 2666 393 2744 ἀνθρωπίνης
404 2668 505 2749 φύσεως
550 2694 564 2728 ν
575 2670 720 2745 ἀσθένειαν,
732 2670 778 2731 καί
789 2671 830 2731 ότι
839 2673 939 2744 πολλῆς

167 2744 251 2801 δεῖται
262 2748 433 2826 συμμαχίας,
445 2747 590 2828 ἐχαρίσατο
599 2748 648 2821 τὴν
658 2755 703 2810 τοῦ
717 2750 792 2830 θγίου
811 2752 939 2829 Πνεύμα-

166 2844 211 2888 τος
225 2822 413 2900 βοήθειαν,ίνα
423 2825 637 2905 ύκαταγύινιστες
654 2828 789 2907 γένηταιθ
803 2829 939 2909 ἅνθρωπος

166 2901 234 3002 πρὸς
247 2901 292 2969 τὰς
306 2910 352 2962 τοῦ
364 2904 633 3054 θιαύολαεμηγργναίς.
644 2909 699 2969 Καὶ
712 2909 807 2968 ταῦτδν
818 2908 938 2989 γέγονεν,

167 3003 265 3062 ωσπερ·
291 3007 305 3040 ν
326 2983 352 3042 εἴ
371 3008 411 3051 τις
430 3008 550 3066 στρατηγ

168 3060 246 3119 αὐτὸν
260 3062 435 3140 ταττομένους
452 3087 484 3122 στ
503 3063 631 3139 ατιώτας,
644 3071 674 3128 οὐ
686 3066 812 3148 φέροντας
823 3065 872 3134 τθις
885 3072 938 3128 τῶν

167 3139 291 3203 ἐναντίων
306 3140 434 3218 ἀπειλὰς,
453 3146 470 3202 ἀ
505 3144 522 3203 δ
536 3145 805 3226 καταπεπληγμένους
822 3146 937 3220 ὑπὸτῆς

167 3218 296 3294 ἀγωνίας,
317 3220 435 3290 ἅπαντας
457 3222 549 3289 αὐτούς
570 3224 754 3363 ἐπγβριύσειεν,
776 3225 937 3307 περιφράξας

165 3299 331 3379 πανταχόθεν
356 3300 456 3382 θώρακι
475 3301 522 3364 καί
547 3307 602 3362 αἰσπ
631 3319 639 3364 ι
660 3305 710 3365 καθ’
724 3330 759 3366 πε
777 3307 936 3387 ικεφαλαίφ,

164 3376 210 3434 καί
223 3380 256 3454 τῇ
268 3381 349 3460 λοιπῇ
359 3381 521 3462 παντευχία·
536 3380 605 3442 οὕτω
616 3382 648 3456 δὴ
660 3385 706 3444 καί
719 3390 733 3444 θ
747 3330 844 3464 ίέύριος
859 3389 936 3463 ἡμῶν

164 3453 270 3528 Ἰησοῦς
287 3460 401 3538 Χριστὸς
418 3444 576 3540 θεασόμενος
594 3463 696 3536 πολλὴν
715 3453 794 3524 αἶσαν
814 3461 863 3533 τὴν
883 3468 936 3522 τῶν

164 3535 288 3596 ἐναντίων
300 3538 435 3616 δυνόμεων
447 3541 615 3614 δυναστείαν,
627 3542 673 3601 καί
687 3541 730 3601 διδ
747 3548 824 3602 τοῦτο
836 3543 937 3613 πολλῆς

160 3609 293 3691 θεομένην
305 3618 426 3697 βοηθείας
438 3619 487 3691 τὴν
498 3620 664 3700 ἀνθρωπίνην
677 3620 771 3700 φύσιν,
784 3620 937 3702 ἐδωρήσατο

163 3700 210 3752 τοῦ
222 3695 296 3775 ἁγίου
303 3698 464 3776 ,Πνεύματος
482 3698 530 3772 τλν
546 3699 640 3782 χάριν,
654 3698 698 3759 ἵνα
718 3706 732 3760 ό
753 3698 881 3782 πρότερον
892 3701 936 3758 δε-

164 3769 226 3839 διὼς
234 3778 288 3833 τῶν
300 3778 433 3857 δαιμόνων
444 3777 492 3847 τθις
510 3778 661 3860 φόλαιγγας,
679 3787 724 3840 νῦν
739 3779 847 3846 ταύταις
860 3777 936 3861 φοόε-

164 3852 207 3929 pbr
218 3855 299 3934 θφθῇ,
313 3857 359 3916 καὶ
378 3858 568 3931 καταπλήττη,
582 3860 628 3919 καί
644 3859 721 3939 μόνον
733 3859 820 3939 ὀφθεὶς
835 3859 935 3918 ἀπελό·

163 3954 197 4010 σῃ
212 3933 257 3991 τδν
271 3935 356 3994 δολιον
375 3938 442 4016 θφιν.
458 3923 577 4011 Τοιαύτη
592 3937 628 4018 γθι
658 3945 739 4012 ἡτυῦ
752 3938 826 4017 ἁγίου
849 3936 936 3998 Πνεύ-

165 4035 247 4087 ματος
257 4014 349 4097 χοίρις·
361 4017 426 4075 ὅπου
449 4016 501 4097 γὰρ
517 4017 549 4076 ἂν
562 3962 671 4099 φανείη,
686 4020 854 4098 δραπετεύειν
865 4027 936 4078 ποιεῖ

163 4094 217 4148 τῶν
229 4094 359 4171 δαιμόνων
371 4096 417 4164 τὰς
431 4096 581 4176 φάλαγγας,
596 4097 641 4156 καὶ
654 4097 743 4164 πόσας
755 4097 804 4165 τὰς
821 4101 936 4157 αἰντικει·

164 4169 244 4246 μένας
264 4174 395 4250 δυνάμεις.
410 4176 532 4256 Λήψεσθε
545 4177 613 4256 γθιρ,
630 4176 712 4258 φησί,
733 4176 842 4256 δύναμιν
855 4178 936 4236 ἐπελ-

164 4248 252 4319 θόντος
275 4260 320 4312 τοῦ
335 4253 409 4331 ἁγίου
428 4254 582 4332 Πνεύματος
602 4259 642 4337 ἐφ’
668 4263 736 4336 ὑμᾶς
743 4303 751 4332 ,
776 4257 821 4316 καὶ
845 4255 936 4316 ἔσεσθέ

165 4353 211 4407 μοι
223 4331 353 4414 μάρτυρες
374 4332 401 4391 ἐν
420 4358 449 4393 τε
469 4333 658 4416 Ἰερουσαλὴμ,
682 4336 728 4396 καί
755 4338 782 4394 ἐν
803 4337 876 4416 πόση
901 4340 935 4412 τῇ

993 2056 1058 2108 sus,
1071 2054 1121 2094 nos
1131 2055 1197 2094 rere
1210 2035 1301 2096 adhuc
1318 2035 1543 2115 benignissimum
1557 2036 1706 2097 Dominum

992 2113 1203 2186 aversabamur,
1240 2114 1358 2195 seipsum
1387 2114 1507 2173 medium
1535 2115 1706 2196 interponens

981 2239 983 2242 >
994 2191 1127 2252 Dominus
1136 2208 1224 2253 noster
1235 2193 1360 2252 Christus
1373 2192 1616 2253 reconciliationem
1627 2194 1706 2254 nohis

992 2285 1118 2353 operatus
1128 2286 1176 2333 est.
1194 2275 1265 2335 Vere
1274 2272 1346 2331 enim
1357 2271 1475 2331 mediam
1486 2271 1556 2352 sepis
1563 2273 1706 2333 maceriem
1796 2299 1811 2316 ν

993 2349 1084 2412 solvit.
1107 2350 1213 2411 idcirco
1225 2351 1325 2411 bonam
1335 2351 1460 2432 deinceps
1471 2350 1614 2430 repositam
1627 2351 1706 2413 nobis
1715 2354 1799 2413 apter.
1808 2366 1832 2398 ¹·

994 2450 1069 2513 spem
1082 2430 1231 2508 hahemus,
1246 2431 1281 2490 ad
1293 2430 1476 2513 primitiarum
1488 2442 1640 2490 nostrarum
1651 2433 1707 2491 Do-
1719 2418 1755 2475 ’θ’

993 2511 1098 2570 minum
1109 2509 1288 2589 respicientes.
1302 2509 1446 2588 Quidquid
1452 2509 1524 2569 enim
1530 2507 1656 2591 deinceps
1665 2510 1707 2570 di-

993 2590 1080 2664 xeris,
1094 2610 1146 2648 non
1156 2589 1275 2670 amplius
1284 2589 1381 2665 timeo,
1395 2590 1452 2649 sire
1461 2609 1580 2650 vermem
1589 2588 1707 2665 dixeris,

994 2670 1051 2731 sive
1059 2669 1209 2748 pulverem,
1221 2669 1279 2731 sive
1287 2669 1388 2759 ignem,
1401 2666 1459 2728 sive
1468 2681 1601 2728 tormento
1606 2669 1709 2757 m,sive

992 2749 1137 2811 stridorem
1142 2747 1280 2823 dentium,
1291 2769 1348 2807 sive
1355 2747 1483 2824 cinerem,
1493 2746 1550 2805 sire
1558 2748 1707 2826 quodcum·

992 2851 1044 2906 que
1052 2827 1160 2890 tandem
1171 2827 1247 2887 aliud
1256 2827 1323 2887 mihi
1332 2826 1447 2900 dixeris,
1457 2825 1547 2885 omnia
1555 2827 1622 2886 mihi
1628 2828 1708 2887 facile

991 2907 1143 2989 superanda
1154 2920 1233 2982 sunt,
1256 2906 1391 2988 primitias
1408 2906 1469 2965 illas
1481 2926 1555 2965 meas
1567 2906 1708 2967 Christum

599 2988 705 3070 ἄριστος
728 2987 790 3047 ἰδὼν
807 2985 867 3054 τοὺς
893 2991 938 3048 ὑπ’
955 2999 973 3048 c
991 2984 1708 3069 aspicienti,sursumsedentem,etpropemodumcum

991 3069 1117 3129 omnibus
1132 3065 1288 3126 hominihus
1301 3065 1474 3127 disserentem
1488 3077 1515 3123 et
1528 3063 1705 3125 clamantem:

991 3148 1133 3228 ignaviam
1147 3144 1254 3205 tandem
1263 3144 1390 3225 abjicite,
1406 3157 1432 3202 et
1442 3142 1577 3224 agnoscite
1589 3158 1705 3205 restram

992 3229 1157 3288 nobilitatem
1168 3270 1176 3299 ,
1191 3223 1387 3284 considerantes
1395 3245 1547 3283 mensuram
1558 3223 1707 3299 donorum,

991 3327 1106 3385 quorum
1115 3303 1260 3395 participes
1268 3324 1320 3363 non
1332 3303 1369 3362 ita
1379 3302 1532 3382 multopost
1540 3303 1704 3363 futuriestis.
1773 3321 1778 3332 ·
1802 3342 1805 3346 <

992 3388 1253 3445 Conversansemm
1261 3385 1398 3461 proecepit
1409 3385 1450 3440 eis
1460 3384 1498 3438 ah
1508 3382 1707 3457 lerosolymt's
1717 3391 1769 3436 Ace.
1785 3404 1805 3436 ι.
1816 3389 1837 3452 η.

992 3485 1029 3523 πε
1039 3463 1237 3533 discederent,
1255 3461 1307 3518 sed
1323 3471 1525 3538 exspectarent
1538 3463 1709 3539 promissio·

990 3563 1056 3603 nem
1066 3544 1177 3601 Patris.
1188 3540 1273 3598 Cerne
1283 3551 1309 3596 et
1321 3538 1349 3596 in
1360 3536 1413 3596 hoo
1424 3537 1638 3599 sollicitudinem
1648 3540 1708 3598 Do·

990 3621 1070 3699 mini3
1082 3617 1257 3682 vidensenim
1266 3617 1392 3676 humanae
1402 3629 1503 3684 naturae
1511 3616 1707 3695 infirmitatem,

990 3721 1103 3779 eamque
1125 3717 1222 3777 magno
1248 3695 1412 3776 indigentem
1439 3694 1564 3771 auxilio,
1588 3697 1709 3779 Spiritus

990 3780 1075 3839 sancti
1092 3777 1208 3860 prebuit
1220 3796 1310 3856 opem,
1331 3789 1360 3833 ut
1375 3772 1492 3833 invictus
1512 3772 1608 3836 evadat
1626 3777 1709 3837 homo

990 3858 1118 3921 adversus
1126 3855 1339 3915 machinamenta
1349 3853 1460 3913 diaboli.
1473 3852 1589 3915 Etidem
1595 3854 1705 3928 accidit,

990 3931 1708 4019 utsipraestantissimusquisbclliduxordinatossub

988 4039 1017 4078 se
1042 4037 1150 4077 cernens
1172 4014 1282 4089 milites,
1302 4014 1390 4074 minas
1411 4013 1629 4075 adversariorum
1654 4037 1705 4076 non

989 4093 1707 4174 ferentes,sedcertaminismetuperculsos,oosomnes

990 4178 1141 4247 confirmet,
1173 4173 1297 4232 muniens
1321 4172 1439 4250 undique
1465 4172 1583 4250 thorace,
1608 4189 1705 4250 scuto,

990 4256 1076 4335 galea,
1087 4253 1228 4331 etreliqua
1244 4265 1401 4312 armatura:
1419 4252 1455 4310 ita
1469 4265 1495 4310 et
1511 4252 1644 4314 Dominus
1655 4275 1706 4314 no-

990 4349 1044 4395 ster
1056 4337 1134 4397 Jesus
1147 4333 1282 4408 Christus,
1296 4330 1428 4410 aspiciens
1442 4351 1566 4410 magnam
1579 4332 1707 4392 adversa·

163 4407 279 4490 Ἰουδαίιρ
301 4412 346 4471 καί
361 4412 518 4495 Σαμαρείᾳ,
541 4415 586 4475 καὶ
602 4413 652 4483 ἐως
670 4416 783 4497 ἐσχάτου
808 4421 855 4488 τῆς
874 4419 933 4494 γῆς.
953 4436 972 4482 ιι
990 4414 1093 4474 riarum
1100 4424 1263 4494 potestatum
1272 4410 1329 4472 vim
1340 4423 1421 4500 atqu-e
1429 4412 1586 4547 potentiam,
1597 4425 1624 4471 ct
1634 4411 1670 4472 ob
1678 4412 1708 4471 id
1724 4432 1726 4435 ’

163 4488 213 4553 Τίς
236 4489 262 4547 δέ
277 4482 312 4563 ἦν
324 4490 390 4565 αῦτη
411 4498 428 4564 ἡ
447 4493 568 4572 δύναμις,
582 4494 671 4577 Ὅπερ
692 4496 737 4553 καί
756 4494 848 4576 πρῴην
871 4494 936 4576 πρὸς

163 4569 256 4638 αύτούς
276 4571 381 4650 ἔλεγεν·
408 4572 589 4641 Ἀσθενοῦντας
618 4573 794 4655 θεραπεύετε,
822 4570 935 4651 λεπροὺς

162 4650 331 4729 καθαρίζετε,
349 4652 472 4731 δαιμόνια
493 4653 652 4727 ἐκβάλλετε,
674 4653 719 4713 καλ
739 4652 789 4713 όσα
809 4659 933 4712 τοιαῦτα·

162 4729 299 4810 οὐδὲνγὰρ
313 4729 387 4790 ἐσται
399 4732 519 4811 νόσημα,
533 4734 627 4814 φησὶν,
641 4732 724 4801 οὕτως
743 4731 861 4813 ἰσχυρόν,
871 4732 885 4791 ό
896 4730 934 4809 μὴ

989 4495 1136 4552 humanam
1149 4504 1275 4550 naturam
1289 4509 1386 4567 magno
1401 4510 1428 4546 in
1451 4489 1566 4568 igentem
1581 4490 1686 4551 auxilio
1695 4537 1704 4567 ,

988 4572 1100 4633 donarit
1114 4585 1140 4630 et
1153 4570 1269 4650 gratiam
1282 4568 1401 4649 Spiritus
1414 4570 1510 4647 sancti,
1525 4584 1554 4629 ut
1590 4571 1616 4630 ui
1630 4571 1707 4652 prius

987 4651 1143 4711 demonum
1157 4649 1304 4730 phalangas
1317 4646 1440 4724 timebat,
1454 4669 1527 4708 nune
1540 4592 1635 4709 iisdem
1651 4651 1706 4711 for-

989 4729 1128 4790 midabilis
1141 4741 1278 4809 appareat,
1285 4740 1312 4784 ct
1320 4727 1377 4785 solo
1385 4742 1493 4807 aspectu
1503 4728 1704 4790 fraudulentum

163 4807 218 4886 εἴξῃ
228 4815 261 4886 τῇ
278 4817 324 4870 τοῦ
336 4809 410 4889 ἁγίου
420 4811 576 4891 Πνεύματος
590 4812 707 4890 δυνάμει.
721 4811 860 4872 Τοσούτων
871 4816 934 4889 ἡμῖν
990 4809 1266 4900 repellatserpentem.
1276 4805 1352 4865 Talis
1361 4807 1432 4896 enim
1442 4822 1482 4866 est
1491 4807 1705 4889 gratiaSpiritus

163 4889 268 4967 ἀγαθῶν
281 4889 352 4948 αἰτία
366 4888 496 4970 γέγονενὴ
511 4893 625 4972 τήμερον
636 4892 733 4970 ἡμέρα.
749 4891 871 4972 Σήμερον
902 4889 936 4970 dp
991 4888 1250 4949 sancti2ub1enim
1272 4907 1299 4944 se
1314 4886 1474 4963 manifestat,
1497 4887 1573 4966 fugat
1596 4890 1704 4968 agmina

163 4967 298 5028 ἀπελαύον
325 4968 448 5048 ἄγγελοι,
468 4969 485 5028 θ
509 4972 594 5031 πύλαι
609 4971 772 5048 ἐπεθύμουν,
795 4969 842 5043 την
859 4992 936 5051 φυσιν
990 4967 1155 5042 demonum,
1178 4979 1339 5043 cunctasque
1359 4979 1501 5044 potestates
1524 4965 1704 5028 adversarias.

162 5048 212 5119 την
224 5048 358 5127 ἡμετέραν
370 5052 480 5127 ὁρῶντες
496 5051 549 5110 ἀπὸ
566 5058 612 5110 τοῦ
626 5050 716 5131 θρόνου
736 5050 936 5128 ἀστρόπτουσαν
992 5047 1165 5127 Accipietis,
1193 5045 1289 5124 inquit,
1319 5048 1458 5103 virtulem
1479 5051 1707 5126 supervenientis

165 5135 211 5189 τοῦ
228 5131 372 5208 βασιλικοῦ.
385 5130 440 5190 Καὶ
451 5128 494 5188 ἵνα
509 5131 596 5210 μόθῃς
611 5131 640 5190 τὸ
653 5131 775 5210 θιαίφορον
789 5129 880 5189 δούλου
893 5128 938 5188 καί
993 5127 1118 5207 Spiritus
1126 5130 1222 5186 sancti
1234 5128 1267 5183 ιἰι
1277 5145 1344 5201 vos,
1357 5137 1385 5184 ct
1397 5128 1478 5184 eritis
1489 5127 1562 5185 mibi
1578 5140 1663 5189 testes
1677 5133 1709 5188 in

202 5303 212 5327 ε
229 5290 259 5340 Io
271 5289 338 5340 Actis
354 5292 441 5359 Apost.
453 5289 538 5343 nraece
549 5285 639 5356 legitur
652 5293 829 5356 τωαλιςομενος.
843 5287 872 5338 lo
883 5284 1004 5354 Vulgata,
1016 5299 1163 5336 convescens
