3764 5992
5 569 6 572 ¹
23 561 98 590 nete}-

109 426 158 513 44
415 444 445 491 s.
473 443 613 493 ioannis
640 443 822 491 crmrsosr.
853 443 1009 491 secutur.
1037 443 1305 495 consummor.

107 569 267 631 simisimus
282 589 313 627 ac
328 567 500 645 validissimi,
521 569 545 629 si
560 568 635 628 illius
653 569 723 627 absit
750 568 830 627 auxi·
883 593 946 642 νης,
966 572 1014 637 τῆς
1041 570 1139 628 ἀνοιθεν
1159 571 1278 648 βοηθείας
1304 573 1493 652 ἀποστερηθεὶς
1522 571 1664 651 ἐλέγχεται

5 1185 96 1234 amir.

15 2970 48 3001 or.
61 2969 96 3002 to.

108 661 188 735 lium,
212 681 245 720 ne
258 660 387 721 mediocri
400 659 512 740 quidem
526 660 674 741 poterimus
691 659 832 720 tentationi
887 660 999 743 ῥαδίως,
1024 661 1069 719 καί
1092 663 1309 734 θποσκελίζεται,
1335 662 1380 721 καί
1413 664 1586 722 καταπίπτει.
1609 666 1663 722 Καὶ

107 753 238 814 resistcre.
254 752 309 815 Sed
320 752 389 832 quid
399 774 449 833 ego
462 752 497 812 de
510 752 586 811 uobis
599 751 703 811 vilibus
717 765 743 810 et
758 752 833 832 obje·
887 751 954 834 ὑπὲρ
968 751 1067 813 τούτοιν
1079 754 1159 812 αὐτοῦ
1173 759 1218 813 τοῦ
1233 756 1349 833 Χριστοῦ
1362 753 1450 833 φωνὴν
1461 759 1523 831 ὑμῖν
1541 754 1661 833 ἀναγνώ-

107 843 157 904 ctis
172 843 293 923 loquor.o
308 843 384 903 Licet
398 845 502 904 Paulus
513 843 547 902 sit
559 841 657 922 aliquis
668 856 715 901 aut
730 845 834 914 Petrus,
890 867 985 923 σομαι·
1000 849 1038 926 τῷ
1061 844 1113 926 γὰρ
1134 845 1231 925 Πέτρῳ
1251 846 1343 924 φησίν·
1358 844 1425 906 Ἰδοὺ
1435 851 1449 905 δ
1459 857 1577 914 σατανῦς
1597 845 1660 922 ᾐτη-

106 934 168 1000 licet
183 935 301 998 Jacobus
314 949 361 995 aut
373 937 499 1009 JoanneS,
517 933 640 993 subsidio
658 933 757 992 celesti
772 934 834 1014 pri·
889 960 969 1009 σατο,
980 935 1023 995 ἵνα
1041 937 1145 1016 σινιοίσῃ
1160 942 1228 1014 ὑμᾶς
1241 941 1277 1005 ὡς
1292 937 1337 997 τὸν
1357 945 1441 997 σῖτον
1459 936 1535 1017 κάγὼ
1553 938 1659 1008 ἐδεήθην

106 1042 185 1088 vatus
201 1028 280 1088 facile
290 1028 423 1104 vincitur,
439 1042 465 1087 et
479 1026 653 1107 supplentur,
665 1039 691 1084 et
703 1025 832 1084 concidit.
888 1027 949 1108 περὶ
962 1034 1024 1099 σοῦ,
1034 1027 1078 1087 ίνα
1094 1027 1132 1106 μὴ
1145 1028 1240 1107 ἐκλίπῃ
1264 1035 1282 1100 ἡ
1303 1029 1392 1097 πίστις
1405 1053 1461 1089 σου.
1472 1033 1497 1089 Τ
1500 1030 1508 1087 ί
1527 1033 1600 1102 ἐστι,
1622 1053 1659 1087 σι·

106 1116 151 1178 hd
161 1118 219 1176 haec
229 1117 319 1178 omnia
331 1117 429 1176 tuenda
442 1116 522 1176 vobis
538 1113 641 1174 Christi
656 1114 743 1195 ipsius
757 1135 834 1173 voces
887 1118 989 1192 νιοίσαι,
1005 1120 1139 1201 Ἄγαγεῖν,
1161 1131 1348 1201 περιαγαγεῖν,
1369 1124 1512 1194 σαλεῦσαι,
1536 1126 1658 1192 κινῆσαι.

106 1208 242 1282 recitabo:
259 1208 392 1288 siquidem
408 1209 487 1267 Petro
512 1205 584 1266 dixit
599 1229 605 1264 :
620 1210 699 1265 Ecce
711 1218 834 1277 satanas
888 1213 1055 1284 διαδονῆσαι,
1067 1213 1222 1292 βασανίσαι,
1235 1213 1299 1292 ὅπερ
1312 1213 1355 1272 ἐπί
1370 1218 1422 1273 τῶν
1441 1214 1658 1289 κσσκινιζομένων

106 1306 220 1383 petivit,
244 1315 276 1360 nt
297 1305 439 1361 cribraret
458 1320 514 1359 vos
532 1303 608 1359 sicut
632 1303 760 1357 triticum
776 1321 785 1355 .·
804 1310 834 1356 et
886 1305 1002 1383 γίνεται·
1018 1308 1076 1366 ἀλλ’
1090 1305 1157 1386 ἐγὼ,
1172 1307 1261 1386 φησίν,
1276 1307 1399 1386 ἐπέσχον,
1412 1306 1488 1372 εἰδὼς
1498 1307 1594 1365 διιτὸν
1603 1332 1658 1365 πει-

107 1415 160 1473 880
175 1396 342 1472 ΓθὸᾱνίΡΐθ
360 1404 403 1462 ίθν
429 1404 461 1451 ῑῑί
480 1412 540 1466 θθῖῑ
553 1390 757 1471 defisslalfidsss
771 1403 832 1449 Wa-
864 1398 988 1480 ’ρααμὸν
1010 1400 1163 1477 ἐνεγκεῐνοθ
1178 1398 1306 1458 δύνασθε·
1323 1399 1354 1458 τὸ
1366 1396 1418 1478 γάρ
1440 1401 1536 1468 εἰπεῖν,
1550 1397 1607 1458 Ἵνα
1622 1399 1657 1476 μὴ

109 1483 186 1559 Quid
207 1497 246 1543 est
275 1482 415 1542 cribrare?
441 1481 599 1555 Abducere,
622 1481 833 1557 circumducere,
886 1490 981 1569 ἐκλίπῃ
995 1491 1112 1560 petati<
1128 1514 1184 1561 σου,
1197 1488 1336 1563 δηλοῦντός
1349 1492 1429 1560 ἐστιν,
1444 1489 1485 1548 ὅτι
1504 1491 1657 1569 εἰσσυνεχύι-

109 1575 259 1655 enagitare,
271 1595 397 1651 morere,
415 1572 711 1650 concutere,divexare,
721 1574 791 1634 sicut
805 1574 832 1633 in
850 1592 868 1639 n
888 1605 975 1664 μησεν,
986 1581 1103 1650 ἐξέλιπεν
1122 1581 1152 1640 ἂν
1168 1584 1247 1640 αὐτοῦ
1263 1586 1280 1653 ἡ
1299 1581 1397 1648 πίστις.
1409 1584 1452 1641 Ἐἰ
1474 1581 1502 1642 δὲ
1528 1582 1629 1661 Πέτρος
1644 1587 1658 1640 ὁ

108 1667 143 1727 iis
164 1690 225 1746 quae
239 1666 329 1728 cribro
349 1667 577 1726 ventilanturzat
591 1687 641 1748 ego
657 1666 831 1741 cohibebam,
885 1676 979 1755 θερμὸς
1001 1675 1113 1754 ἐραστὴς
1136 1681 1181 1735 τοῦ
1202 1676 1318 1756 Χριστοῦ
1341 1674 1387 1732 καί
1408 1675 1457 1746 την
1481 1674 1570 1755 ψυχὴν
1594 1675 1659 1752 ὑπὲρ

108 1761 208 1840 inquit,
221 1760 375 1840 intelligens
398 1781 567 1839 nequaqnam
588 1781 667 1842 posse
689 1781 736 1821 vos
750 1773 832 1818 tenta·
885 1769 964 1827 αὐτοῦ
973 1765 1096 1847 μυριάκις
1107 1765 1227 1841 ἐπιδάις,
1241 1764 1286 1825 καὶ
1301 1767 1443 1845 προπηδῶν
1459 1767 1501 1826 ἀεὶ
1520 1775 1566 1828 τοῦ
1579 1773 1658 1848 χοροῦ

108 1854 208 1913 tionem
217 1850 514 1919 σιιειίπειεςειιιιιευίιιι
522 1851 571 1929 ait,
578 1854 624 1910 Ne
633 1853 752 1932 deficiat
752 1851 835 1932 fides
883 1863 936 1920 τῶν
950 1859 1113 1932 ἀπυστιθιων,
1128 1859 1172 1917 καὶ
1186 1858 1260 1939 παρδ
1277 1864 1323 1919 τοῦ
1335 1858 1495 1918 διδασκάλου
1510 1861 1658 1940 μακαριζό-

108 1962 172 2022 tua,
189 1949 241 2007 hoc
256 1947 405 2028 significat,
416 1947 637 2022 iuturumluisse,
651 1962 682 2007 ut
693 1948 761 2007 tides
774 1948 832 2027 ejus
886 1977 977 2030 μενος,
992 1952 1037 2011 καὶ
1059 1952 1103 2011 διδ
1122 1957 1199 2012 τοῦτο
1213 1951 1314 2033 Πέτρος
1338 1951 1458 2023 κληθεὶς,
1473 1952 1566 2022 ἐπειδὴ
1583 1951 1659 2009 eiect-

106 2039 243 2117 desroeret,
257 2040 279 2100 si
291 2040 339 2099 ille
350 2039 525 2120 permisisset.
541 2039 624 2112 Quod
634 2040 658 2100 si
671 2043 768 2100 l‘etms
781 2041 834 2098 scr·
884 2069 944 2106 στιν
959 2034 1014 2125 εἶχε
1036 2043 1082 2103 καί
1104 2043 1295 2123 ἀπερίτρεπτον
1317 2041 1367 2115 τὴν
1386 2041 1488 2116 πίστιν,
1504 2043 1605 2122 ἠνέχθη
1628 2042 1659 2100 ἀν

107 2132 189 2193 vidus
202 2146 305 2193 amator
322 2132 435 2206 Christi,
449 2132 497 2211 qui
511 2132 628 2191 animam
644 2152 720 2191 suam
734 2133 833 2192 millies
884 2137 930 2198 καὶ
944 2142 990 2209 τῆς
1005 2135 1144 2216 ὁμολογίας
1158 2135 1291 2205 ἐξέπεσεν,
1311 2139 1335 2194 εἰ
1355 2133 1539 2216 συνεχώρησεν
1557 2138 1572 2192 ὁ
1593 2137 1659 2212 Χρι-

108 2244 161 2305 pro
181 2223 242 2305 ipso
261 2222 397 2305 exposuit,
419 2223 520 2301 quique
535 2244 639 2304 semper
654 2237 716 2282 aute
736 2238 834 2284 coetum
885 2231 944 2297 στὸς
957 2233 996 2309 τῷ
1008 2228 1122 2309 διαῦίλαμ
1136 2229 1262 2309 πειράσαι
1273 2226 1332 2288 ὅσον
1346 2226 1490 2298 ἠύούλετο,
1512 2225 1553 2295 τίς
1573 2224 1660 2306 ἕτερος

106 2317 214 2398 prosilit
235 2316 432 2399 apostolorum,
448 2329 475 2375 et
492 2317 615 2376 beatusa
635 2317 764 2398 magistro
784 2340 833 2378 suo
847 2365 871 2403 ω
885 2326 979 2394 σι-ἠναι
1002 2321 1141 2393 δυνήσεται
1166 2320 1247 2400 χωρὶς
1273 2325 1320 2392 τῆς
1343 2320 1422 2379 αὐτοῦ
1447 2317 1587 2396 βοηθείας,
1609 2318 1660 2375 Διά

106 2408 278 2490 predicatur,
292 2407 406 2487 ideoque
416 2410 512 2468 Petrus
527 2409 678 2491 appellatus
696 2423 744 2486 est,
759 2410 833 2490 quod
850 2422 960 2475 λεσῦτο
972 2413 1018 2474 καὶ
1033 2413 1139 2479 Παῦλός
1151 2435 1232 2493 φησι·
1248 2411 1347 2479 Πιστὸς
1369 2409 1397 2469 δέ
1419 2415 1434 2469 δ
1456 2411 1541 2483 Θεδς,
1562 2410 1591 2477 t<
1614 2411 1661 2468 ούκ

106 2500 265 2560 inconcussa
274 2513 299 2560 et
309 2499 473 2559 immutabili
489 2500 683 2582 iidepraeditus
696 2515 774 2580 esset,
784 2501 832 2562 de·
884 2507 956 2568 ἐάσει
966 2512 1034 2584 ὑμᾶς
1045 2510 1219 2585 πειρασθῆναι
1228 2502 1295 2583 ὑπὲρ
1308 2503 1322 2564 ὃ
1337 2502 1463 2575 δύνασθε,
1476 2500 1546 2561 ἀλλά
1555 2502 1661 2574 ποιήσει

103 2593 191 2674 jectus
211 2593 322 2668 suisset,
338 2606 364 2651 ct
385 2613 399 2650 a
418 2592 582 2653 confessione
611 2591 769 2666 excidisset,
786 2595 827 2665 si,
883 2598 1131 2679 σθντῷπειρασμῷ
1145 2594 1430 2668 καδτὴνέκύασιντοῦ
1445 2592 1571 2653 δύνασθαι
1593 2600 1661 2673 ὑμᾶς

107 2698 239 2762 quantum
258 2685 350 2760 vellet,
364 2697 465 2744 tentare
473 2683 716 2745 diaboloChristus
726 2687 832 2766 permi-
881 2694 1041 2769 ὑπενεγκεῖν.
1070 2690 1112 2750 Oi
1134 2687 1211 2766 μόνον
1233 2687 1303 2768 γὰρ,
1322 2687 1402 2768 φησί,
1424 2687 1573 2768 πειρασμὸν
1595 2686 1662 2765 ὑπὲρ

107 2774 192 2850 sisset,
208 2776 270 2856 quis
295 2776 366 2835 alius
385 2775 485 2855 absque
501 2776 576 2836 illius
601 2777 705 2836 auxilio
732 2779 831 2858 poterit
882 2783 992 2860 δύναμιν
1006 2785 1053 2841 οὐκ
1077 2781 1184 2861 ἀρίησιν
1199 2782 1391 2860 ἐπενεχθῆναι,
1408 2776 1478 2838 ἀλλά
1492 2781 1539 2838 καί
1547 2781 1575 2837 ἐν
1590 2782 1662 2858 αὐτῷ

107 2887 238 2945 umquam
247 2864 534 2938 resisterei'Quocirca
544 2866 611 2927 dicit
619 2867 701 2927 e'tiam
720 2870 831 2944 Paulus,
881 2879 920 2957 τῷ
942 2872 1012 2934 κατὰ
1037 2872 1146 2950 δύναμιν
1166 2872 1322 2952 ἐπαγομένῳ
1344 2871 1458 2952 πάρεστι
1475 2870 1660 2938 διαύαστάζιυν

108 2960 223 3018 Fidelis
238 2960 332 3036 Deus,
351 2965 401 3040 qui
422 2980 482 3018 non
502 2961 634 3039 patietur
650 2980 706 3019 oros
725 2965 834 3020 tentari
882 2972 954 3042 ἡμᾶς
980 2966 1025 3025 καὶ
1044 2967 1205 3044 συγκροτῶν,
1225 2963 1287 3022 ὅταν
1303 2969 1380 3040 ἡμεῖς
1405 2962 1533 3044 πρότερον
1546 2963 1581 3022 τά
1596 2959 1662 3042 παρ’

106 3071 196 3132 supra
209 3053 252 3128 id,
267 3052 348 3132 quod
364 3057 485 3130 potestis
500 3074 508 3107 :
521 3053 575 3110 sed
585 3053 678 3130 faciet
692 3074 760 3112 cum
771 3066 834 3112 ten·
884 3062 984 3118 ἑαυτῶν
999 3057 1198 3137 εἰσενέγκοιμεν,
1212 3047 1265 3115 οἷον
1280 3053 1439 3135 προθυμίαν,
1454 3055 1550 3115 ἐλπίδα
1563 3053 1614 3128 τὴν
1626 3057 1662 3121 τίς

108 3149 219 3203 tatione
230 3157 416 3225 proventum,
429 3158 461 3203 ut
477 3148 595 3225 possitis
610 3150 763 3207 sustinere.
774 3148 834 3206 Non
885 3149 1170 3233 ιιύτὸυ,εῦχαριστίαν,
1187 3148 1339 3229 καρτερίαν,
1354 3146 1498 3226 ὑπομονήν.
1520 3145 1594 3207 Οὔτε
1609 3147 1662 3226 γὰρ

108 3236 180 3296 enim
195 3249 313 3308 tantum,
329 3235 427 3314 iuquit,
452 3257 536 3317 supra
548 3237 620 3298 vires
634 3237 728 3298 inferri
746 3252 833 3298 tenta-
888 3245 964 3325 μόνον
980 3248 1007 3304 ἐν
1023 3252 1077 3310 τοῖς
1094 3239 1161 3323 ὑπὲρ
1185 3240 1296 3320 δύναμιν
1312 3239 1458 3312 κινδύνοις,
1476 3237 1546 3298 ἀλλά
1563 3239 1611 3298 καὶ
1634 3242 1662 3298 έν

107 3329 208 3388 tionem
226 3349 280 3387 non
305 3326 382 3400 sinit,
404 3326 553 3387 sedetiam
578 3328 679 3410 inipso
698 3352 758 3408 quae
784 3352 835 3412 pro
887 3341 973 3405 αὐτοῖς
993 3344 1047 3404 τοῖς
1068 3333 1138 3394 κατὰ
1159 3333 1268 3411 δύναμιν
1287 3336 1336 3403 τῆς
1356 3333 1453 3391 taceo
1466 3330 1580 3408 δεόμεθα
1596 3335 1663 3410 pm.

107 3420 211 3480 ratione
224 3419 326 3479 virium
339 3416 497 3501 adhibetur,
509 3439 557 3478 nos
572 3432 726 3480 sustentans
744 3420 833 3499 adest,
852 3455 869 3503 B
887 3428 974 3505 θείας,
990 3431 1012 3488 εἰ
1028 3426 1169 3505 μέλλοιμεν
1182 3424 1290 3484 ἑστάναι
1314 3423 1450 3503 γενναίως·
1474 3422 1520 3481 καί
1541 3425 1663 3503 ἀλλαχοῦ

108 3532 134 3578 et
149 3539 197 3577 nos
209 3517 374 3592 corroborat,
388 3536 451 3576 cum
464 3536 512 3575 nos
530 3516 635 3598 priores
649 3538 711 3595 qnae
724 3531 833 3577 nostra·
887 3520 939 3602 γσίρ
962 3544 1042 3602 φησι·
1057 3516 1153 3586 Καθὼς
1170 3516 1320 3598 περισσεύει
1335 3517 1370 3577 τὰ
1381 3514 1529 3594 παθήματα
1547 3516 1666 3596 Χριστοῦ
1696 3559 1700 3569 .

110 3609 374 3690 rumsuntpartium
382 3605 583 3683 contulerimus,
605 3607 724 3689 exempli
738 3629 829 3683 eausa,
887 3615 1024 3690 εῖςὴμᾶς,
1037 3611 1106 3671 σύτο)
1128 3610 1171 3670 διὰ
1193 3614 1238 3668 τοῦ
1259 3610 1376 3689 Χριστοῦ
1397 3607 1547 3688 περισσεύει
1576 3607 1663 3682 καὶὴ

111 3705 277 3766 alacritatem
293 3703 388 3778 animi,
408 3724 484 3784 spem
504 3704 532 3762 in
555 3702 676 3785 ipsum„
689 3703 836 3785 gratiarum
888 3705 1056 3788 παράκλησις
1068 3706 1154 3781 ἡμῶν,
1167 3705 1204 3768 εἰς
1217 3701 1248 3761 τδ
1265 3700 1392 3759 δύνασθαι
1405 3705 1477 3777 ἡμᾶς
1496 3702 1664 3780 παρακαλεῖν

114 3796 260 3869 actionem,
278 3793 458 3866 tolerantiam,
479 3793 646 3874 patientiam.
665 3798 758 3876 Neque
775 3809 835 3856 tan·
887 3799 948 3867 τοὺς
972 3801 1000 3859 ἐν
1021 3791 1095 3878 πέσῃ
1110 3795 1196 3876 θλίψει
1210 3792 1255 3853 διὰ
1276 3798 1324 3865 τῆς
1342 3792 1547 3872 παρακλήσεως,
1562 3785 1596 3865 ἧς
1608 3817 1663 3852 ποι-

112 3904 171 3949 tum
189 3887 217 3945 in
234 3885 439 3968 periculisque
457 3883 528 3944 vires
547 3900 651 3946 nostras
672 3887 834 3967 excedunt,
890 3891 1074 3974 ρυκαλσύμεθα
1094 3889 1168 3950 αὐτοί
1185 3886 1237 3948 heb
1248 3894 1295 3947 τοῦ
1306 3890 1386 3948 Θεοῦ.
1402 3886 1488 3945 Ὥστε
1506 3886 1553 3946 καί
1572 3891 1665 3946 ὀποῦ-

113 3979 161 4041 sed
173 3979 200 4038 in
208 3979 275 4059 ipsis
285 3977 367 4039 etiam
381 3997 441 4056 quae
451 3996 505 4035 non
516 3976 661 4054 excedunt,
673 3979 770 4039 celesti
780 4002 830 4040 au·
888 3983 1130 4063 corruptricibus<
1143 3979 1220 4048 αὐτός
1234 3983 1305 4040 ἐστιν
1319 3979 1388 4038 θτδν
1397 3979 1544 4059 πειρασμὸν
1555 4003 1662 4060 συγχω-

113 4071 182 4133 xilio
195 4068 356 4150 indigemus,
373 4081 403 4128 ut
411 4088 536 4148 generose
550 4070 684 4149 possimus
697 4070 837 4135 obsistere.
890 4076 972 4158 ρήσας
987 4079 1168 4155 ἐπενεχθῆναι.
1181 4071 1257 4154 Ὅρα
1270 4070 1298 4131 δὲ
1312 4070 1357 4130 καὶ
1372 4071 1439 4149 μετὰ
1452 4069 1501 4143 τὴν
1521 4072 1664 4151 θεραπείαν

24 4184 28 4201 ’
48 4197 54 4208 ·
82 4197 87 4208 ·
114 4164 256 4247 Siquidem
266 4163 332 4222 alibi
352 4183 456 4241 quoque
477 4161 566 4222 dicit:
582 4164 662 4224 Sicut
679 4167 834 4224 obtendant
888 4167 973 4239 πόσην
985 4165 1143 4243 κηδεμονίαν
1158 4164 1345 4224 ἐπιδείκνυται.
1369 4165 1409 4222 Oi
1426 4161 1478 4244 γάρ
1496 4163 1571 4245 ἀφείς
1586 4165 1664 4225 α’ντδν

15 4258 24 4273 ‘
113 4261 264 4340 passiones
277 4255 387 4315 Christi
400 4257 432 4311 in
453 4256 548 4330 nobis,
569 4258 657 4313 itaet
675 4275 728 4334 per
752 4256 837 4314 Chri·
890 4262 1017 4334 ἀπῆλθεν,
1029 4259 1088 4319 ἀλλ’
1109 4257 1192 4338 εὑρὼν
1206 4257 1282 4317 αὐτὸν
1304 4258 1331 4314 ἐν
1351 4258 1390 4336 τῷ
1410 4259 1473 4335 ίερῶ
1494 4277 1591 4335 φησιν·
1613 4255 1665 4316 ’lii

115 4366 191 4412 stum
207 4349 341 4408 abundat
357 4345 519 4425 consolatio
534 4359 643 4420 nostra,
660 4359 693 4405 ut
710 4367 762 4406 nos
772 4368 840 4428 pos·
890 4351 964 4434 ὑγιὴς
986 4352 1112 4431 γέγονας,
1136 4349 1232 4428 μηκέτι
1247 4346 1396 4427 ἁμάρτανε,
1409 4345 1454 4405 ἵνα
1476 4346 1514 4423 μὴ
1533 4347 1624 4427 χεῖρόν
1639 4346 1665 4406 τί

116 4447 207 4503 simus
220 4439 370 4500 consolari
391 4458 451 4509 eos,
481 4442 532 4518 qni
554 4443 586 4497 in
608 4443 689 4497 omni
699 4461 840 4519 pressura
891 4469 932 4506 σοι
944 4445 1061 4524 γένηται.
1079 4445 1112 4502 nt
1125 4441 1177 4521 γὰρ
1192 4443 1276 4519 μισῶν
1291 4437 1459 4521 συνεχώρησε
1484 4437 1533 4509 τὴν
1544 4438 1665 4511 κολασιν,

117 4549 197 4611 sunt,
209 4553 263 4614 per
273 4532 520 4606 exhortationem,
532 4551 593 4611 qna
605 4532 797 4591 exhortamur
811 4546 839 4593 et
855 4546 874 4595 c
891 4539 939 4598 οὐκ
954 4536 986 4596 δν
998 4534 1160 4608 ἀπήλλαξεν,
1176 4536 1222 4592 οῦκ
1237 4531 1272 4604 Ιἀιν
1295 4531 1361 4610 πρὸς
1380 4532 1411 4591 τδ
1437 4529 1533 4608 μέλλον
1544 4531 1664 4611 ἠσφαλί-

115 4631 172 4708 ipsi
183 4648 202 4686 a
215 4627 288 4684 Deo.
302 4625 397 4701 ltaque
411 4621 433 4681 is
448 4621 529 4681 etiam
541 4621 589 4701 qui
600 4622 674 4682 hunc
687 4624 839 4687 consolatus
891 4652 972 4691 σατο·
992 4627 1023 4689 τδ
1036 4627 1065 4688 δὲ
1083 4625 1182 4706 λέγειν,
1196 4623 1256 4684 Ἵνα
1281 4622 1318 4701 μὴ
1336 4622 1425 4703 χεῖρόν
1441 4621 1468 4682 τί
1481 4646 1522 4682 σοι
1537 4622 1665 4701 γένηται,

115 4737 164 4799 est,
187 4723 245 4803 ipse
269 4719 371 4799 estqui
392 4717 568 4777 tentationem
587 4719 709 4799 permisit
735 4722 837 4783 inferri.
889 4719 924 4781 τίς
948 4718 1079 4802 μίλλοντά
1106 4722 1164 4779 ἐστι
1184 4714 1440 4799 προαναστελλοντος
1464 4713 1544 4775 δεινά
1565 4714 1666 4775 Ἔλυσε

8 4827 17 4885 j
116 4815 189 4875 Vide
200 4828 290 4873 autem
309 4826 371 4894 post
384 4812 550 4870 curationem
563 4826 696 4889 quantam
708 4814 837 4875 sollicitu-
889 4811 940 4885 τὴν
953 4813 1038 4886 νόσον,
1050 4809 1095 4871 καί
1111 4813 1159 4869 οὐκ
1172 4807 1249 4867 ἔλυσε
1263 4806 1311 4880 την
1327 4805 1459 4884 ἀγωνίαν·
1474 4804 1600 4876 ἀπήλασε
1616 4805 1664 4877 τὴν

12 5091 103 5154 πῧΙίρ.

115 4908 207 4968 dinem
220 4928 276 4986 prm
291 4927 319 4964 se
333 4906 408 4964 serat.
418 4905 512 4982 Neque
525 4903 597 4962 enim
606 4904 654 4964 illo
667 4903 780 4967 dimisso
791 4929 836 4969 re·
889 4888 1049 4986 ἀρρωστίαν,
1068 4900 1113 4962 καὶ
1128 4904 1175 4961 οῦκ
1199 4898 1323 4971 ἀπήλασε
1348 4898 1392 4958 τὸν
1413 4897 1503 4979 ρόύον,
1517 4895 1589 4956 ὥστε
1603 4897 1666 4956 ἀκί-

114 4998 203 5071 cessit,
213 5011 241 5055 at
255 5010 398 5076 postquam
413 4994 495 5054 illum
506 4993 619 5055 offendit
628 4994 656 5054 in
671 4997 780 5078 templo,
789 4999 837 5079 ait,
889 5018 967 5071 νητον
981 4988 1047 5056 εἶναι
1069 4994 1118 5065 τὴν
1137 4991 1280 5071 γενομένην
1296 4989 1457 5069 εὐεργεσίαν.
1472 4990 1497 5048 Τ
1498 4994 1559 5049 οῦτο
1574 4992 1665 5069 ἰατροῦ

115 5088 407 5166 Eccesanussacttts
431 5105 472 5156 es,
496 5085 559 5143 noli
572 5085 836 5166 ampliuspeccare,
889 5090 1063 5167 κηδεμονικοῦ
1083 5085 1121 5165 μὴ
1136 5087 1169 5145 τά
1188 5084 1309 5164 παρόντα
1330 5083 1400 5143 λύειν
1422 5081 1510 5160 μόνον,
1524 5081 1595 5141 ἀλλά
1618 5082 1665 5140 καί

114 5201 152 5244 πε
174 5181 300 5238 deterius
321 5178 375 5233 tihi
389 5176 506 5255 aliquid
518 5181 680 5257 contingat.
710 5179 740 5239 si
764 5182 836 5242 enim
889 5182 955 5264 πρδς
967 5181 1002 5240 τὰ
1014 5181 1144 5259 μέλλοντα
1158 5177 1363 5257 ἀσραλίζεσθαι,
1376 5173 1442 5256 ὅπερ
1457 5173 1503 5235 καί
1522 5175 1664 5252 δΧριστδς

114 5271 189 5354 quod
198 5269 262 5329 odio
273 5279 487 5350 prosequeretur,
497 5266 587 5347 puniri
599 5269 835 5353 permisissemus
889 5273 996 5347 ἐποίησε
1010 5277 1043 5351 τῇ
1060 5271 1151 5351 μνήμῃ
1164 5275 1215 5330 τῶν
1229 5267 1413 5348 παρελθόντων
1426 5271 1578 5345 συγκροτῶν
1588 5266 1662 5326 ἐκεί-
