3764 5992
46 475 49 477 ,
105 409 176 503 764

302 653 436 712 LXXVI.
451 651 621 712 Ctaotdioe.

836 653 854 701 C

433 431 462 479 S.
491 430 630 480 totonis
656 430 837 479 cttttsost.
868 429 1022 476 nitentur.
1049 427 1322 477 constantinop·

1153 648 1201 717 σις’.
1223 647 1367 725 Χαλκιδία.

1 862 40 895 uso
55 864 94 892 ιο-
146 837 276 916 Equidem
296 810 438 897 dominum
454 856 545 897 meum
564 834 816 897 reverendissimum
912 832 984 914 Ἐγὼ
1009 835 1057 913 μέν
1082 835 1182 916 σφόδρα
1209 835 1330 912 έπιθυμῖμ
1354 830 1403 890 σὺν
1430 833 1499 905 ἡμῖν
1527 819 1595 886 εἶναι
1616 831 1650 887 τὸν

7 911 47 974 ⁰l·
103 929 291 1011 presbyterum
305 930 446 990 nobiscum
464 951 520 990 esse
534 929 704 990 vehementer
726 928 817 1008 cupio.

102 1020 152 1082 Sin
175 1035 264 1082 antem
286 1022 387 1105 ipsum.
401 1022 471 1082 istuc
492 1020 626 1103 proficisci
645 1018 815 1080 commodum

96 1133 158 1173 esse
169 1134 269 1186 censes,
282 1136 344 1173 euni
356 1113 470 1195 periculi
479 1127 552 1172 metu
565 1134 664 1186 carere,
680 1127 760 1191 atque
772 1135 817 1172 nr-

102 1219 179 1285 gente
199 1206 318 1266 tumultu
340 1205 462 1283 liberari,
480 1226 563 1285 quarn
585 1205 632 1264 bio
655 1226 712 1264 esse
736 1204 816 1264 malo.

101 1296 284 1369 Quamobrem
301 1318 334 1357 ne
350 1296 421 1357 illud
437 1297 585 1372 existimes,
603 1297 692 1378 ipsum
709 1318 725 1356 a
741 1296 818 1356 nobis

98 1388 249 1469 prohiberi,
269 1389 292 1448 si
313 1389 451 1470 proficisci
472 1390 547 1450 velit.
563 1388 647 1449 Nobis
662 1389 735 1448 enirn
755 1410 816 1449 eum

100 1479 191 1540 adbuc
214 1481 348 1542 retinendi
369 1503 449 1542 causa
477 1503 508 1541 ea
531 1482 592 1557 sirit,
620 1480 694 1561 quod
717 1481 817 1562 negotii

872 926 1002 999 δεσπότην
1014 951 1063 1006 μου
1075 927 1140 989 θτδν
1152 926 1313 1005 τιμιώτατον
1325 922 1526 1004 πρεσὸύτερον.
1543 922 1578 979 Ei
1590 921 1615 979 δὲ
1627 923 1651 979 τύ

871 1019 1066 1100 παραγενέσθαι
1090 1019 1180 1079 αὐτόθι
1203 1025 1293 1078 τοῦτον
1314 1008 1392 1076 οἶσθα
1416 1013 1580 1086 λυσιτελὲς,
1598 1038 1652 1091 προ·

871 1113 941 1188 τιμῶ
951 1114 999 1182 τῆς
1013 1114 1124 1172 ἐνταῦθα
1137 1116 1215 1170 αὐτοῦ
1225 1110 1370 1191 παρουσίας
1381 1107 1435 1180 τὴν
1448 1108 1547 1165 ἄδειαν
1561 1108 1650 1167 αὐτοῦ,

872 1203 917 1262 καί
934 1203 1030 1274 τὸτῆς
1050 1204 1218 1283 ἐπικειμένης
1239 1205 1433 1277 ἀπαλλαγῆναι
1456 1203 1593 1278 ταραχῆς.
1611 1198 1651 1267 ,lli

871 1293 957 1355 τοίνυν
971 1295 1082 1374 νομίσῃς
1098 1297 1177 1356 αὐτὸν
1192 1296 1340 1354 κωλύεσθαι
1354 1297 1423 1374 παρ’
1446 1296 1544 1369 ἡμῶν,
1559 1294 1582 1350 εί
1596 1293 1652 1369 ρού

871 1387 944 1448 λοιτο
958 1388 1113 1467 ἀποδημεῖν.
1133 1388 1228 1467 Ἡμεῖς
1247 1386 1299 1467 γὰρ
1317 1384 1367 1452 ἕως
1388 1391 1438 1444 τοῦ
1455 1391 1506 1442 νῦν
1523 1384 1570 1442 διὰ
1585 1390 1652 1442 τοῦτο

872 1478 951 1538 αύτδν
963 1480 1121 1560 ἐπέσχομεν,
1141 1484 1177 1546 ὡς
1196 1483 1225 1538 ού
1246 1479 1347 1558 σφόδρα
1364 1480 1417 1548 τῆς
1432 1481 1482 1536 τοῦ
1498 1475 1652 1556 πράγματος

99 1589 195 1636 natura
207 1575 295 1658 ipsius
307 1575 477 1657 praesentiam
491 1597 544 1636 non
561 1574 708 1635 admodum
726 1575 818 1654 requi-
836 1587 856 1634 o
872 1569 973 1652 φύσεως
987 1571 1150 1645 ἀπαιτούσης
1166 1579 1245 1632 αὐτοῦ
1256 1571 1304 1642 τὴν
1319 1571 1486 1648 παρουσίαν,
1501 1566 1553 1626 καί
1574 1567 1653 1624 δεδοι-

99 1681 190 1726 reret:
208 1682 288 1746 atque
312 1668 377 1726 item
399 1689 440 1739 ea,
460 1667 539 1746 quod
562 1688 595 1727 ne
612 1668 640 1727 in
660 1668 816 1727 Isaurorum

98 1778 195 1817 mantis
209 1760 276 1817 forte
290 1757 407 1834 caderet,
420 1771 607 1818 metueremus.
619 1756 701 1830 Quod
714 1757 737 1816 si
753 1778 816 1818 eum

98 1849 318 1930 isiooproficisci
345 1862 400 1908 tam
419 1849 499 1909 valde
521 1870 625 1909 necesse
640 1863 691 1926 est,
708 1871 771 1909 eum
789 1864 815 1909 et

98 1961 236 2001 monemus
249 1954 275 2000 et
287 1941 439 2016 hortamur,
450 1954 481 2016 ut
491 1941 542 2000 iter
555 1941 693 2022 suscipiat.
707 1941 814 2014 Quant-

96 2031 140 2092 νίν
159 2032 231 2092 enim
251 2054 362 2115 oorpore
381 2034 565 2115 sejungamur,
585 2047 674 2093 tamen
695 2034 815 2094 caritatis

95 2123 212 2185 vinculis
225 2146 332 2207 semper
338 2146 402 2186 eum
415 2146 447 2185 eo
458 2124 577 2186 devincti
590 2147 693 2187 sumus.
708 2129 749 2188 Te
758 2150 812 2187 an-

96 2228 150 2276 tem
165 2239 224 2295 oro,
237 2240 271 2278 ne
284 2218 352 2298 quid
367 2239 460 2278 eartrm
474 2218 668 2296 molestiarum,
683 2241 742 2298 quae
754 2241 815 2281 eve-

88 2308 183 2383 niunt,
207 2311 330 2370 animum
360 2324 438 2370 tuum
461 2325 642 2371 summoveat.
663 2312 734 2372 Nara
759 2334 815 2391 quo

871 1662 946 1731 κότος
961 1663 1064 1742 μήποτε
1084 1667 1121 1732 είς
1140 1663 1188 1733 τὰς
1207 1669 1259 1723 τῶν
1279 1662 1411 1742 ’ίσαύρων
1426 1659 1544 1739 ἐμπέσῃ
1560 1667 1653 1740 χεῑρτι·

871 1758 907 1816 Εἰ
919 1755 947 1816 δὲ
960 1755 1042 1824 οὕτως
1057 1758 1198 1837 ἀναγκαῖον
1212 1755 1242 1814 τδ
1260 1755 1349 1815 αύτόθι
1369 1752 1602 1835 παραγενέσθαι,
1615 1751 1654 1808 καὶ

869 1850 1075 1929 παρακαλοῦμεν
1089 1849 1134 1909 καί
1155 1847 1372 1928 οπροτρεπόμεθα
1388 1836 1522 1926 ἅψασθαι
1535 1849 1655 1937 rie-dm-

871 1939 975 2017 δημίας.
1002 1940 1059 2000 Κάν
1080 1940 1132 2021 γὰρ
1152 1943 1191 2020 τῷ
1213 1939 1318 2016 σώματι
1340 1935 1556 2018 κεχωρισμένοι
1580 1937 1656 2011 ὦμεν,

870 2034 939 2091 ἀλλὰ
959 2037 993 2112 τῇ
1017 2037 1065 2104 τῆς
1088 2032 1193 2113 ἀγάπης
1218 2030 1308 2090 ἁλύσει
1334 2029 1454 2108 μένομεν
1484 2028 1558 2108 πρὸς
1585 2029 1656 2086 αὐτὸν

871 2125 1060 2202 συνδεδεμένοι.
1082 2124 1175 2195 Μηδέν
1189 2146 1219 2181 σι
1235 2121 1394 2201 θορυύείτω,
1409 2123 1597 2204 παρακαλῶ,
1610 2124 1657 2177 τῶν

869 2216 1072 2293 συμπιπτόντων
1091 2218 1226 2296 χαλεπῶν.
1242 2215 1321 2296 Ὅσῳ
1335 2212 1389 2294 γδιρ
1403 2213 1523 2280 πλείους
1540 2217 1570 2271 αί
1589 2237 1658 2295 περι-

869 2307 991 2383 στάσεις,
1016 2306 1133 2388 τοσούτῳ
1160 2330 1202 2366 σοι
1226 2306 1321 2386 μείζων
1345 2311 1362 2376 ἡ
1391 2306 1598 2385 πραγματεία,
1617 2306 1658 2363 καί

96 2401 186 2482 plures
201 2424 244 2462 res
265 2402 384 2464 adversae
401 2415 475 2479 sunt,
492 2423 523 2462 eo
540 2423 647 2482 quoque
660 2404 746 2483 major
762 2404 814 2463 tibi
867 2398 992 2460 πλείωνό
1005 2399 1112 2477 μισθδς,
1135 2398 1180 2457 καί
1198 2404 1215 2471 ἠ
1237 2396 1365 2465 ἀντίδοσις
1386 2398 1470 2477 παρὰ
1493 2403 1547 2456 τοῦ
1572 2400 1658 2478 pilas·

94 2508 213 2571 quaestns
235 2508 315 2574 atque
339 2494 449 2580 uberior
469 2514 603 2554 merresa
625 2494 742 2575 benigno
756 2497 814 2556 Deo
868 2491 973 2573 θρώπου
997 2495 1083 2565 Θεοῦ,
1110 2489 1141 2548 ἂν
1163 2490 1325 2571 εὐχαρίστως
1346 2489 1432 2570 φέρῃς
1458 2490 1515 2549 καί
1534 2491 1657 2569 γενναίως

94 2583 266 2666 rependetur,
285 2586 309 2646 si
322 2607 352 2646 ea
368 2606 429 2665 quae
447 2585 583 2662 accidunt,
598 2600 674 2666 grato
688 2608 721 2647 ae
734 2607 813 2668 gene·
831 2599 850 2646 E
867 2581 922 2643 ‘sl
940 2583 1128 2662 συμὸαίνοντα.
1143 2581 1224 2642 otro
1243 2581 1295 2662 γὰρ
1312 2583 1359 2641 καί
1377 2588 1472 2642 ταῦτα
1497 2583 1657 2662 eorrupi-

95 2698 155 2738 roso
168 2679 259 2739 animo
274 2680 353 2741 ieras.
366 2680 424 2738 Hac
437 2681 510 2740 enim
523 2679 624 2740 ratione
637 2693 663 2739 et
677 2678 813 2741 hecfari·
866 2700 942 2738 νιστα
968 2676 1061 2752 ἔσται,
1082 2676 1128 2735 καλ
1146 2680 1160 2734 ὁ
1181 2678 1212 2735 ἐκ
1238 2680 1286 2748 τῆς
1305 2674 1408 2734 τούτων
1440 2679 1592 2754 ὑπομονῆς
1620 2700 1655 2735 σοι

94 2769 277 2851 liussuperari
286 2785 423 2853 poterunt,
433 2785 461 2832 et
470 2771 603 2832 fructusis
612 2771 660 2851 qui
670 2794 706 2832 ex
714 2772 813 2833 borum
866 2769 1017 2847 τικτόμενος
1035 2769 1136 2849 καρπδς
1156 2771 1182 2827 έν
1203 2776 1256 2836 τοῖς
1273 2769 1393 2849 ούρανοῖς
1419 2768 1550 2847 δαψιλὴς
1572 2768 1654 2839 ἔσται,

93 2862 307 2943 perpessionem
327 2862 469 2924 tolerantia
481 2863 533 2922 tibi
546 2863 574 2922 in
589 2863 662 2924 caelis
672 2884 812 2946 eompara·
866 2863 912 2923 καί
926 2860 993 2923 πολὺ
1003 2860 1099 2939 μείζων
1114 2864 1166 2921 τῶν
1178 2859 1354 2940 παθημάτων.

94 2966 149 3027 tur,
165 2953 281 3034 amplior
298 2967 324 3014 et
344 2953 478 3035 eopiosior
491 2955 552 3028 erit,
573 2955 812 3036 multoqnemajor

93 3064 176 3122 qoam
189 3045 353 3106 calamitates
365 3058 392 3104 et
406 3045 552 3126 cruciatus,
563 3067 630 3126 quos
640 3046 758 3108 subiisti.

264 3245 417 3305 LXXVII.
433 3244 628 3322 Asynerr'tiae.

1127 3246 1172 3316 οζ’.
1195 3245 1372 3327 Ἀσυγκριτίρ.

129 3430 223 3493 Etiam
236 3430 348 3491 antehae
358 3430 429 3491 illud
441 3431 493 3492 tibi
506 3453 555 3514 prr
568 3433 661 3493 literas
673 3433 810 3515 significa·
905 3435 958 3495 Καὶ
978 3432 1124 3513 ἔμπροσθεν
1146 3430 1297 3492 ἐπίσταλκοί
1315 3454 1362 3490 σου
1380 3433 1416 3508 τῇ
1436 3431 1596 3508 τιμιότητι,
1610 3434 1644 3489 ὅτι

93 3524 192 3598 vimus,
215 3545 263 3584 nos
283 3539 319 3602 te,
342 3539 474 3605 quantum
492 3523 528 3585 ad
546 3527 684 3586 caritatem
703 3528 809 3608 attinet,
821 3587 858 3626 ⁶³5
866 3525 911 3584 καί
931 3525 961 3586 el
981 3525 1049 3604 μετὰ
1073 3528 1125 3583 τῶν
1144 3522 1362 3603 παραγενομένων
1382 3527 1557 3603 ἀριθμοῦμεν
1581 3527 1643 3582 κατὰ

93 3616 121 3676 in
134 3638 226 3677 eorum
237 3617 285 3695 qui
296 3615 332 3676 ad
343 3638 391 3676 nos
402 3630 534 3678 venerunt
544 3639 656 3678 numero
667 3641 809 3702 reponere:
831 3643 850 3687 Α
865 3619 910 3680 τδν
919 3621 967 3689 τῆς
979 3618 1085 3698 ἀγάπης
1098 3616 1186 3696 λόγον,
1205 3616 1250 3674 καί
1270 3621 1313 3674 νῦν
1332 3615 1363 3675 τὸ
1383 3616 1449 3674 αὐτὸ
1464 3617 1593 3695 λέγομεν,
1607 3615 1641 3673 ὅτι

92 3722 119 3768 et
133 3729 206 3769 nune
224 3731 319 3769 rursus
338 3708 411 3770 istud
431 3710 522 3791 ipsum
537 3708 664 3788 dicimus,
680 3713 828 3781 nimirums

93 3812 120 3858 te
131 3799 222 3858 animo
235 3820 267 3858 ao
280 3800 418 3861 voluntate
431 3801 542 3861 venisse.
557 3802 637 3875 Quod
652 3803 676 3862 si
690 3808 811 3887 eorporis

92 3889 288 3966 imbecillitate,
308 3911 341 3948 ac
362 3891 525 3965 tumultibus
545 3893 580 3952 iis
594 3894 642 3972 qui
655 3898 810 3959 Armeniam

92 3983 258 4060 invaserunt,
264 3982 509 4065 prohibitaesmos
518 3998 648 4047 mmenex
658 4002 704 4049 tna
710 3992 809 4052 volun-

91 4089 146 4136 tate
156 4075 293 4153 animique
301 4076 431 4135 sententia
440 4075 513 4135 idem
522 4075 557 4137 de
567 4092 613 4138 tua
622 4079 809 4145 benevolentia

88 4165 227 4248 judicium
236 4167 378 4240 babemus,
390 4166 464 4246 quod
474 4167 549 4248 prius
558 4167 712 4231 babuimus.
718 4174 809 4245 Quare

91 4281 126 4321 ne
146 4281 228 4339 qiram
247 4258 393 4342 sepissime
416 4259 451 4319 ad
475 4280 523 4319 nos
545 4261 663 4321 scribere
680 4265 808 4346 negligas,

91 4374 204 4434 noque,
219 4354 380 4414 morbumne
390 4351 535 4433 depuleris,
548 4367 576 4413 et
589 4375 643 4432 qua
654 4357 809 4421 valetudine

90 4445 138 4519 sis,
158 4446 282 4505 nertiores
299 4446 393 4504 facere.
413 4444 640 4526 Quandoquidem
659 4470 732 4511 nunc
750 4474 807 4512 ma·

90 4559 175 4620 pum
184 4538 276 4598 animo
289 4537 410 4597 dolorem
420 4539 581 4620 accepimus,
594 4555 694 4603 comte
706 4563 808 4624 aegram

89 4651 147 4692 esse
168 4629 361 4690 intelleximus.
382 4630 576 4709 Quamobrem,
599 4653 633 4693 ne
653 4631 689 4693 de
706 4634 758 4694 hae
778 4655 809 4694 re

88 4722 255 4798 laboremus,
275 4723 317 4781 lac
341 4721 424 4783 velim
442 4744 524 4801 quam
543 4724 672 4786 citissime
690 4725 807 4787 sciamus

91 4835 157 4876 unm
168 4834 187 4876 e
197 4813 293 4875 morbo
301 4812 337 4873 ad
350 4812 491 4873 sanitatem
502 4814 622 4877 redieris.

865 3710 1006 3792 τῇγνύιμῃ
1020 3708 1212 3790 παραγέγονας.
1231 3710 1265 3766 El
1288 3705 1316 3767 δὲ
1336 3712 1353 3778 ἡ
1377 3707 1507 3767 ἀσθένεια
1523 3715 1572 3768 τοῦ
1596 3708 1641 3767 σύ·

866 3826 948 3883 ματος
969 3799 1125 3871 διεκώλυσε,
1145 3800 1191 3859 καί
1213 3802 1237 3859 οἱ
1262 3798 1367 3881 θόρυύοι
1389 3801 1413 3859 οἱ
1434 3799 1488 3871 τὴν
1503 3799 1639 3882 Ἀρμενίαν

865 3892 1067 3976 κατειληφότες,
1087 3898 1164 3970 ἡμεῖς
1179 3892 1232 3953 ἀπὸ
1251 3895 1298 3961 τῆς
1311 3890 1420 3969 γνώμης
1435 3891 1485 3950 καλ
1509 3897 1561 3964 τῆς
1580 3916 1640 3974 προ·

865 3990 989 4069 αιρίσεως
1009 3986 1058 4059 τὴν
1080 3986 1163 4058 αὐτὴν
1183 3984 1244 4065 περί
1266 3988 1313 4055 τῆς
1330 3981 1477 4053 διαθέσεώς
1495 4007 1544 4044 σου
1557 3987 1639 4066 piper

864 4082 970 4162 ἔχομεν,
982 4078 1067 4158 ἥνπερ
1085 4079 1130 4138 καὶ
1148 4078 1303 4159 ἔμπροσθεν.
1325 4075 1372 4148 Μὴ
1393 4076 1485 4135 τοίνυν
1506 4080 1640 4158 καταρρύ-

863 4199 903 4234 νει
916 4176 1032 4253 συνεχῶς
1046 4177 1110 4250 ἡμῖν
1128 4171 1303 4242 ἐπιστέλλειν,
1320 4168 1365 4228 καί
1381 4169 1406 4228 εἴ
1419 4191 1462 4230 σοι
1483 4171 1597 4230 λέλυται
1611 4171 1640 4230 τί

863 4271 911 4340 τῆς
935 4262 1099 4347 ἀρρωστίας,
1123 4262 1248 4343 καὶπερὶ
1272 4267 1318 4334 τῆς
1344 4260 1433 4343 ὑγείας
1462 4285 1513 4321 σου
1537 4267 1640 4337 δηλῶν.

863 4358 941 4421 Ἐπεί
955 4358 1001 4417 καί
1019 4364 1062 4417 νῦν
1084 4355 1183 4436 σφόδρα
1202 4354 1367 4434 ἠλγόσαμεν,
1388 4353 1557 4425 ἀκούσαντές
1574 4383 1604 4417 σε
1618 4360 1642 4415 ἐν

863 4451 997 4535 ἀρρωστίᾳ
1011 4442 1086 4510 εἶναι.
1098 4448 1147 4510 Ἵν’
1163 4441 1206 4509 σύν
1223 4447 1260 4527 μὴ
1273 4450 1442 4528 μεριμνῶμεν
1459 4451 1527 4531 περὶ
1539 4452 1644 4522 τούτου,

863 4543 906 4605 διδ
916 4545 1012 4625 τύχους
1023 4549 1087 4622 ἡμῖν
1104 4542 1231 4614 δήλωσον,
1251 4544 1273 4600 εί
1293 4541 1359 4620 πρδς
1372 4540 1464 4620 ὑγείαν
1483 4567 1528 4603 σοι
1550 4545 1587 4605 τδι
1601 4550 1645 4614 τῆς

863 4637 1010 4719 ἀρρωστίας
1025 4634 1232 4715 μεταύέύληται.

123 5026 195 5080 Ι’τὸν
213 5040 351 5094 τιμιώτατον
366 5033 523 5101 repertorem,
543 5029 659 5096 frepuens
677 5026 783 5081 honoris
801 5045 847 5095 sp·
904 5026 990 5082 anuo
1004 5030 1064 5083 Mes.
1077 5040 1246 5102 προσμένωμεν.
1260 5030 1337 5084 Paulo
1357 5043 1417 5099 post
1436 5033 1521 5088 iidem
1542 5052 1595 5100 ταῖς
1614 5055 1652 5099 ,ἧς

89 5100 192 5168 pellatio
211 5115 264 5156 tum
281 5104 348 5174 apud
367 5106 592 5176 Chrysostomum,
614 5120 668 5160 tum
687 5107 756 5162 alibi.
776 5106 844 5162 ibid.
870 5115 960 5174 αράιιης
973 5113 1070 5163 ἁλύσεσι.

88 5179 191 5233 Coislin.
204 5186 294 5249 αὐτόθι,
307 5189 379 5255 τούτῳ
389 5189 460 5239 οἶσθα.

903 5187 916 5228 'l
933 5186 1037 5241 Coislin.
1050 5197 1081 5243 τὰ
1092 5196 1256 5254 συμπίπτοντα.
