3810 6000
573 496 619 545 DE
645 496 860 546 tennemonn
887 495 1053 548 Pnnutosn
1079 498 1206 548 CRUClS.
1563 496 1645 548 1006

106 624 156 687 ααί
170 628 189 698 ἦ
205 624 335 706 ἱερωσύνη
356 622 513 704 ἠφάνισται,
533 623 578 681 καί
594 623 645 683 ύπδ
665 626 717 682 τῶν
740 625 883 702 Ῥωμαίων
937 637 987 701 cst,
1013 625 1205 703 sublatumque
1228 620 1418 698 sacerdotium,
1441 635 1467 680 et
1486 643 1502 679 a
1523 622 1653 683 Romanis

107 704 339 787 διεσκορπίσθητε.
356 702 432 775 Φησὶ
445 701 498 784 γὰρ
513 701 626 770 ἹΙσαίας
645 703 706 761 τιεί
727 708 779 763 τῶν
800 728 881 763 σταυ-
936 702 1050 783 dispersi
1082 704 1152 762 estis.
1184 702 1230 761 dit
1253 702 1325 760 enim
1350 700 1460 759 Hesaias
1484 700 1519 760 de
1544 701 1577 760 iis
1605 703 1653 778 qui

107 786 253 863 ρωσάντων
265 784 309 842 τὸν
323 782 448 864 Χριστὸν,
462 783 514 842 Διὰ
527 779 573 847 τδις
585 727 716 861 ἁμαρτίδις
727 787 804 859 ἡμῶν
819 783 883 842 ἀπέ-
938 783 1076 840 Christum
1093 783 1119 840 in
1136 802 1242 841 crucem
1256 793 1374 860 egerunt,
1386 782 1512 859 Propter
1529 793 1653 861 peccata
1664 790 1769 851 Ιιαὲοφ.
1781 792 1806 833 st

108 866 210 944 στρεψε
222 863 253 922 τδ
266 862 407 943 πρόσωπον
426 863 505 920 αὐτοῦ
519 866 533 919 6
545 861 612 927 Θεὸς
628 864 672 939 ἀφ’
689 866 776 938 ἡμῶν,
795 862 841 919 καὶ
858 866 883 920 οἱ
938 875 1039 919 nostra
1053 866 1159 919 avertit
1170 863 1278 939 facicm
1297 880 1381 918 suam
1395 861 1475 917 Deus
1488 880 1507 918 a
1519 863 1611 932 nodis,
1624 874 1653 920 et

109 942 269 1002 κατάλοιποι
282 944 359 1018 ἡμῶν
374 944 400 999 έν
416 940 473 1017 ἅμα
491 940 567 1006 τίαις.
578 942 612 998 Εἰ
623 939 676 1021 γὰρ
689 940 725 1017 μὴ
737 933 769 1012 ἦν
782 940 857 1005 αὐτὸς
869 945 883 999 6
936 941 1043 1021 reliqui
1054 931 1181 999 nostruin
1195 942 1368 1017 inpeccatis.
1379 938 1409 998 si
1423 939 1494 996 euim
1506 939 1563 1019 ipse
1572 940 1652 1002 Chri·

110 1022 136 1082 X
157 1021 227 1086 ιστδς
241 1024 256 1079 6
268 1020 400 1098 γεννηθεὶς
412 1022 443 1078 ἐκ
486 1017 577 1100 αρίας,
587 1013 604 1077 '6
615 1019 736 1087 ἐκλεκτὸς
745 1027 790 1078 τοῦ
801 1021 883 1095 Θεοῦ,
936 1032 992 1077 stus
1006 1040 1058 1078 non
1072 1033 1149 1093 esset,
1159 1020 1181 1077 is
1194 1018 1241 1096 qni
1256 1039 1290 1075 cx
1304 1017 1391 1075 Maria
1405 1031 1495 1093 natus,
1506 1018 1552 1097 qui
1568 1023 1653 1081 aDeo

108 1045 157 1159 seed
167 1099 232 1166 Υἱδς
247 1098 368 1172 ἀληθινὸς
381 1101 460 1156 αὐτοῦ
471 1143 479 1170 ,
491 1104 507 1158 6
520 1096 660 1177 κηρυχθείς
674 1098 725 1158 ύπδ
744 1104 790 1157 τοῦ
804 1098 884 1175 νόμον
936 1098 1034 1156 electus
1047 1112 1241 1175 astruensque
1254 1096 1373 1177 ejusdem
1393 1097 1488 1169 Filius,
1502 1099 1550 1176 qui
1564 1120 1579 1156 a
1593 1101 1652 1181 lege

110 1178 158 1237 καί
170 1182 224 1237 τῶν
236 1182 388 1260 προφητῶν,
398 1167 469 1257 εἶχεν
481 1178 512 1235 ἂν
522 1178 677 1248 δοξασθῆναι
688 1177 718 1236 τὸ
727 1178 798 1245 ἔθνος
809 1180 883 1254 ὑμῶν
936 1190 962 1235 ct
975 1177 1113 1257 prophetis
1129 1177 1273 1258 praedictus
1289 1189 1338 1249 cst,
1349 1176 1423 1235 natio
1435 1190 1522 1235 vestra
1537 1180 1554 1239 J
1557 1177 1652 1239 udaica

111 1262 166 1317 τῶν
180 1257 326 1326 Ἰουδαίων,
342 1257 387 1316 καί
404 1260 540 1335 ὑψωθῆναι
551 1257 597 1315 καί
612 1259 777 1335 βασιλεῦσαι,
791 1260 827 1321 ὡς
839 1257 883 1315 τὸν
936 1255 964 1314 in
983 1257 1084 1315 honore
1104 1270 1130 1315 et
1150 1257 1258 1315 nominc
1277 1276 1342 1329 esso,
1358 1275 1439 1332 seque
1457 1255 1559 1334 erigere
1570 1271 1652 1336 atque

112 1335 232 1396 ἀντίθεον
254 1337 301 1396 καί
322 1336 420 1395 πλάνον
444 1340 611 1396 ἀποκτεῖναν.
628 1335 697 1395 Ἀλλ’
718 1334 744 1404 ἐξ
768 1325 798 1393 οῦ
818 1358 848 1394 τε
870 1339 885 1393 6
902 1353 920 1400 Ε
937 1356 1048 1413 regnare
1056 1336 1195 1416 potuisset,
1203 1349 1298 1412 utquae
1307 1333 1469 1393 Deihostem
1477 1336 1652 1397 etinimicum

112 1415 241 1496 σταυρὸς,
259 1414 304 1473 καί
321 1414 471 1490 ἐσταυρώθη
492 1420 518 1475 έν
536 1418 608 1494 αὐτῷ
631 1416 682 1475 ὑπὸ
696 1420 748 1473 τῶν
762 1413 884 1495 πατέρων
936 1415 1163 1494 impostorcmquc
1185 1427 1270 1473 morte
1289 1413 1450 1472 mulctasset.
1471 1415 1574 1474 Verum
1592 1417 1653 1496 jam

113 1499 189 1571 ὖμῶν
203 1494 356 1572 δΧριστὸς,
368 1493 421 1552 ἀπὸ
437 1492 497 1553 τάτε
506 1494 557 1560 ἕως
570 1499 618 1565 τῆς
635 1494 750 1573 σήμερον
762 1496 798 1558 εἰς
809 1492 884 1552 ἀπώ-
937 1514 971 1552 ex
985 1515 1016 1552 co
1026 1509 1145 1574 tempore
1159 1514 1221 1552 cum
1244 1514 1312 1552 crux
1326 1507 1411 1551 erecta
1429 1506 1479 1570 est,
1492 1506 1518 1551 et
1534 1496 1652 1555 ama'o·

112 1574 189 1632 λειαν
204 1573 250 1632 καί
262 1576 298 1638 εἰς
314 1572 421 1649 ἀτιμίαν
439 1573 509 1643 emt,
525 1573 571 1632 καί
591 1572 674 1654 χείρω
693 1573 810 1653 ὠργίσθη
823 1577 884 1650 ὑμῖν
937 1573 1013 1632 ribus
1032 1574 1129 1634 vestris
1149 1573 1174 1631 ei
1198 1572 1321 1631 Christus
1344 1571 1460 1631 suffixus
1480 1586 1528 1647 cst,
1547 1572 1582 1632 ad
1602 1518 1653 1634 ίιοσ

113 1650 219 1718 δΘεδς
242 1650 308 1731 ὑπὲρ
332 1651 380 1722 την
401 1651 587 1731 αἰχμαλωσίαν
608 1651 657 1724 την
683 1656 709 1712 έν
737 1650 885 1711 Βαόυλῶνι.
937 1673 1023 1729 usque
1036 1667 1087 1712 tem
1110 1673 1141 1711 us
1150 1673 1212 1711 cum
1228 1650 1375 1731 ignominia
1385 1664 1411 1709 et
1423 1651 1553 1711 dedecore
1565 1654 1653 1734 perit:
1705 1684 1708 1690 ¹

114 1729 191 1789 Ἐκεῖ
202 1730 254 1813 γάρ
268 1733 325 1807 μεθ’
340 1728 487 1800 *ἑξήκοντα
501 1733 547 1802 έτη
557 1731 649 1799 δΘεὸς
660 1731 758 1805 ἠλέησε
769 1730 814 1788 καί
826 1735 886 1789 ἀνε-
938 1732 1068 1811 vobisque
1081 1674 1155 1791 licus
1165 1732 1276 1809 gravius
1287 1743 1430 1805 succenset,
1441 1742 1521 1809 quam
1531 1732 1557 1791 in
1566 1733 1653 1825 capti-

114 1807 248 1868 καλέσατο
273 1813 355 1886 ὑμᾶς·
379 1812 490 1869 ἐνταῦθα
510 1811 536 1870 δὲ
553 1809 657 1878 τελείως
671 1811 817 1870 ἀπώσατο·
840 1808 886 1870 καὶ
937 1810 1022 1870 vitate
1036 1810 1213 1890 Babylonica.
1228 1812 1301 1869 Tum
1315 1810 1387 1868 enim
1400 1824 1461 1889 post
1482 1825 1654 1891 septuagmta

114 1888 284 1959 ἠλήθευσενδ
297 1887 386 1966 πατὴρ
400 1892 473 1965 ὑμῶν
487 1892 533 1948 καί
546 1890 683 1969 προφήτης
696 1890 741 1949 καί
754 1888 884 1969 πατριάρ-
938 1910 1021 1948 annos
1034 1891 1108 1948 Deus
1121 1890 1245 1949 misertus
1258 1902 1308 1965 est,
1322 1909 1424 1966 vosque
1436 1891 1588 1965 revocavit3
1602 1890 1656 1950 hoo

113 1966 295 2046 χηςἸακὼὸ,
313 1967 358 2027 καί
372 1966 459 2025 πάντα
476 1967 510 2025 τὰ
530 1968 630 2046 νόμιμα
646 1971 719 2045 ὑμῶν
736 1968 886 2041 κατέπεσε,
939 1989 1003 2028 vere
1024 1981 1144 2046 tempore
1162 1968 1272 2024 omnino
1294 1968 1546 2045 repulitzpatetttue
1567 1982 1656 2028 vestet·

114 2044 162 2104 καί
173 2050 220 2117 τῆς
233 2045 323 2128 χώρας
335 2048 408 2123 ὑμῶν
431 2049 499 2116 ‘mie
512 2048 640 2114 Ἰουδαίας
657 2048 820 2118 ἐξηλάθητε,
842 2047 888 2102 καί
938 2046 1065 2121 idemque
1085 2043 1214 2124 pmpbeta
1237 2056 1262 2102 et
1281 2043 1434 2123 patriarcha
1454 2045 1539 2105 Jacob
1561 2068 1657 2107 rerum

115 2122 187 2183 κατὰ
201 2126 296 2192 τόπους
310 2123 541 2206 διεσκορπίσθητε,
557 2127 603 2183 καί
623 2127 684 2183 ἐστε
704 2128 739 2190 εἰς
759 2122 886 2191 ἐξουθενι-
957 2121 1078 2199 redixit,
1100 2124 1164 2202 jura
1190 2135 1278 2180 τεαῖσι
1303 2122 1394 2180 omnia
1420 2122 1657 2188 conciderunttex

116 2203 196 2281 σμδν,
211 2203 257 2261 καί
276 2207 313 2270 εἰς
330 2205 482 2303 κατάγελων
501 2207 538 2270 εἰς
558 2214 647 2263 πᾶσαν
667 2202 714 2276 την
733 2200 888 2280 οἰκουμένην
939 2145 1034 2263 iudaea
1045 2201 1131 2292 patria
1146 2213 1235 2260 vestra
1256 2199 1327 2280 pulsi
1343 2200 1422 2259 estis:
1436 2201 1463 2259 in
1477 2201 1585 2263 diversa
1596 2205 1657 2264 loca

116 2281 173 2343 ἀπὸ
187 2281 255 2363 ίῴας
272 2281 322 2351 ἕως
341 2287 453 2362 ἔσχατον
470 2288 518 2355 τῆς
531 2287 588 2361 γῆς.
602 2282 647 2342 Ta
660 2282 687 2340 δὲ
700 2282 819 2361 ἡμέτερα
835 2285 887 2340 τῶν
939 2279 1053 2361 dispersu
1065 2280 1138 2352 estis,
1151 2292 1230 2358 atque
1243 2279 1270 2337 in
1284 2279 1350 2338 orbe
1365 2293 1494 2339 terrarum
1507 2281 1542 2340 ab
1555 2283 1657 2344 oriente

116 2362 286 2441 Χριστιανῶν
297 2364 356 2420 καθ’
368 2360 482 2432 ἑκάστην
505 2363 606 2443 ἡμέραν
627 2365 715 2435 ἀνθεῖ,
736 2361 781 2419 καί
797 2359 888 2434 αὔξει,
940 2359 1137 2418 adextrernum
1147 2372 1224 2418 terrae
1242 2378 1291 2418 vos
1302 2379 1394 2417 omnes
1407 2371 1432 2417 et
1443 2372 1619 2421 contemnunt
1630 2377 1657 2423 et

116 2439 165 2498 καί
184 2439 358 2522 κρατύνεται,
379 2440 426 2498 καί
451 2444 487 2507 εἰς
507 2450 596 2501 πᾶσαν
617 2439 665 2512 την
690 2438 845 2518 οἰκουμένην
858 2439 889 2499 τδ
940 2437 1037 2498 rident.
1056 2442 1093 2498 At
1116 2459 1159 2498 res
1183 2450 1281 2497 nostrae
1304 2437 1521 2497 Christianorum
1545 2439 1573 2499 in
1597 2439 1679 2520 ιίἰοσλ

115 2518 244 2597 κήρυγμα
259 2522 307 2589 τῆς
328 2519 449 2585 εύσεύοῦς
462 2524 540 2597 ἡμῶν
557 2520 671 2587 πίστεως
685 2520 825 2600 διέδραμε,
843 2517 889 2576 καί
898 2519 1028 2603 8,μινογςῶ
1047 2516 1152 2594 florent,
1163 2530 1284 2576 crescunt
1298 2529 1325 2576 et
1343 2517 1549 2577 oormborautur
1561 2532 1658 2599 :atque

117 2597 254 2677 βασιλεύει
269 2597 381 2680 Χριστὸς
397 2602 423 2657 ἐν
437 2603 517 2675 ἡμῖν,
535 2598 581 2658 καί
601 2599 645 2658 τδν
657 2598 744 2676 τίμιον
763 2599 808 2657 καί
822 2603 888 2667 ζωο-
907 2619 926 2663 Α
940 2620 989 2678 per
1002 2617 1093 2656 omnes
1103 2594 1198 2655 mundi
1211 2595 1323 2675 angulos
1336 2595 1466 2676 religiosae
1482 2596 1547 2656 fidei
1560 2613 1657 2658 nostrae
1710 2634 1717 2643 ·

115 2677 194 2736 ποιὸν
208 2680 287 2737 αὐτοῦ
301 2676 413 2778 σταυρὸν
429 2678 695 2758 προσκυνοῦμεν,καί
709 2681 745 2745 ὡς
760 2677 889 2758 θησαυρὸν
941 2675 1098 2757 praedicatio
1112 2674 1231 2756 peruasit
1241 2699 1247 2731 :
1259 2675 1383 2734 Christus
1403 2675 1431 2735 in
1454 2675 1533 2735 nohis
1545 2692 1655 2756 regnat:

116 2755 298 2833 πολυτίμητον
314 2779 471 2836 κατεχομεν.
486 2757 536 2817 Καὶ
550 2757 602 2837 γὰρ
619 2757 700 2823 ὄντως
719 2756 816 2823 παντὸς
833 2779 892 2814 στε-
941 2757 1051 2836 ejusque
1063 2756 1207 2836 pretiosam
1222 2768 1301 2832 atque
1315 2753 1454 2816 vivificam
1468 2776 1576 2815 crucem
1590 2756 1656 2817 ado-

138 2834 201 2893 άνου
216 2838 353 2913 βασιλικοῦ
364 2837 442 2937 λαμπ
466 2834 546 2917 ’.ερός
559 2860 588 2894 τε
601 2835 646 2894 καὶ
660 2835 891 2916 σεμνότεροςδτοῦ
941 2856 1044 2912 ramus,
1058 2847 1083 2893 et
1096 2855 1146 2915 pro
1161 2834 1286 2893 thesauro
1310 2833 1400 2925 magni
1421 2834 1500 2914 pretii
1524 2848 1655 2896 tenemus.
1681 2899 1684 2905 ,

115 2857 219 2995 δίυρίου
231 2915 411 2994 σταυρός·και
423 2858 537 2992 τίλέγοη
547 2915 673 2994 στεφάνου
685 2918 891 2993 βασιλικοῦςαῦ-
943 2913 1051 2972 Etenim
1074 2934 1143 2971 crux
1166 2913 1278 2972 Domini
1297 2933 1369 2972 ornnr
1391 2914 1464 2993 regia
1484 2934 1580 2973 corona
1594 2936 1659 2975 vere

114 2995 173 3050 τῶν
180 2996 232 3050 τῶν
239 2996 357 3065 ἡλιακῶν
373 2993 484 3053 ἀκτίνων
504 2993 740 3073 φαιδρότερος.Καί
748 2993 778 3053 τὸ
786 2993 832 3072 μὲν
840 3017 892 3053 πα·
942 2992 1110 3073 splendidior
1128 3003 1168 3050 est
1190 3004 1215 3050 et
1235 2991 1392 3071 praeclarior
1403 2992 1568 3070 :quiddico,
1584 2993 1658 3073 regia

115 3070 205 3140 λαιδν,
216 3071 273 3149 βίου
283 3095 350 3146 πονη
369 3078 398 3131 οῦ
412 3073 457 3132 καί
467 3073 662 3153 διεφθαρμένων
672 3072 792 3152 πράξεων
803 3097 891 3132 κατα·
943 3072 1060 3131 corona?
1075 3073 1130 3129 imo
1146 3089 1210 3130 vero
1229 3072 1302 3150 ipsos
1321 3069 1386 3129 solis
1408 3070 1498 3130 radios
1517 3093 1529 3129 s
1550 3072 1660 3131 lendum

117 3149 183 3219 δίκη
193 3152 224 3209 τὸ
233 3160 344 3231 πρᾶγμα
353 3093 395 3227 ἓν·
409 3160 452 3212 νῦν
465 3152 492 3211 δὲ
506 3154 604 3230 δωρεᾶς
616 3151 686 3220 θείας
696 3152 837 3229 σύμύολον,
847 3155 891 3212 εὖ·
943 3164 1060 3231 superat.
1077 3154 1116 3209 Ac
1142 3147 1279 3228 quondam
1305 3148 1416 3227 quidem
1438 3150 1474 3208 im
1496 3094 1569 3209 rodae
1596 3152 1660 3211 viter

117 3228 410 3308 γενείαςπνευμοιτιιιῆς
418 3241 536 3307 σημεῖον,
545 3231 674 3314 θησαυρὸς
684 3232 822 3305 ἀσύλητος,
830 3235 892 3290 ἀνα·
943 3250 1142 3312 pravorumque
1150 3172 1536 3288 factorumcondcmnatioiiaec
1546 3232 1657 3290 resfuit:

117 3307 242 3388 <peripsam
263 3310 361 3391 δωρεδ,
378 3310 499 3377 ὑπόθεσις
513 3312 653 3388 ἁγιασμοῦ,
669 3312 693 3370 Τ
695 3319 768 3371 οῦτον
789 3312 834 3370 καί
848 3311 892 3372 ἐπὶ
944 3331 1015 3369 nunc
1025 3324 1114 3369 autem
1128 3308 1216 3367 divini
1231 3308 1348 3366 muneris
1360 3308 1524 3387 symbolum,
1534 3309 1662 3369 nobilita-

118 3385 213 3456 κλίνης
225 3389 271 3447 καί
288 3389 332 3447 ἐπὶ
347 3390 479 3474 τραπέζης
492 3389 597 3471 ’προφέ
613 3413 686 3469 ομεν,
696 3390 741 3449 καί
755 3396 892 3471 πανταχοῦ
943 3389 978 3447 tis
988 3387 1138 3469 spiritualis
1147 3387 1263 3464 signum,
1273 3386 1414 3444 thesaurus
1429 3400 1502 3445 tutus
1515 3408 1546 3444 ac
1560 3403 1659 3459 certus,

118 3456 335 3544 οὗπεράνώμεν.
346 3469 473 3548 Καθάπερ
485 3469 536 3548 γάρ
546 3492 581 3528 πο
615 3471 639 3528 οἰ
649 3474 701 3528 τῶν
712 3474 892 3548 στρατιωτῶν,
943 3466 1661 3545 donumquoderipinonpotest,sanctimoniaeargu·

117 3544 203 3623 χωρὶς
213 3544 301 3605 ὅπλων
312 3548 371 3608 ούτε
383 3552 620 3628 ἀριστοποιοῦνται,
631 3547 689 3607 ούτε
705 3550 890 3606 καθεύδουσιν·
945 3559 1075 3604 mentum.
1092 3544 1168 3602 Hauc
1175 3557 1200 3602 et
1211 3543 1239 3600 in
1247 3563 1339 3602 mensa
1346 3555 1371 3600 et
1381 3542 1484 3602 inlecto
1492 3558 1519 3602 et
1531 3565 1660 3621 quocum-

118 3621 191 3682 οὕτω
201 3624 245 3682 καί
254 3632 299 3684 νῦν
321 3628 378 3687 ἀντί
398 3626 530 3705 μαχαίρας
546 3625 590 3684 ἐπὶ
604 3626 694 3698 κλίνης
704 3627 890 3705 κρεμάσωμεν,
908 3649 928 3697 B
945 3625 1039 3702 quein
1056 3624 1115 3682 loco
1134 3643 1238 3695 sumus,
1255 3623 1434 3701 praeserimus.
1456 3624 1495 3682 Ut
1515 3623 1587 3681 enim
1603 3623 1662 3703 ple·

118 3700 180 3760 ἀντί
194 3705 293 3802 μογλοῦ
308 3706 352 3765 ἐπὶ
367 3706 444 3784 θύρας
458 3705 654 3784 διαγράφωμεν,
668 3707 727 3764 ἀντί
743 3707 890 3786 τείγουςτῇ
946 3705 1025 3782 rique
1052 3702 1152 3762 milites
1176 3700 1234 3759 siue
1261 3700 1343 3758 armis
1370 3721 1417 3758 nec
1441 3700 1591 3782 prandent,
1614 3723 1662 3763 nec

118 3779 192 3859 οἰκίᾳ
204 3805 277 3862 πασῃ
295 3783 546 3866 περιδάλωμεν·τά
566 3785 618 3843 ἔσω
634 3784 726 3845 καὶτὰ
740 3775 891 3866 ἔξωτούτιμ
946 3781 1150 3842 dormiuntzsic
1170 3799 1242 3838 nnnc
1267 3800 1317 3859 pro
1342 3777 1432 3858 gladio
1459 3800 1517 3838 eam
1543 3780 1570 3838 in
1594 3781 1663 3842 lecto

118 3860 332 3940 περιφράξωμεν.
346 3867 432 3923 Τοῦτο
452 3862 503 3943 γὰρ
521 3863 631 3922 θάνατον
649 3864 800 3936 κατελυσεν,
814 3869 891 3945 οὐρα·
946 3860 1148 3942 suspendamus,
1156 3880 1205 3949 pro
1214 3857 1344 3937 repagulo
1352 3858 1379 3915 in
1390 3858 1458 3916 ostio
1465 3858 1660 3996 ιίορὶοροιιιυο,

119 3937 179 4004 νοῦς
198 3939 305 4019 ἀνέῳξε,
324 3947 373 4021 γῆν
394 3942 474 4014 ἐκάθη
494 3965 515 4012 ε,
530 3941 578 4013 την
597 3942 671 4022 φύσιν
691 3944 739 4015 τὴν
760 3944 891 4023 ἡμετέραν
946 3962 995 4020 pro
1009 3961 1087 3998 muro
1101 3952 1126 3997 et
1140 3934 1430 4018 parteteomnidomui
1449 3958 1549 3996 curcum
1570 3960 1661 3999 cmus:

119 4016 167 4075 έπί
180 4018 224 4077 τδν
240 4019 328 4098 θρόνον
341 4022 456 4100 ἀνήγαγε
467 3965 511 4080 riu
524 4022 669 4098 βασιλικὸν,
688 4021 736 4094 τὴν
750 4023 891 4101 τυραννίδα
947 4033 1035 4100 partes
1053 4017 1161 4077 intimas
1175 4030 1202 4075 ct
1224 4016 1337 4075 extimas
1355 4015 1407 4075 hac
1420 4017 1584 4077 muniamus.
1599 4019 1663 4079 Haec

119 4103 169 4156 τοῦ
191 4096 313 4158 διαύολου
334 4100 469 4160 κατέλυσε.
494 4101 582 4163 Τοῦτο
597 4101 627 4159 τὸ
644 4094 710 4165 εἶδος
728 4101 892 4162 διπλοῦν-αδ
946 4099 1018 4157 enim
1032 4111 1145 4156 mortem
1159 4093 1268 4171 delevit,
1278 4095 1357 4154 oaelos
1370 4097 1484 4174 aperuit,
1494 4110 1592 4155 terram
1611 4119 1662 4158 ex-

121 4174 171 4253 pto
187 4174 215 4243 ἕξ
229 4175 295 4250 ὅλης
308 4178 326 4249 ἢ
339 4177 466 4261 γρυσοῦῆ
479 4201 533 4258 μορ
552 4185 649 4258 αριτῶν
662 4180 679 4252 ἢ
693 4180 772 4239 λίθων
782 4179 891 4259 τιμίων,
946 4177 1044 4258 piavit,
1060 4190 1184 4235 naturam
1197 4189 1317 4235 nostram
1330 4173 1357 4231 in
1371 4176 1469 4232 solium
1483 4177 1588 4253 regium
1600 4197 1663 4237 eve·

119 4248 492 4337 δκαίἀφαιρεῖταίπολλάκις
506 4204 557 4317 oui
572 4257 891 4338 βαρύάρωνῆκλετττῶν·
948 4257 1000 4330 xit,
1014 4269 1117 4335 atquct
1140 4254 1280 4314 rannidom
1296 4251 1398 4311 diaboli
1412 4251 1695 4343 dissipavit.·Hujus'
1773 4308 1776 4321 .

119 4332 152 4393 τδ
163 4332 191 4393 δὲ
205 4335 295 4394 άῦλον·
311 4340 339 4396 ού
352 4337 404 4416 γάρ
421 4334 448 4404 ἐξ
465 4337 528 4411 ῦλης
545 4338 649 4410 αῦτοῦη
661 4337 816 4412 ὑπόστασις,
832 4342 890 4399 ἀλλ’
947 4337 1033 4395 forma
1054 4349 1093 4394 cst
1113 4277 1238 4414 duplex:
1259 4352 1311 4407 una
1336 4351 1370 4389 cx
1394 4345 1523 4406 matcna,
1546 4335 1662 4415 exempli

120 4411 177 4471 ἀπὸ
187 4412 327 4487 πίστεωςὴ
341 4416 416 4476 οὐσία
427 4460 435 4490 ,
448 4418 501 4476 ἀπὸ
516 4417 653 4485 διαθέσεως
667 4423 713 4476 τοῦ
726 4423 891 4491 ποιοῦντοςὴ
948 4437 1038 4491 causa,
1055 4436 1088 4474 ex
1102 4435 1169 4472 auro
1181 4411 1226 4470 vel
1240 4409 1393 4489 margaritis
1408 4411 1452 4469 vcl
1469 4412 1590 4490 gemmis,
1604 4434 1664 4492 quae

120 4489 183 4561 ῦλη.
206 4495 231 4551 Τ
233 4499 291 4552 οῦτο
312 4495 482 4564 καθεύδοντας
502 4505 591 4573 τηρεῖ,
616 4505 692 4557 τοῦτο
717 4498 893 4577 ἐγρηγορότας
947 4493 1176 4575 saepcabarbaris
1191 4490 1235 4549 vel
1249 4491 1355 4548 iuribus
1368 4489 1664 4553 aufertumlterasine

120 4570 309 4650 disperdiderat,
322 4581 398 4633 τοῦτο
417 4574 611 4642 κινδυνεύοντας
627 4576 765 4643 διασώζει·
780 4577 891 4636 διδιτού-
947 4575 1168 4649 ωσιετίοτιιειγιιε
1182 4570 1253 4629 enim
1267 4590 1302 4627 ex
1322 4569 1432 4627 materia
1455 4570 1568 4650 est⁴cjus
1590 4571 1664 4631 exsi-

118 4671 168 4708 του
189 4650 303 4727 πόλεμος
326 4653 500 4724 καταλύεται,
532 4654 578 4712 καί
605 4656 695 4736 εἰρήνη
730 4655 892 4715 συνίσταται.
947 4654 1055 4728 stentia,
1069 4648 1214 4710 scdafide
1227 4662 1267 4706 ost
1285 4648 1343 4727 ejus
1356 4661 1452 4706 natura
1462 4663 1488 4708 et
1504 4651 1665 4709 essentiam

120 4725 216 4805 Ὑμνῶ
228 4752 275 4787 σου
287 4737 423 4811 τοιγαροῦν
438 4732 468 4792 τδ
483 4731 651 4811 μακρόθυμον
675 4734 720 4793 καί
741 4734 893 4803 ἀνεξίκακον
910 4734 929 4783 C
947 4731 1123 4812 dispositione
1137 4741 1226 4787 autem
1240 4727 1298 4807 ejus
1312 4726 1358 4804 qui
1372 4747 1430 4785 eam
1452 4727 1516 4786 iacit
1529 4742 1568 4787 est
1580 4743 1666 4788 mate-

120 4810 171 4877 τῆς
179 4808 241 4887 περὶ
254 4809 301 4886 tm
313 4810 463 4887 οἰκονομίας
479 4810 632 4892 μυστήριον,
647 4813 742 4895 Κύριε·
753 4820 894 4894 προσκυνῶ
948 4812 999 4871 ria.
1016 4811 1080 4869 Haec
1091 4808 1256 4867 dormientes
1278 4805 1405 4875 custodit,
1416 4805 1474 4864 hacc
1487 4806 1666 4886 vigilantibus

120 4885 168 4945 τὸν
179 4886 265 4964 τίμιον
280 4887 326 4947 καί
345 4889 469 4958 ζωοποιάν
489 4912 535 4948 σου
554 4914 620 4950 σταυ
639 4892 676 4966 δν,
696 4891 834 4952 Δέσποτα·
847 4917 894 4953 πε·
948 4904 987 4950 est
1005 4887 1143 4969 pracsidio,
1167 4886 1226 4961 iraec
1244 4886 1274 4945 in
1297 4883 1425 4965 periculis
1446 4900 1598 4954 conservat,
1615 4888 1668 4947 hae

123 4965 303 5046 ριπτύσσομαι
314 4967 348 5027 τὰ
358 4969 447 5044 πάθη,
461 4970 529 5048 φιλῶ
539 4967 599 5038 τοὺς
609 4914 704 5045 dieue,
717 4971 763 5030 καί
777 4971 824 5039 τάς
839 4973 896 5031 δια·
947 4969 1050 5030 bellum
1072 4965 1227 5039 dirimitur,
1244 4976 1270 5023 et
1291 4984 1348 5046 pax
1370 4963 1554 5025 confirmatur.
1577 4966 1667 5039 Quare

158 5122 168 5141 ⁰
184 5120 227 5172 Sic
235 5122 312 5172 etium
325 5138 411 5174 omnes
422 5121 583 5190 tussavttti,
592 5124 635 5192 qui
650 5135 723 5177 notat
733 5125 760 5176 in
771 5124 885 5194 morbiue
908 5123 997 5178 Mouet.
1011 5136 1036 5176 et
1047 5121 1125 5176 Savil.
1136 5123 1162 5175 in
1176 5133 1246 5174 textu
1256 5128 1388 5192 ἰξιίργισθι.

123 5211 154 5255 te.
169 5204 332 5268 ἰθίομήκσντα·
941 5219 952 5243 ·
969 5201 1046 5255 Saril.
1057 5203 1082 5252 in
1096 5217 1175 5269 marg.
1186 5203 1344 5273 προφέρωμεν,
1354 5208 1380 5248 et
1391 5197 1427 5248 sic
1438 5195 1490 5248 duo
1501 5198 1561 5252 uss.

156 5293 168 5316 ι
185 5279 279 5329 Omnes
289 5279 362 5404 m,
372 5275 451 5402 Slsslvlii.
464 5279 490 5330 in
500 5296 580 5349 marg.
588 5293 628 5342 τῆς
637 5280 738 5342 ioniam
749 5289 882 5344 ἀξηλάθητι.
1477 5344 1516 5402 6⁴
