3764 5992
847 492 1027 540 nrtsnocm.
1354 504 1363 519 ·
1638 467 1702 564 761

166 615 249 696 τούτῳ
270 613 502 695 συγκεκλασμένοι
514 662 521 690 ,
544 616 589 675 καί
610 616 732 696 σώματος
746 616 867 698 ἀσθινείαρ
880 641 936 675 πα·
988 614 1067 693 tudo,
1077 628 1104 677 et
1118 616 1237 693 obsidio,
1250 631 1277 679 ct
1296 619 1451 677 Isaurorum
1465 619 1590 701 impetus,
1604 633 1630 679 et
1640 640 1708 697 quo·

165 708 283 775 λαίοντες
291 709 432 788 χαλεπῇ),
449 710 507 767 ἀλλ’
521 708 592 785 ὅμως
608 712 631 767 τί
645 708 691 767 καί
704 706 801 768 πολλαί
813 712 840 767 αἱ
855 731 935 787 περι·
988 707 1186 786 tidianamors;
1196 725 1397 793 namperpetuo
1407 732 1471 771 cum
1482 726 1568 773 morte
1577 712 1708 787 vivimus,

167 799 326 870 στάσεις,οὐ
337 799 433 880 μικρὰν
445 803 481 868 εἰς
490 799 660 878 παραμυθίαν
673 804 726 859 τῶν
737 804 826 860 κακῶν
837 798 935 859 τούτων
987 801 1084 862 iubae
1104 824 1175 879 arce,
1197 824 1250 863 non
1268 824 1345 863 secus
1364 824 1395 862 ac
1413 804 1441 863 in
1463 825 1568 864 carcere
1589 803 1707 883 quodam

165 890 214 962 τλν
228 892 357 971 ὑμετέραν
369 892 463 972 ἔχομεν
478 892 593 971 ἀγάπην.
606 895 641 953 Et
654 892 706 973 γάρ
721 892 766 951 καί
786 891 862 971 ὀλίγα
872 896 934 969 ὑμῖν
985 892 1096 967 inclini,
1116 909 1198 974 atque
1219 917 1281 955 com
1304 895 1380 975 gravi
1405 896 1524 977 corporis
1544 895 1705 977 egritudine

164 984 368 1063 συνεγενάμεθα,
384 983 452 1044 ἀλλά
466 982 567 1056 πολλὴν
581 992 675 1064 πεῖραν
690 988 764 1063 ὑμῶν
784 989 832 1057 τῆς
847 984 935 1045 διαθί-
985 986 1158 1047 colluctantes
1169 1012 1176 1045 ι
1189 988 1366 1048 nibilominus
1379 1003 1480 1067 tamen,
1491 989 1597 1049 etiamsi
1610 988 1705 1049 multa

166 1099 233 1143 σειος
248 1077 401 1157 εἰλήφαμεν,
414 1081 461 1149 τῆς
472 1075 582 1154 γνησίας
596 1076 641 1137 καί
659 1081 757 1158 θερμῆς
770 1076 815 1136 καί
828 1076 934 1155 μέλιτος
985 1078 1039 1137 sint
1050 1093 1147 1139 nostra
1158 1080 1411 1157 calamitates,baud
1423 1100 1539 1161 parvum
1546 1078 1707 1161 hujusmodi

166 1168 338 1250 γλυκυτέρας,
359 1173 408 1240 τῆς
433 1167 640 1248 ἀπεριτρέπτου,
662 1173 710 1241 τῆς
733 1174 867 1249 σταθηράς
889 1169 934 1229 καί
952 1174 970 1220 Β
986 1170 1120 1231 malorum
1131 1173 1257 1231 solatium
1267 1172 1294 1232 in
1306 1172 1416 1232 caritate
1428 1187 1516 1233 vestra
1524 1171 1644 1254 positum
1655 1172 1707 1232 lra-

163 1260 329 1340 πεπηγυίας,
338 1261 371 1335 ἣν
380 1260 425 1320 καί
436 1261 562 1342 παρόντες
572 1260 618 1320 καί
625 1259 736 1329 ἀπόντες
747 1260 934 1321 ίπιδιίκνυσθε.
986 1262 1226 1338 bemusQuamvis
1232 1264 1305 1323 euim
1315 1262 1389 1323 haud
1395 1263 1555 1323 diuturnam
1566 1263 1706 1325 vobiscum

164 1351 315 1412 belzeebu
330 1352 416 1413 καίτοι
431 1354 476 1414 καί
488 1352 623 1434 πόρρωθεν
636 1356 710 1432 ὑμῶν
731 1352 821 1427 ὄντες,
834 1353 880 1414 καί
891 1377 935 1414 το·
987 1355 1206 1415 consuetudinem
1228 1356 1404 1415 habuerimus
1416 1369 1522 1415 :umen
1543 1356 1653 1415 sincerae
1674 1376 1708 1416 ac

164 1441 266 1510 τούτοις
277 1444 445 1524 συνεχόμενοι
459 1446 567 1519 δεινοῖς,
578 1443 689 1523 Βῶσπερ
698 1448 724 1506 ἐν
738 1444 826 1522 λιμένι
837 1446 889 1505 τινί
900 1471 933 1526 τη
986 1446 1113 1506 ferventis
1126 1447 1257 1527 melleque
1269 1447 1401 1507 dulcioris
1413 1461 1439 1505 et
1453 1448 1540 1507 firma
1551 1461 1633 1527 atque
1643 1468 1706 1508 oon·

166 1535 258 1613 μνιίμῃ
273 1540 320 1607 τῆς
333 1534 461 1614 ὑμετέρας
475 1540 571 1617 ἀρετῆς
584 1535 824 1615 ίπαναπαυάμεθα,
838 1542 935 1609 θησαυ-
985 1538 1082 1597 stantis
1096 1539 1297 1613 benevolentiae,
1310 1552 1427 1619 quamet
1437 1560 1538 1615 coram,
1549 1552 1575 1598 ct
1584 1540 1707 1601 absentes

166 1627 209 1705 ρὸν
227 1626 352 1706 μέγιστον
367 1626 415 1699 τλν
432 1626 561 1707 ὑμετέραν
578 1628 684 1704 ἀγάπην
697 1619 764 1688 eluat
776 1628 933 1707 νομίζοντες.
986 1627 1137 1705 ostenditis,
1148 1628 1300 1709 perieulum
1314 1650 1384 1709 sape
1396 1629 1526 1689 fecimus:
1535 1631 1708 1711 Quapropter
1784 1696 1788 1703 ,

163 1722 222 1791 Τῆς
240 1718 287 1797 μὲν
307 1710 350 1778 οὖν
365 1722 485 1800 χαλεπῶς
503 1719 652 1801 ἀρρωστίας
668 1721 873 1799 ἀπηλλάγημεν,
886 1724 933 1781 τοῶ
984 1718 1157 1780 licetavobis
1165 1721 1260 1801 procul
1271 1721 1377 1796 remoti,
1385 1742 1418 1780 ac
1427 1734 1467 1781 tot
1475 1721 1708 1801 tantisquererum

163 1816 293 1892 χειμῶνος
306 1812 493 1893 παρελθόντος,
507 1813 553 1873 καί
567 1811 721 1881 ίπιστάντος
737 1819 784 1873 ταῶ
796 1804 878 1894 ἦρος,
893 1813 934 1873 έτι
985 1811 1178 1871 acerbitatibus
1189 1811 1337 1889 constricti,
1347 1826 1436 1871 tamen
1447 1812 1475 1871 in
1490 1812 1600 1873 virtutis
1614 1826 1708 1873 vestra

162 1902 191 1963 δὲ
205 1904 238 1962 τί
250 1903 360 1982 λείψανα
374 1908 454 1975 τῆς
463 1904 649 1986 περιρέρομιν,
661 1905 728 1985 άπερ
739 1903 870 1988 ἀπιτρίὺει
879 1909 932 1965 τῶν
984 1902 1179 1981 recordatione,
1192 1924 1246 1962 non
1260 1924 1336 1963 secus
1356 1915 1437 1983 atque
1449 1903 1478 1963 in
1495 1916 1575 1983 portu
1588 1898 1708 1983 quodam

162 1995 317 2074 Ἰσαυρικῶν
337 1995 452 2074 θορὺὑων
466 2002 484 2068 ἡ
498 1997 631 2076 συνέχεια.
646 1999 730 2057 Ταῦτ’
755 1988 798 2057 οὖν
823 1996 933 2074 είδάττς,
985 1995 1159 2074 quiescimus,
1175 1995 1335 2076 amplissimi
1349 1995 1469 2055 thesauri
1489 1995 1575 2055 instar
1588 2008 1707 2055 vestram

163 2086 208 2144 καὶ
219 2086 351 2169 πόρρωθεν
364 2088 436 2154 ὄντες
450 2086 603 2165 μεμνῆσθαί
617 2112 647 2147 τε
663 2092 741 2167 ἡμῶν
756 2089 882 2161 διηνεκῶς
894 2090 932 2169 μὴ
985 2086 1124 2147 caritatem
1149 2086 1228 2147 nobis
1250 2108 1306 2147 esse
1329 2086 1524 2147 existimantes.
1539 2092 1577 2147 dc
1596 2084 1706 2165 quidem

162 2187 330 2251 κατοκνεῐτε,
351 2179 396 2238 καί
420 2179 529 2259 γράφειν
551 2185 615 2257 ἡμῖν
643 2183 775 2260 συνεχῶς,
799 2179 878 2252 ἡνίκα
902 2181 933 2242 ἂν
951 2191 970 2239 θ
986 2192 1078 2239 exacta
1092 2179 1191 2256 hieme,
1205 2192 1285 2257 atque
1302 2191 1397 2239 exorto
1418 2200 1492 2251 vere,
1512 2177 1592 2258 gravi
1611 2176 1707 2237 morbo

162 2269 226 2348 ἐξῇ,
249 2268 283 2329 τά
304 2270 366 2349 περί
391 2274 438 2342 τῆς
462 2270 561 2350 ὑγιείας
581 2276 629 2343 τῆς
650 2270 779 2350 ὑμετέρας
798 2274 934 2353 εὖαγγελι·
985 2272 1091 2332 liberati
1116 2290 1335 2331 sumuszverum
1358 2269 1445 2351 ipsius
1468 2270 1596 2349 reliquias
1617 2269 1708 2329 adhuc

161 2362 272 2439 ζίμενοι.
985 2363 1210 2439 circumferimus,
1226 2383 1292 2441 quas
1313 2375 1412 2441 augent
1432 2361 1514 2421 etiam
1534 2360 1648 2421 isaurici
1663 2374 1707 2420 tu·

986 2456 1102 2534 multus,
1116 2455 1165 2535 qui
1175 2474 1326 2531 numquam
1339 2452 1529 2513 intermittunt.
1543 2452 1608 2512 Haec
1620 2451 1708 2532 igitur

987 2550 1108 2623 scientes,
1122 2547 1226 2607 etiamsi
1248 2545 1375 2628 procula
1396 2546 1475 2605 nobis
1495 2544 1605 2623 abestis,
1620 2544 1707 2605 nostri

986 2656 1086 2713 tamen,
1101 2660 1209 2719 quaeso,
1226 2660 1331 2719 semper
1352 2636 1516 2714 meminisse,
1531 2650 1622 2715 atque,
1644 2656 1706 2695 cum

985 2733 1090 2805 licebit,
1106 2732 1214 2792 crebras
1235 2731 1339 2802 literas,
1359 2730 1453 2789 laetum
1474 2728 1555 2789 nobis
1567 2726 1604 2788 de
1616 2740 1707 2790 vestra

987 2824 1140 2885 valetudine
1149 2823 1277 2884 nuntium
1290 2823 1438 2899 afferentes,
1450 2819 1484 2880 ad
1495 2841 1546 2881 nos
1557 2818 1663 2880 mittere
1671 2840 1706 2879 ne

987 2917 1145 2997 gravemini.

450 3114 500 3175 στ’.
528 3114 642 3194 Μάλχῳ.
1214 3104 1324 3162 LXXI.
1341 3102 1474 3161 Malcho.

204 3298 281 3372 Μήτι
294 3299 403 3378 ἀθὺμει,
418 3300 485 3379 μήτε
499 3298 642 3381 ἁμαρτίαις
654 3294 757 3375 λογίζου
771 3295 819 3369 τὴν
836 3296 931 3356 καλλί-
1026 3293 1082 3351 Nec
1090 3289 1211 3349 animum
1220 3281 1704 3367 dejice,necpraeclarissimumbeata
1754 3300 1857 3345 unm,

163 3415 227 3463 σιην
242 3390 393 3470 ἀποδημίαν
405 3397 453 3463 τῆς
469 3390 601 3471 μακαρίας
614 3386 740 3468 θυγατρός
753 3410 808 3448 σου.
819 3389 867 3455 Εἰς
879 3386 931 3467 γάρ
985 3383 1107 3442 filiaetuae
1116 3380 1263 3441 discessum
1272 3375 1449 3458 peccatistuis
1455 3372 1588 3433 adscribe.
1595 3371 1704 3432 Etenim
1712 3358 1769 3483 22}
1829 3366 1857 3406 “¹

163 3484 313 3561 ἀκύμαντον
326 3480 689 3562 οκατέπλευστλιμένα,καλ
703 3479 769 3559 πρὸς
784 3478 853 3553 {olo
867 3471 932 3551 ἥλθι
985 3475 1022 3535 ad
1040 3472 1217 3553 tranquillum
1236 3482 1346 3550 portum
1366 3465 1484 3546 appulit,
1500 3478 1581 3543 atque
1594 3463 1623 3523 in
1645 3484 1705 3523 eam

163 3575 260 3650 μηκέτι
276 3574 359 3654 πέρας
379 3575 500 3654 ἔχουσαν,
521 3575 567 3634 καλ
583 3578 636 3633 τῶν
659 3570 728 3631 κατὰ
749 3572 794 3631 τὸν
813 3571 932 3654 παρόντα
986 3568 1082 3643 vitam,
1096 3586 1156 3643 quae
1167 3561 1273 3623 nullum
1284 3561 1341 3640 jam
1351 3558 1432 3659 linetn
1443 3557 1571 3615 habitura
1583 3570 1635 3660 est,
1644 3576 1705 3637 per-

164 3665 220 3742 βίον
232 3665 358 3743 κυμάτων
373 3668 570 3745 ἀπαλλαγεῖσα,
582 3664 692 3739 ἕστηκεν
704 3663 747 3723 ἐπὶ
762 3667 809 3735 τῆς
817 3662 931 3745 πέτρας,
986 3659 1069 3734 venit,
1079 3677 1111 3715 ac
1119 3651 1258 3736 presentis
1268 3650 1331 3711 vita
1342 3648 1470 3709 fluctibus
1481 3660 1581 3728 erepta,
1591 3667 1620 3705 tn
1629 3660 1706 3748 petra

162 3756 213 3816 ὅσα
224 3757 373 3836 συνήγαγην
383 3757 486 3836 ἀγαθὰ,
497 3756 587 3837 ῶσπερ
597 3760 623 3816 ἐν
632 3756 721 3838 ἀσάλῳ
733 3755 824 3816 λοιπὺν
835 3754 932 3836 ἔχουσα
950 3765 970 3812 n
986 3763 1049 3827 stat,
1063 3770 1093 3807 ea
1107 3744 1197 3806 omnia
1210 3743 1280 3801 bona
1304 3761 1363 3819 qua
1385 3738 1505 3818 collegit,
1524 3751 1663 3817 tamquam
1677 3757 1704 3796 tn

163 3853 299 3930 θησαυρῷ.
314 3849 369 3908 Καί
383 3851 422 3909 δεῖ
435 3848 539 3933 χαίρειν
552 3848 619 3930 ὑπὲρ
632 3847 740 3923 τούτων,
754 3845 799 3906 καί
814 3856 933 3929 σκιρτᾷν,
986 3840 1120 3902 tutissimo
1137 3838 1265 3896 thesauro
1285 3832 1411 3912 deinceps
1424 3828 1644 3935 habenquoque
1656 3849 1706 3933 not

163 3942 208 4000 καί
232 3940 433 4021 εὐφραίνεσθαι,
456 3940 497 4001 ὅτι
515 3940 565 4015 τὴν
587 3940 689 4014 ἐκείνης
703 3939 800 4021 ψυχὴν,
814 3940 933 4019 καθάπερ
987 3934 1059 3994 mine
1079 3929 1197 4012 gaudere
1217 3940 1243 3986 et
1264 3924 1399 4028 exsultare
1417 3944 1449 3983 ac
1467 3922 1562 3982 laetttta
1576 3920 1705 4027 periundt

163 4033 277 4112 peoque
294 4033 399 4112 ἄριστος
419 4033 520 4115 καρπὸν
539 4033 649 4116 ῶριμον,
673 4036 712 4114 τῷ
734 4036 813 4113 κοινῷ
827 4032 932 4092 πάντων
987 4023 1123 4101 convenit,
1145 4019 1217 4099 quod
1241 4017 1327 4099 ipsius
1350 4036 1480 4092 animam,
1495 4014 1569 4119 velut
1584 4028 1704 4118 optimus

164 4122 332 4203 παρέστησας
343 4125 475 4207 Δεσπάτῃ.
487 4128 582 4186 Ταῦτα
593 4126 639 4186 καὶ
651 4125 684 4186 τὰ
698 4128 729 4185 ἐκ
741 4124 932 4185 τῶντοιούτων
987 4116 1104 4198 agricola
1123 4126 1259 4172 maturum
1281 4110 1414 4181 fructum,
1429 4127 1565 4167 communi
1581 4128 1703 4211 omnium

164 4217 299 4296 λογισμῶν
313 4218 437 4285 ἐπιτιθείς
446 4217 573 4299 φάρμακα
585 4219 630 4277 καί
642 4216 841 4298 σαυτῷ,καλτῇ
855 4214 934 4297 κυρία
987 4210 1105 4271 1)οωίυο
1117 4201 1275 4267 exhibuisti.
1288 4202 1352 4261 Hac
1366 4200 1473 4280 aliaque
1494 4221 1529 4259 ex
1546 4198 1703 4302 hujusmodi

166 4332 216 4386 μου
229 4312 262 4388 τῇ
278 4309 448 4390 κοσμιωτάτῃ
464 4310 545 4391 μητρί
557 4313 653 4384 αὐτῆς,
667 4307 794 4378 πλεάναζε
809 4309 853 4368 τὸν
867 4307 934 4389 ὑπὲρ
986 4300 1136 4363 rationibus
1149 4297 1268 4357 confecta
1287 4292 1481 4353 medicamenta
1496 4305 1554 4394 tum
1568 4290 1630 4393 tibi,
1644 4303 1702 4349 tum

165 4400 262 4459 τούτοιν
278 4401 449 4479 ἀποκείμενον
468 4404 529 4479 ὑμῖν
546 4400 656 4480 μισθόν·
671 4400 714 4461 ἵνα
729 4399 766 4479 μὴ
790 4400 867 4479 μόνον
884 4403 933 4470 τῆς
986 4393 1162 4453 omatissimae
1170 4387 1286 4449 domina
1295 4408 1360 4446 meae
1372 4384 1457 4465 ipsius
1466 4396 1546 4485 matri
1558 4380 1701 4485 adhibens,

164 4492 307 4565 καλλίστης
318 4497 481 4575 ἀνατροφῆς,
494 4494 562 4553 ἀλλά
573 4494 619 4554 καί
631 4500 677 4553 τοῦ
691 4492 782 4576 πράως
795 4493 841 4552 καί
850 4496 932 4573 εὐχα-
987 4485 1136 4547 mercedem
1145 4502 1195 4562 pro
1204 4480 1248 4539 his
1257 4479 1337 4537 rebus
1347 4476 1425 4535 vobis
1435 4473 1599 4578 reconditam
1607 4473 1704 4554 ampli·

167 4584 260 4659 ρίστως
275 4584 405 4663 “iteratis
418 4583 466 4658 τλν
480 4585 625 4657 καλλίστην
644 4585 742 4659 ταύτην
761 4588 841 4656 αὐτῆς
862 4589 932 4645 ἀπο·
988 4579 1090 4637 fica:ut
1103 4596 1157 4635 non
1170 4586 1274 4631 tantum
1286 4569 1395 4650 optione
1405 4566 1702 4670 educationis-nomine,

166 4676 272 4753 θημίαν,
288 4676 388 4747 πολλὴν
400 4675 473 4756 παρά
486 4682 532 4738 τοῦ
546 4676 731 4759 φιλανθρώπου
752 4679 822 4737 otoo
834 4675 935 4749 λάθητε
989 4667 1167 4731 verumetiam
1184 4661 1257 4742 quod
1275 4658 1384 4742 placido
1399 4673 1424 4718 et
1444 4672 1522 4738 grato
1538 4678 1629 4717 ammo
1641 4657 1704 4739 pul-

166 4765 215 4838 τὴν
226 4768 368 4828 ἀντίδοσιν.
990 4761 1155 4822 cherrimum
1175 4754 1262 4836 ipsius
1284 4773 1298 4810 e
1319 4750 1376 4812 vita
1402 4749 1551 4810 discessum
1573 4747 1703 4822 tuleritis,

989 4856 1123 4933 ingentem
1135 4870 1151 4909 a
1164 4845 1280 4925 benigno
1294 4845 1353 4903 Deo
1365 4841 1514 4903 mercedem
1529 4838 1674 4920 accipiatis.

202 5081 214 5118 b
232 5080 324 5130 Omnes
333 5077 391 5126 blaa.
404 5082 479 5146 ὦσπτρ
495 5083 518 5129 ίν
530 5081 622 5143 lapaut
636 5099 687 5129 τινι.
698 5075 795 5125 Tamen
807 5084 924 5139 praetore
950 5085 1034 5123 veram
1044 5082 1097 5117 esse
1106 5062 1250 5114 lectionem.

165 5156 265 5212 videtur
275 5164 356 5225 λιμένι.
982 5147 994 5180 ⁴
1010 5143 1113 5198 Coisliu.
1125 5147 1257 5206 ὑπενεγκεῖν.

198 5252 209 5275 ⁰
226 5234 329 5288 Coislin.
350 5240 485 5287 κατέπαυσε.
498 5230 568 5283 Edit.
581 5236 728 5286 κατίπλιυσι.
739 5230 851 5281 Priorem
863 5240 925 5295 puto

325 5347 398 5386 ΤΟΜ.
422 5345 473 5383 ΙΙΙ.
