3764 5992
747 490 929 552 erremus.
1533 455 1612 578 645s
1651 450 1674 549 ’,

61 643 124 683 τινα
138 620 304 696 ἀπελαύνων,
317 623 333 686 δ
346 621 435 696 πάσης
455 622 533 683 αύτδν
554 619 715 690 ἀποκλείσας
728 620 814 689 οἰκίας
824 663 835 699 ,
887 618 1401 707 minemebseiderat,quineprclnnam
1409 626 1522 708 quidem
1532 650 1608 690 men·

62 719 127 794 θτῷ
137 725 239 794 σατσνᾷ
259 713 408 794 παραδοὺς,
423 720 437 775 θ
450 714 579 787 τοσαύτην
594 736 650 794 παρ
672 736 751 773 surus
762 715 839 786 δικην
887 734 946 773 sem
958 734 1129 775 communem
1141 738 1202 776 eum
1212 739 1243 777 ee
1257 718 1357 779 babere
1369 719 1497 799 cuiquam
1506 720 1608 802 permi-

65 808 198 879 ἀπαιτῶν,
211 805 255 867 ὅτε
277 798 344 866 εἶδεν
368 805 522 884 ἀλγήσαντα
545 807 591 866 καί
614 804 777 884 μεταγνόντα
798 806 838 885 ἐρ’
852 819 873 871 ι
889 818 967 878 serat,
981 805 1167 884 quiemnibus
1184 808 1288 869 luctum
1307 809 1393 891 ipsius
1406 831 1486 871 cause
1498 810 1607 871 indixe-
1710 884 1714 889 ‚

64 890 105 966 οἷς
119 899 238 979 ἥμαρτε,
254 899 300 957 καὶ
313 898 476 979 παλινῳδίαν
492 884 535 958 διά
557 904 610 959 τῶν
626 897 710 977 ίργων
728 897 838 977 ᾅδοντα,
888 911 930 954 rat
942 902 953 971 (
963 899 1005 956 Et
1016 918 1073 958 ‘uos
1084 900 1184 983 inflati
1196 905 1276 972 estis,
1287 901 1386 980 inquit,
1396 915 1425 962 et
1439 921 1500 961 mm
1512 905 1607 984 magii
1616 932 1638 966 ε.
1647 917 1757 968 Coeus·

65 990 149 1058 οὕτως
163 992 238 1059 αὐτὸς
250 991 413 1070 μετετάξατο
423 991 514 1067 πάλιν,
524 994 560 1058 ύις
570 990 691 1062 ίκείνοις,
705 981 744 1057 οἷς
754 995 839 1049 ταῦτα
889 987 1000 1047 luctum
1019 991 1175 1064 habuistis,
1193 1005 1226 1050 ut
1242 993 1367 1052 tollatur
1383 994 1421 1052 de
1442 995 1538 1054 medio
1551 1015 1607 1069 ‘ue-

66 1081 194 1154 ἐπέταξε,
214 1081 249 1139 τά
261 1083 369 1141 ἐναντία
382 1085 514 1144 κελεῦσαι.
534 1081 569 1142 Ὁ
580 1082 632 1162 γὰρ
648 1079 743 1153 αἰπύν,
759 1078 839 1140 ἐκκύ-
888 1092 982 1138 strum
994 1086 1046 1163 qui
1059 1084 1114 1141 icoc
1127 1086 1312 1234 οριιὲίεσίε),
1328 1086 1378 1164 qui
1391 1106 1456 1146 eum
1466 1107 1520 1147 nen
1530 1108 1608 1147 secus

65 1175 153 1252 ψατε,
167 1174 373 1256 ἀποστράρητε,
388 1174 553 1248 πενθήσατε,
567 1171 840 1253 καίλαμύανίτωαθ·
888 1192 920 1231 ac
933 1173 1090 1252 pestiferum
1103 1196 1182 1254 quem
1206 1197 1249 1235 tm
1267 1177 1456 1257 undecumque
1479 1178 1608 1260 pelfliet,

65 1263 137 1325 τδνθ
151 1265 285 1340 διάύολος,
300 1264 327 1324 τί
346 1290 447 1347 φησιν,
469 1265 615 1346 Κυριίιαστε
626 1268 663 1331 είς
676 1264 754 1324 αὐτὸν
769 1261 839 1342 duti-
889 1263 936 1341 qui
956 1284 990 1322 ex
1007 1264 1129 1325 omniurn
1145 1266 1251 1327 edibus
1269 1268 1432 1344 excluserat,
1443 1267 1491 1350 qui
1508 1272 1608 1330 mnes

65 1378 131 1430 πην,
144 1356 449 1440 μήπωτῇπερισσοτίρα
458 1358 529 1438 λύπη
540 1360 839 1438 κατατοθῇθτοιῶτος,
889 1352 1047 1432 εεεάἰάεεεε,
1057 1356 1092 1433 is,
1107 1356 1283 1437 inquam,qui
1293 1373 1400 1420 tantum
1410 1362 1446 1421 ab
1461 1381 1493 1421 ee
1502 1361 1609 1442 suppli·

65 1448 112 1506 καί
129 1451 361 1529 πλεονεκτηθῶμεν
383 1449 434 1510 inb
456 1455 501 1510 τοῦ
515 1453 676 1524 seruum
694 1446 746 1529 γάρ
757 1451 839 1508 αὐτοῦ
847 1443 964 1534 mnium
973 1445 1108 1526 exigebat,
1120 1461 1264 1528 postquam
1274 1471 1337 1510 eum
1354 1450 1449 1512 dolore
1469 1452 1607 1527 aflectum,

64 1539 101 1599 τά
122 1540 244 1618 νοήματα
263 1543 416 1620 ἀγνοοῦμεν.
439 1543 522 1623 Ὁρᾷς
545 1545 602 1610 πῶς
622 1545 679 1602 ἀστι
697 1540 839 1601 σατανικὸν
856 1535 1048 1616 Ascelerisque
1068 1538 1181 1599 admissi
1202 1542 1374 1622 poenitentem
1391 1543 1480 1621 vidit,
1496 1543 1608 1625 palinu-

65 1630 98 1688 τδ
111 1632 233 1712 ἀμέτροις
244 1636 333 1712 ἀλγεῖν
347 1633 392 1693 καί
405 1637 454 1705 τῆς
468 1631 566 1693 ἐκείνου
587 1632 697 1712 παγίδος
713 1631 798 1712 ίργον,
808 1631 841 1692 εδ
889 1626 1015 1707 eliamque
1027 1630 1115 1711 reipsa
1129 1646 1278 1711 canentem,
1293 1633 1320 1693 in
1335 1634 1410 1694 hunc
1424 1634 1537 1695 medum
1550 1634 1609 1716 ipse

65 1722 196 1804 euripus
214 1724 353 1805 ράρμακον
380 1729 412 1805 τῇ
432 1724 546 1804 ἀμετρίᾳ
567 1730 701 1792 ποιοῦντος
723 1721 840 1795 δηληιη-
890 1739 998 1799 quoque
1015 1723 1174 1782 sententiam
1190 1725 1317 1797 retexuit,
1330 1739 1363 1787 ut
1380 1725 1423 1802 iis,
1436 1724 1609 1805 qubnsbac

70 1838 141 1895 pseu,
157 1815 209 1874 Καὶ
224 1815 276 1897 γὰρ
297 1815 397 1894 γίνεται
411 1816 580 1897 δηλητήριον,
602 1813 716 1896 κάκείνῳ
735 1815 779 1876 τὸν
794 1814 843 1874 ἀν·.
890 1810 1223 1897 edixereuenntrariajftm
1232 1816 1383 1898 imperaret.
1394 1818 1465 1877 Nem
1474 1815 1609 1897 quidne<

66 1912 173 1984 θρωπον
193 1905 382 1986 παραδίδωσιν,
395 1907 458 1966 ὅταν
473 1909 510 1974 είς
526 1904 654 1988 ἀμετρίαν
668 1904 782 1985 ίκπίσῃ·
800 1903 841 1964 διδ
891 1916 942 1979 rat,
948 1902 1118 1981 Exscindite,
1124 1906 1235 1987 rejicite,
1241 1908 1376 1989 lugetque
1384 1908 1510 1969 dialtnlus
1516 1907 1607 1990 ipsum
1703 1902 1708 1911 ¹

64 1996 112 2054 καὶ
123 1996 220 2076 ἔλεγεν,
233 1995 293 2057 Ἵνα
307 1995 345 2077 μὴ
360 2001 594 2076 πλεονεκτηθῶμεν
606 1997 715 2057 beten
728 2005 839 2057 σατανά.
889 1995 1012 2077 arripiat,
1022 1996 1091 2076 quid
1102 1998 1304 2060 ait?Firmate
1316 2005 1349 2060 in
1361 2022 1427 2062 eum
1438 2004 1604 2075 caritatem,
1615 2030 1638 2066 ε.
1649 2016 1756 2065 (ἕνεκά.
1853 2061 1856 2065 ,

64 2087 104 2149 Ὃ
115 2088 144 2149 δὲ
157 2089 241 2167 λέγει,
253 2089 369 2150 τοιοῦτόν
381 2093 451 2150 ἐστι·
470 2089 561 2173 ψώρας
573 2089 605 2148 rb
617 2087 751 2169 πρύύαταν
769 2090 840 2167 Ιίμ-
891 2106 929 2144 ne
950 2089 1160 2148 abundantiori
1181 2095 1302 2150 tristitia
1327 2094 1494 2174 hujusmodi
1519 2093 1607 2154 ltome
1617 2094 1655 2127 ¹¹·

63 2179 206 2251 πίπληστο
231 2184 344 2254 πολλῆς,
368 2181 534 2261 ηλλοτριώθη
559 2186 607 2252 τῆς
623 2180 733 2260 ἀγίλης,
753 2182 840 2264 ‹insp-
889 2178 1091 2248 absorbeatur,
1104 2199 1141 2239 ec
1154 2185 1452 2244 circumveniamura
1469 2198 1607 2246 satana.-

65 2273 136 2352 ῥύγη
159 2278 207 2345 τῆς
229 2273 404 2347 ’Ἑκκλησίαη
427 2274 496 2335 ἀλλά
521 2272 653 2351 ἀνώρθωσς
683 2271 731 2345 τὴν
753 2271 839 2343 νόσον,
892 2287 951 2325 uon
966 2273 1044 2328 enim
1059 2272 1149 2349 ipsius
1160 2276 1352 2352 cogitationes
1364 2278 1542 2356 ignoramus.
1553 2276 1609 2338 Vi·

63 2363 158 2443 γίγονε
169 2365 301 2445 πράἀατον
316 2357 369 2425 οἷον
385 2365 532 2445 ἔμπροσθεν
546 2356 593 2437 ἦν·
607 2363 718 2435 τοιαύτη
729 2364 840 2445 γάρτῒγς
890 2356 973 2418 τίσετε
989 2360 1218 2438 quemadmodum
1236 2378 1335 2425 satane
1354 2365 1513 2426 instinctum
1531 2366 1609 2427 redo·

65 2455 207 2532 μετανοίας
226 2457 375 2536 ἡδύνομνς,
397 2458 493 2538 Γέγονε
504 2457 595 2518 λοονοὸν
608 2460 656 2529 τῆς
666 2456 781 2536 ποίμνης
791 2461 839 2529 ςῆς
889 2450 954 2528 leat,
970 2452 1112 2532 laqueique
1123 2453 1207 2534 ipsius
1220 2478 1289 2537 epus
1299 2455 1344 2534 sit,
1358 2455 1504 2517 immodice
1514 2455 1611 2519 delere

63 2546 209 2627 ἡμετέρας,
221 2548 392 2633 Ὁλοχλήρως
407 2549 616 2628 ἀποσπασώμεθα
628 2549 718 2624 αὐτὸν,
733 2548 840 2617 ὑπτίαις
890 2541 975 2620 affiCl,
993 2558 1023 2602 ul
1036 2544 1083 2622 qui
1099 2545 1226 2607 videlicet
1238 2548 1355 2608 salutare
1366 2547 1546 2630 Pharmacum
1559 2571 1609 2631 per

62 2640 254 2719 ὖποδςξώμεθα
271 2650 329 2710 ταῖς
342 2642 437 2722 χερσί,
451 2642 648 2724 περςλᾶὅωμον,
669 2641 839 2723 mpetu-tufini·
857 2653 876 2701 Β
891 2633 1138 2699 immoderationem
1153 2638 1183 2698 ln
1195 2660 1327 2701 venenum
1341 2641 1498 2701 sonuum?
1513 2641 1608 2722 Siqui-

64 2736 153 2810 μεθα,
169 2731 310 2811 ίνύτωμεν
320 2740 385 2813 ἡμῖν
400 2737 496 2800 αὐτοῖς.
514 2735 549 2793 Εἰ
566 2734 618 2815 γάρ
633 2732 671 2813 μὴ
684 2734 841 2813 βουληθείη·
891 2727 954 2787 dem
967 2727 996 2788 in
1009 2750 1142 2791 venenum
1156 2730 1307 2811 degenerat,
1318 2747 1398 2812 atque
1410 2731 1549 2794 bominem
1560 2754 1609 2795 sa·

65 2831 202 2900 μεντοῦτο
211 2828 342 2895 ποιῆσαι,
361 2828 514 2885 πλεονεκτεῖ
532 2826 625 2887 λοιπὸν
638 2832 710 2904 ἡμᾶς
723 2831 738 2886 δ
751 2825 840 2886 διάύο·
892 2831 960 2879 ¹⁸1¹ae
982 2821 1079 2896 tradit,
1098 2844 1162 2881 cum
1185 2823 1297 2883 mudum
1317 2825 1472 2901 excesserit,
1495 2824 1611 2905 ideoque

62 2917 128 2989 λος,
149 2919 179 2975 οὗ
203 2915 247 2975 τὸν
271 2919 350 2977 αὐτοῦ
373 2916 527 2996 λαμύάνων,
547 2917 618 2979 ἀλλά
641 2916 686 2977 τὸν
709 2918 838 3000 ἡμέτερον
889 2910 1074 2975 ἀίσείιειεΝα
1089 2919 1512 2979 circumveniamuraseteua.
1526 2919 1609 2993 Quot

62 3007 205 3086 *steinensi
226 3007 280 3068 ἀπὸ
302 3012 350 3080 τῆς
364 3008 494 3091 ῥᾳθυμίας
507 3012 555 3080 τῆς
571 3007 719 3088 ἡμετέρας,
735 3009 780 3067 καὶ
795 3009 839 3071 nt
890 3003 1003 3082 perinde
1024 3027 1055 3065 ac
1075 3006 1099 3067 si
1118 3005 1218 3067 diceret
1233 3032 1240 3064 ι
1255 3008 1362 3089 Ingenti
1381 3009 1471 3071 scabie
1484 3024 1609 3093 conperta

62 3100 115 3168 τῆς
134 3097 261 3178 ἀμετρίας
280 3104 328 3171 τῆς
342 3098 412 3158 κατά
433 3099 482 3172 τὴν
502 3099 614 3178 ἀθυμίαν
631 3100 838 3173 καταποντίζων,
888 3116 973 3174 pecus
985 3096 1043 3157 baec
1053 3112 1120 3176 erat,
1134 3121 1149 3157 a
1163 3119 1243 3178 grege
1251 3113 1352 3160 remota
1362 3115 1402 3161 est
1414 3124 1420 3158 =
1432 3101 1468 3160 ab
1480 3101 1609 3163 Ecclesia

62 3188 113 3248 καί
125 3190 203 3248 αὐτοῦ
217 3190 404 3255 λοιπὸνποιῶν
426 3181 504 3250 εἶναι.
518 3191 566 3251 Διδ
582 3190 629 3251 καί
639 3191 781 3272 ἀπήγαγεν,
795 3196 837 3253 Oi
889 3202 959 3247 εὕδω
979 3189 1111 3270 abrupi&
1132 3211 1228 3250 verum
1250 3193 1377 3252 morbum
1394 3192 1509 3275 depulit,
1528 3208 1611 3274 etque

60 3279 117 3362 γὰρ
139 3283 218 3340 αὐτοῦ
231 3281 266 3342 τὰ
278 3280 400 3360 νοήματα
416 3287 572 3362 ἀγνοοῦμεν,
589 3282 632 3342 ὅτι
651 3283 697 3343 καί
716 3282 761 3344 διὰ
783 3287 837 3345 οὖν
890 3278 918 3339 in
929 3280 1075 3361 pristinum
1085 3297 1186 3343 statum
1205 3286 1329 3344 restituta
1347 3299 1387 3346 est
1399 3310 1406 3344 ε
1419 3308 1450 3346 ea
1462 3287 1534 3347 enim
1549 3308 1607 3368 ρω-

59 3371 233 3451 ὦριλοίντων
243 3373 387 3446 πολλάκις,
406 3372 469 3434 ὅταν
481 3374 518 3453 μὴ
536 3375 646 3442 δεόντως
658 3381 744 3434 ταῦτα
760 3375 837 3457 γένη·
888 3371 1006 3432 nitentia
1019 3373 1062 3434 vis
1074 3389 1124 3434 est.
1141 3376 1303 3456 segregem
1315 3393 1437 3438 nostrum
1446 3380 1505 3460 jam
1516 3377 1607 3438 rediit.

59 3485 109 3522 ται
114 3506 124 3539 ,
135 3460 195 3531 τοὺς
209 3462 247 3543 μὴ
262 3465 440 3545 προσέχοντας
454 3465 634 3535 ὑποσκελίζειν
646 3465 745 3526 είωθεν,
888 3466 1002 3524 Prorsus
1021 3484 1083 3525 eum
1100 3465 1262 3542 alliciamus,
1276 3469 1381 3549 supinis
1394 3469 1520 3529 manibus
1535 3468 1608 3530 exci-

887 3555 1006 3636 piamus,
1021 3558 1225 3639 amplectamur,
1237 3561 1434 3634 exosculemur,
1450 3559 1610 3642 nobisipsis

887 3646 1077 3729 adjungamus.
1102 3650 1161 3709 Nisi
1182 3651 1254 3710 enim
1277 3650 1306 3710 id
1330 3652 1416 3712 lacere
1436 3653 1465 3712 in
1486 3653 1609 3714 nmmum

888 3739 1087 3815 induxerimus,
1096 3741 1203 3802 fraudat
1210 3743 1269 3824 jam
1280 3763 1328 3802 nos
1340 3758 1456 3818 satanas,
1466 3766 1609 3806 nonsuum

886 3832 1032 3913 accipiens,
1047 3832 1096 3892 sed
1107 3855 1170 3893 eum
1190 3835 1236 3912 qui
1248 3849 1337 3896 noster
1356 3837 1468 3897 effectus
1489 3850 1541 3911 est,
1558 3858 1609 3919 per
1684 3876 1687 3883 ·

887 3924 1035 3985 secordiam
1058 3939 1193 4004 nostram,
1217 3938 1298 4006 atque
1320 3927 1498 3989 immodicum
1521 3930 1609 4011 ipsius

886 4038 1027 4078 moemrem
1040 4017 1205 4098 demergens,
1221 4019 1328 4099 sibique
1341 4020 1371 4081 in
1384 4036 1521 4103 posterum
1536 4043 1609 4083 asse·

887 4130 956 4169 rens.
976 4109 1022 4170 Ob
1044 4108 1127 4189 idque
1148 4111 1228 4170 enam
1253 4111 1413 4193 subjunxit,
1435 4116 1505 4174 Nun
1528 4119 1607 4175 enim
1616 4125 1677 4172 ltin.

886 4205 977 4281 ipsius
996 4206 1186 4282 cogitationes
1206 4208 1392 4285 ignoramus,
1414 4227 1510 4288 nempe
1533 4207 1609 4286 quud

886 4292 967 4352 etiam
980 4314 1029 4374 per
1041 4316 1081 4370 ea,
1096 4317 1156 4372 qun
1169 4317 1231 4355 cum
1247 4296 1364 4356 utilitate
1377 4298 1519 4378 conjuncta
1531 4311 1606 4371 sunt,

886 4406 949 4445 cum
961 4406 1026 4462 non,
1037 4399 1066 4444 ut
1078 4408 1128 4466 par
1139 4398 1186 4460 est,
1195 4386 1277 4463 liunt,
1289 4388 1391 4466 eosqui
1402 4386 1609 4453 aninnmbaud

886 4476 950 4536 satis
968 4475 1117 4552 attendunt,
1131 4478 1159 4536 in
1173 4478 1297 4537 basidem
1308 4479 1447 4559 impellere
1460 4480 1608 4540 consuevit.

99 4567 135 4626 El
146 4563 175 4625 bi
184 4565 250 4646 ύπάρ
261 4552 298 4625 ὄν
311 4565 410 4637 lubrie
421 4592 448 4628 τι
461 4568 669 4648 ἐπλημμέλησε,
684 4570 731 4630 καί
740 4573 831 4648 πλημ·
928 4571 957 4628 b.
965 4569 1046 4640 Quod
1056 4569 1077 4628 si
1087 4591 1136 4651 pro
1145 4591 1176 4628 ee
1186 4570 1294 4645 scelere,
1300 4585 1326 4631 et
1336 4570 1447 4650 quidem
1455 4584 1510 4631 tam
1521 4573 1610 4653 gravi,

54 4657 169 4737 μέλημα
184 4663 309 4733 τοιοῦτον,
330 4663 376 4720 οὐκ
405 4659 511 4741 ἀφίησιν
528 4658 664 4730 cuano<
685 4665 771 4740 πολλῇ
797 4664 831 4740 τῇ
887 4659 961 4741 qued
983 4661 1119 4741 quispiam
1140 4661 1289 4739 commisit,
1310 4662 1412 4722 Paulus
1438 4684 1500 4723 eum
1521 4664 1608 4725 nimiu

51 4747 129 4823 λύπη
153 4755 313 4829 κεχρῆσθαι,
336 4752 405 4811 ἀλλὰ
429 4752 536 4812 σπεύδει
557 4753 603 4813 καλ
623 4753 772 4834 ἐπείγεται,
786 4751 834 4812 καί
851 4756 870 4805 C
888 4773 1000 4814 moerore
1016 4774 1044 4812 se
1058 4752 1188 4811 conficere
1205 4773 1259 4812 nnn
1275 4752 1350 4827 sinit,
1363 4775 1460 4815 verum
1473 4774 1608 4817 summam

51 4843 143 4902 πάντα
158 4851 227 4901 ποιεῖ
253 4841 299 4902 καί
316 4843 549 4923 πραγματεύεται,
571 4844 641 4905 ὥστε
660 4845 772 4925 ἐκκόψαι
788 4843 833 4904 τδν
886 4843 1057 4924 diligentiam
1070 4843 1189 4918 adhibet,
1202 4843 1326 4923 nihilque
1339 4866 1391 4905 non
1409 4846 1466 4926 agit
1484 4868 1515 4906 ac
1526 4847 1610 4907 moli-

51 4935 133 5012 ὄγκον
145 4937 192 5004 τῆς
213 4933 344 5011 ἀθυμίας,
358 4935 503 5007 σατανικὴν
518 4927 585 4996 εἶναι
598 4936 682 5016 λέγων
694 4937 742 5009 τὴν
762 4940 833 5014 ἀμε-
886 4947 942 5008 tur,
955 4952 1009 5011 quo
1019 4930 1140 4990 moeroris
1152 4944 1284 4991 tumerem
1298 4933 1450 5010 exscindet,
1458 4948 1556 4995 satanoe
1566 4935 1609 4998 vi-

51 5024 141 5105 τρίαν,
152 5025 199 5084 καὶ
214 5026 337 5085 διαθολου
356 5026 519 5103 πλεονεξίαν,
539 5027 586 5089 καί
605 5033 653 5100 τῆς
668 5031 767 5089 ἐκείνου
782 5052 833 5088 κα-
885 5022 983 5084 delicet
997 5042 1030 5082 ac
1042 5021 1147 5082 diaboli
1162 5021 1438 5106 circumscriptionem
1450 5024 1609 5107 hujusmodi

88 5223 99 5246 ε
117 5207 212 5257 Omnes
228 5209 288 5261 Mes.
308 5214 466 5275 ἀμαὲπληατο.
483 5209 553 5263 lbditi
570 5219 738 5280 instrinsecus.
751 5210 822 5263 lnira
882 5211 896 5250 θ
913 5209 976 5260 Tres
985 5210 1197 5272 θίεε.αθτόςτι,εῑ
1207 5208 1260 5262 lucc
1270 5222 1307 5262 est
1318 5227 1376 5264 uera
1388 5209 1473 5265 lectio.
1484 5209 1551 5264 Edtu
1566 5235 1610 5274 τις.

54 5292 185 5354 ὁλοκλήρως
202 5285 272 5338 deest
285 5288 310 5337 in
323 5299 438 5354 quatuor
450 5288 510 5340 Mss.
