3764 5992
496 434 541 481 DE
566 434 680 482 DECEM
705 433 849 482 llllellll
873 432 1021 480 TALENT·
1048 433 1213 483 nuntronio
1238 430 1397 487 ll0lllLlal.¹
1601 496 1608 509 ι
1681 417 1723 489 15

179 554 240 635 αὐτῷ
261 557 313 628 τὴν
334 556 439 616 οίνιείαν
463 559 662 641 φιλανθρωπίαν
684 562 758 640 δντῇ
781 558 949 639 συγχωρήσει
1005 558 1046 617 Ne
1069 557 1153 640 igitur
1173 561 1307 643 pudefias‚
1330 584 1399 624 neve
1421 563 1575 643 erubescas,
1596 563 1652 623 imo
1674 586 1723 646 pe-

179 653 222 706 ιύν
247 649 393 729 δμαρτιῶν
427 653 482 708 σῶν
507 651 703 720 ἐπιδείξασθαι·
735 655 771 719 ὡς
796 651 841 711 etv
865 650 949 731 φοάη·
1003 652 1058 712 tius
1071 654 1203 735 pudorem
1215 655 1250 716 de
1269 656 1385 737 peccatis
1407 655 1513 736 collige,
1538 678 1571 716 ne
1584 657 1720 740 desperes,

178 745 215 818 θῇς
233 742 409 818 προσιλθιῐν,
435 740 589 810 ἐνσπόδιαας
618 745 752 822 αὐτοῦπῇ
784 742 947 822 άγαθόιητι,
1002 764 1070 804 neve
1081 746 1194 806 absistas
1208 747 1398 829 apreeatione,
1407 747 1457 808 sed
1467 748 1571 825 aceede,
1582 749 1645 809 licet
1658 771 1720 830 pec·

176 831 328 899 διαάλυαας
351 833 435 893 αὐτοῦ
459 837 509 904 τῆς
528 835 709 917 χρηστότητος
733 835 782 908 τὴν
798 835 948 915 δαψίλειαν,
1002 849 1076 896 eatur
1095 837 1143 917 sis,
1162 852 1193 898 nt
1211 839 1365 899 reconcilies
1388 839 1439 898 tibi
1453 839 1609 913 Dominum,
1630 854 1661 899 ut
1673 841 1721 902 des

175 923 249 1002 τίφι
270 926 309 989 τίς
333 922 367 983 σύ
386 917 466 996 ἧκαν.
480 925 527 996 Μὴ
552 926 638 987 τοίνυν
662 928 863 1007 άναπίπτωμεν,
879 925 945 1006 μηδὲ
1001 927 1043 988 illi
1057 929 1148 989 locum
1172 952 1249 990 suam
1263 931 1457 991 humanitatem
1479 931 1721 993 incoadunatione

175 1019 281 1093 ίανῦμεν
294 1020 324 1076 ἓν
339 1025 403 1083 ταῖς
416 1021 519 1099 εὐχαῖς.
542 1018 599 1079 tlte
611 1018 664 1101 γύρ
678 1021 744 1101 πρὸς
757 1020 828 1084 αὐτὸ,
839 1026 888 1093 τῆς
899 1044 947 1079 κα·
965 1028 985 1076 l)
1001 1033 1109 1080 tuorum
1124 1022 1268 1083 criminum
1277 1022 1423 1083 exhibendi
1436 1023 1527 1103 :quia,
1538 1025 1560 1083 si
1568 1024 1663 1084 timeas
1675 1047 1720 1086 ac-

175 1107 223 1175 ιίιις
233 1111 443 1188 νιατενιγθῖνμνν
460 1112 491 1171 τδ
500 1111 642 1194 βάραθρον,
651 1111 754 1192 ταχέως
766 1117 864 1172 ἐκεῖθεν
876 1117 947 1190 ἡμᾶς
1001 1113 1104 1190 cedere,
1113 1114 1228 1195 impedis
1236 1113 1310 1174 illius
1319 1115 1476 1191 bonitatem,
1488 1115 1631 1174 remoraris
1644 1115 1719 1176 illius

176 1200 317 1259 ίναστάσαι
336 1200 492 1272 δυνήσεται.
514 1202 610 1270 (mele
622 1210 738 1264 τοσαῦτα
755 1203 884 1284 ἥμαρτεν,
896 1203 946 1265 ὅσα
1001 1204 1173 1284 benignitatis
1186 1206 1350 1311 largitatem,
1364 1221 1494 1286 quantum
1506 1207 1540 1266 ad
1566 1220 1592 1266 te
1607 1207 1717 1268 attinet.

175 1297 252 1359 άπος·
276 1291 328 1352 καί
351 1292 505 1376 γδράπαν
525 1285 592 1361 εἶδος
615 1294 743 1375 πονηρίας
766 1297 882 1366 ἐπῆλθε·
900 1299 946 1355 καί
1000 1297 1062 1356 Ne
1054 1298 1272 1378 igiturauimum
1291 1298 1514 1379 despondeamus,
1528 1320 1595 1358 neve
1611 1320 1658 1359 nos
1677 1321 1720 1360 se-

174 1383 479 1467 τουτοθηλοιτδμυρια
489 1388 623 1448 τάλαντα
638 1387 851 1471 οὐδείς·ίρημος
863 1387 946 1457 οὕτως
1000 1408 1066 1469 gnos
1075 1389 1237 1470 timidosque
1250 1390 1284 1452 ad
1299 1412 1389 1472 preces
1398 1391 1585 1451 exhibeamus
1604 1391 1719 1452 Etiamsi

173 1470 252 1551 ξηῦς
271 1468 368 1544 οὗτος·
359 1483 468 1538 “codro
488 1478 541 1561 γάρ
565 1481 641 1552 δηλοῖ
665 1481 697 1540 τδ
718 1478 756 1559 μὴ
781 1480 852 1560 ἔχειν
867 1480 945 1539 αὐτὸν
999 1478 1132 1540 detrusi
1111 1502 1195 1541 simus
1208 1482 1245 1541 ad
1257 1482 1416 1542 barathrum
1428 1481 1549 1554 malitiae,
1566 1481 1645 1541 facile
1657 1482 1720 1542 inde

173 1574 296 1630 άτοτῐσαι.
315 1569 392 1631 Ἀλλ’
404 1571 480 1649 ὅμως
493 1571 538 1631 τδν
552 1572 729 1653 πάντοθενπρ
731 1572 853 1633 οδοθίντα
866 1571 945 1653 ίσχυ-
999 1592 1047 1631 nos
1069 1574 1211 1634 extrahere
1232 1574 1340 1657 poterit.
1365 1577 1449 1635 Nemo
1474 1588 1578 1634 tantum
1598 1575 1719 1656 peccavit

172 1685 207 1721 τεν
218 1663 299 1742 εὐχῆς
310 1662 469 1742 ἐξαρπάσαι
480 1662 601 1742 δύναμις.
616 1663 670 1725 Καί
680 1671 802 1725 τοσοῦτον
815 1662 922 1723 δίναται
935 1708 943 1737 ,
999 1680 1131 1744 quantum
1142 1669 1208 1727 iste:
1219 1688 1280 1728 nam
1296 1668 1322 1728 in
1333 1688 1504 1748 omuegcnus
1517 1667 1647 1726 scelerum
1658 1686 1719 1747 pro·

172 1755 247 1833 wll,
260 1753 351 1834 dxl,
370 1758 410 1823 ὣς
423 1755 470 1814 τὸν
482 1755 517 1814 δι’
537 1754 620 1837 ἔργων
641 1755 687 1815 καί
701 1755 802 1837 μυρίων
815 1755 943 1836 πραγμά-
1000 1775 1129 1841 ruperat:
1144 1761 1172 1820 id
1188 1762 1259 1822 enim
1276 1763 1431 1842 significant
1443 1761 1513 1821 dena
1533 1759 1618 1819 millia
1631 1761 1718 1820 talen-

172 1870 213 1904 πιν
229 1845 461 1927 προσκρούσαντα
482 1850 522 1926 τῷ
545 1847 669 1927 Δεσπίτῃ
689 1846 843 1916 ἀπαλλάξαι
862 1849 944 1907 κολά-
999 1865 1110 1912 torum:
1125 1854 1252 1913 nemoita
1268 1857 1345 1935 inops
1358 1853 1469 1913 virtutis
1483 1865 1533 1929 cst,
1545 1865 1576 1912 ut
1591 1851 1718 1912 istel'uit.

173 1939 284 2005 αανςνιαί
299 1937 457 2017 τιμοιρίας;
470 1906 543 2017 Nol,
563 1963 686 2000 τοσουτον
705 1939 831 2015 δύναται,
845 1940 944 2020 άνθρον-
961 1943 1051 2003 Ehoe
1069 1945 1140 2004 enim
1157 1945 1319 2025 intelligitur
1333 1967 1421 2016 exeo,
1437 1945 1510 2024 quod
1523 1897 1721 2004 irihillraberet

172 2056 206 2091 τι
225 2032 296 2092 Οὐδὲ
318 2034 377 2114 γδρ
400 2032 469 2106 αὕτη
498 2033 566 2147 μάνη
586 2033 688 2106 laelii)
702 2034 733 2094 τδ
756 2023 945 2110 πᾶνάνύουσα,
999 2035 1070 2114 quod
1081 2036 1243 2118 rependeret
1253 2043 1375 2096 Attamen
1384 2036 1570 2115 undecumque
1581 2035 1718 2096 desertum

172 2126 220 2183 etl·
233 2124 342 2204 ίχει’
309 2148 462 2205 συμμαχον
477 2150 522 2186 και
511 2125 768 2207 βοηθδνμγιστον
780 2125 829 2197 τὴν
847 2129 945 2207 φιλαν-
1000 2127 1140 2231 etinopem
1153 2129 1242 2210 potuit
1262 2149 1305 2189 νιν
1318 2149 1429 2209 precum
1446 2127 1566 2187 liberare.
1585 2129 1716 2208 Tantum,
1757 2152 1869 2199 ῃοςωι,

172 2216 556 2329 θρυτίαντουδεχομίνουτὴν
571 2217 732 2299 adfluo?
703 2243 732 2279 ου
740 2217 946 2294 ,ἥτιςένταυθα
1000 2219 1098 2297 inquit,
1122 2220 1194 2279 ualet
1214 2221 1340 2301 precatio,
1367 2234 1396 2279 ut
1413 2241 1474 2279 eum
1496 2220 1543 2298 qui
1569 2220 1779 2289 innumerisl’m
1766 2231 1803 2260 ⁶⁸
1829 2229 1869 2260 '¹⁰‘

171 2310 197 2367 τύ
214 2320 263 2368 παν
288 2308 458 2389 εἰργάσατο,
473 2309 519 2368 καί
534 2308 583 2383 τὴν
598 2310 678 2390 εὐχὴν
698 2310 807 2384 ίποίησε
822 2310 944 2383 δυνατήν.
996 2311 1080 2370 rebus
1093 2312 1210 2372 etlactis
1225 2312 1375 2372 Dominum
1390 2312 1542 2384 offenderit,
1562 2332 1677 2393 apoena
1690 2327 1733 2382 etr
1726 2279 1869 2390 2⁰:³le

172 2404 246 2462 Teste
263 2407 329 2480 γαῖν
345 2401 590 2480 ααίαίνιττόμενος
603 2402 691 2482 ίλεγε
704 2403 946 2484 Σπλαγχνισθελςθ
999 2404 1182 2485 supplicio
1145 2426 1248 2487 eripere
1257 2404 1360 2486 possita
1371 2403 1642 2463 Potestlrauddubre
1654 2406 1776 2506 Nonum
1725 2416 1776 2474 (Ψ
1799 2405 1867 2460 grau

172 2493 356 2571 ωριοςαύτοῦ,
380 2493 558 2554 απίλυσιν’
529 2495 615 2565 αυτὸν,
629 2494 709 2554 καὶ
685 2518 715 2554 το
728 2494 830 2554 δάνειον
845 2496 944 2610 ἀφῆκεν
1000 2497 1130 2557 enimilla
1144 2496 1199 2556 sola
1214 2511 1253 2555 est
1267 2517 1326 2575 quae
1340 2496 1429 2554 omnia
1442 2495 1561 2570 conficit,
1575 2494 1622 2554 sed
1635 2463 1746 2555 habetD
1747 2479 1778 2508 ‘⁸'

173 2588 245 2667 σύτρ·
238 2586 305 2644 les
329 2586 480 2666 μάθῃςδτι
502 2588 624 2665 μηδ”
590 2611 638 2659 της
661 2587 816 2668 εθχῆς,καλ
831 2588 884 2669 πρὸ
896 2612 945 2660 της
1000 2590 1099 2649 νοείτω
1115 2601 1142 2648 et
1153 2588 1352 2647 auxiliatricem
1368 2608 1514 2646 maximam
1523 2585 1716 2647 humanitatem

172 2681 251 2757 οὐρῆς,
267 2701 317 2736 τον
298 2677 469 2738 ”δεσπάτον
490 2678 526 2736 τά
540 2680 683 2760 σπλάγχνα
697 2679 793 2739 τδπθν
808 2678 942 2752 ἐποίησιν.
999 2681 1061 2754 Dei,
1084 2680 1132 2759 qui
1154 2701 1244 2761 preces
1267 2679 1376 2783 accipit,
1397 2679 1475 2758 cujus
1499 2677 1603 2738 uiribus
1626 2680 1716 2740 omnia

173 2767 287 2836 Ἑξελθύνν
300 2769 330 2828 δὲ
343 2773 447 2837 ἐκεῖνος
463 2761 538 2851 εὗρεν
551 2770 649 2829 ἔναι’
613 2795 667 2830 των
687 2770 983 2862 otitrdtatiloausu'reou,¹²
999 2773 1069 2833 fiunt
1095 2787 1121 2832 et
1136 2793 1196 2851 quae
1214 2771 1361 2831 orationem
1377 2770 1513 2830 efficacem
1527 2768 1656 2830 reddidit.
1682 2771 1716 2831 ld
1823 2821 1826 2826 ,

173 2861 353 2942 δςύφειλεν’
320 2886 398 2942 αυτιρ
376 2862 507 2924 “taem
519 2863 649 2942 δηνάρια
642 2862 709 2922 καὶ
720 2863 895 2942 κρατήσας’
866 2887 944 2923 αυτον
959 2823 983 2924 λ
998 2864 1082 2945 igitur
1093 2863 1279 2941 subindicans,
1302 2861 1384 2939 dixit,
1409 2864 1551 2922 Misertus
1568 2865 1714 2924 Dominus

174 2955 261 3034 imp,
278 2956 379 3035 λέγων,
397 2954 498 3022 άπάδος
527 2978 590 3030 μοι,
606 2956 630 3014 εἴ
650 2979 676 3014 τι
698 2955 820 3036 ὀφείλεις.
835 2947 902 3039 ’Ἆρα
917 2959 944 3014 τί
997 2957 1193 3036 qusabsolvrt
1204 2975 1268 3013 eum
1273 2967 1357 3030 σθω-ν
1368 2954 1500 3012 alienum
1511 2958 1622 3014 remisit
1632 2976 1674 3013 et
1684 2969 1715 3014 ut

174 3048 247 3107 :eim
270 3049 372 3126 γίνοιτ’
398 3047 431 3106 ἂν
457 3046 644 3127 μιαρώτερον;
658 3047 787 3108 Ἔναυλον
806 3048 875 3128 ἔχων
892 3048 941 3120 τὴν
988 3045 1093 3121 discas,
1105 3060 1311 3128 etpostprcccS,
1322 3045 1713 3125 etantcprecesdomiuivisoe·

174 3141 317 3221 εὐερνιαίαν,
337 3139 478 3213 ἐπελήσθη
504 3142 555 3211 τῆς
576 3144 620 3199 τοῦ
642 3138 770 3200 δεσπίτυν
791 3141 940 3220 φιλανθρω·
995 3153 1120 3199 ratetum
1130 3138 1344 3217 illudnegotrum
1357 3138 1808 3217 recissassgressusautemuut.
1827 3148 1863 3196 ιθ.

174 3232 228 3300 πίας.
995 3233 1048 3292 ille
1066 3235 1179 3292 invenit
1194 3252 1285 3290 uniam
1300 3250 1503 3291 conservorum
1523 3236 1709 3312 suorum,pui
1723 3207 1761 3256 ²⁸⁸

994 3328 1049 3405 ipsi
1044 3327 1183 3384 debebat
1193 3337 1307 3383 centum
1320 3325 1495 3398 denarios,et
1504 3336 1605 3384 tenens
1616 3327 1712 3407 stesso·

993 3421 1081 3476 rabat
1101 3439 1167 3477 eum
1181 3418 1280 3476 dicens
1293 3439 1302 3472 .·
1314 3416 1414 3475 lledde
1425 3417 1505 3496 quood
1520 3417 1616 3476 debes.
1636 3417 1711 3488 Quid

992 3510 1127 3570 scelestius
1143 3509 1203 3568 fieri
1216 3507 1323 3589 petest?
1333 3506 1430 3566 Adhuc
1443 3506 1515 3565 enim
1525 3507 1648 3566 beneficii
1659 3530 1710 3568 vo-
1737 3532 1740 3537 ·

992 3597 1706 3679 ccminauribusgerens,oblituscstherilisbonitatis.

199 3702 276 3784 Ὁρᾷς
287 3706 350 3765 ὅσον
361 3704 435 3764 ἐστίν
447 3702 549 3784 άγαθδν
560 3702 759 3783 ἁμαρτημάτων
771 3709 936 3782 μεμνῆσθαι;
1030 3706 1059 3762 7.
1067 3700 1109 3760 En
1117 3714 1248 3780 quantum
1259 3699 1360 3757 bonum
1368 3711 1407 3757 est
1417 3711 1588 3778 peccatorum
1596 3721 1708 3760 suorum

168 3795 209 3853 lizl
218 3796 269 3876 γάρ
284 3788 378 3869 οὗτος,
391 3800 414 3855 εἰ
430 3797 561 3867 διηνεκῶς
574 3794 673 3854 τούτων
686 3794 833 3874 ἐμέμνητο,
848 3799 893 3856 οὐκ
904 3796 936 3855 ἂν
990 3792 1159 3852 meminisse:
1175 3791 1197 3851 si
1211 3791 1284 3850 enim
1298 3790 1344 3851 hie
1356 3803 1589 3872 perpetuoeorum
1603 3815 1706 3855 memo-

166 3885 234 3955 σίτοις
259 3890 352 3969 ἄγριος
375 3887 483 4041 ἐγίνελτο
507 3887 553 3947 καί
574 3888 759 3969 ἀπάνθρωπος.
782 3886 833 3946 dil
857 3894 936 3951 τοῦτο
988 3886 1058 3946 riam
1071 3884 1234 3957 retinuisset,
1248 3904 1301 3943 nou
1315 3896 1370 3942 tam
1385 3883 1458 3943 serus
1472 3895 1498 3943 et
1516 3883 1641 3946 immanis
1660 3888 1704 3947 la-

165 3987 270 4063 συνεχῶς
281 3981 372 4062 λέγω,
383 3981 458 4041 auli
459 3980 528 4062 ίγων
542 3980 733 4060 οὐπαύσομαι,
746 3979 786 4041 ὅτι
800 3981 934 4062 χρήσιμον
988 3997 1046 4043 ctus
1052 3981 1157 4041 luisset
1167 3980 1307 4060 Propterea
1317 3978 1425 4038 assidue
1438 3977 1511 4056 dtco,
1523 4000 1572 4038 nec
1581 3995 1704 4042 omittam

165 4096 252 4155 νοορα
264 4074 312 4134 καί
326 4074 513 4153 ἀναγκαῖον
488 4097 520 4133 το
534 4075 660 4145 διηνεκως
676 4073 845 4152 μνημονευειν
861 4079 934 4153 ἡμᾶς
987 4073 1085 4148 dicere,
1098 4071 1178 4134 valde
1196 4084 1235 4130 est
1257 4071 1324 4132 utile
1341 4084 1366 4129 et
1382 4070 1559 4131 necessarium
1574 4089 1728 4195 perpetuoi
1744 4091 1802 4136 neoc
1804 4094 1854 4136 ιι-ιθ

165 4168 206 4223 τῶν
229 4165 509 4246 πεπλημμελημίνων
535 4172 600 4244 ἡμῖν
622 4166 764 4225 ἁπάντων·
786 4166 933 4248 οὐδὲνγὰρ
987 4165 1121 4226 recordari
1144 4163 1305 4224 delictorum
1326 4162 1473 4222 omnium.
1488 4163 1558 4222 nihil
1572 4165 1644 4225 enim
1711 4231 1723 4258 r

164 4256 221 4317 rire
240 4260 388 4340 φιλόσοφον
413 4257 459 4317 καί
474 4222 579 4331 ἐπιευίῆ
601 4259 647 4319 καλ
669 4276 707 4340 πρ
708 4270 753 4319 αον
774 4257 822 4331 τὴν
843 4259 931 4341 ψυχὴν
986 4273 1056 4319 recte
1079 4258 1241 4332 institutam,
1260 4255 1427 4315 tractabilem
1437 4268 1462 4313 et
1473 4269 1565 4315 mrtem
1583 4257 1701 4318 animam

163 4352 314 4428 ίρηάσασθαι
329 4352 485 4428 δύναται,
470 4377 506 4422 ως
523 4357 541 4424 ἡ
563 4352 732 4426 diuortia*
696 4378 749 4413 των
765 4352 930 4435 ἁμάρτημά·
984 4353 1071 4412 lacere
1085 4363 1181 4432 potest,
1199 4369 1280 4428 quam
1294 4361 1422 4429 perpetua
1442 4344 1602 4407 delictorum
1614 4369 1701 4408 recor·

163 4466 204 4502 των
223 4445 329 4524 μνήμη,
357 4445 412 4507 att
426 4450 504 4506 τῶτο
523 4445 568 4504 καὶ
580 4451 594 4506 θ
607 4447 714 4514 Παῦλος
730 4449 759 4506 οὐ
781 4444 858 4524 μίνον
877 4451 930 4506 τῶν
950 4466 968 4512 13
985 4444 1069 4505 datio.
1089 4443 1153 4503 Ideo
1177 4454 1202 4500 et
1217 4439 1317 4499 Paulus
1342 4460 1395 4498 uon
1420 4440 1508 4498 sulum
1529 4453 1700 4520 peccatorum

162 4539 219 4613 μετύ
229 4539 258 4598 τὸ
271 4539 398 4620 λουτρὸν,
418 4537 488 4598 ἀλλά
500 4538 545 4598 καὶ
557 4543 610 4599 τῶν
624 4539 676 4620 πρδ
687 4544 733 4599 τοῦ
746 4537 930 4618 βαπτίσματος
983 4557 1087 4615 eorum,
1102 4557 1161 4616 qua:
1175 4547 1237 4592 ante
1254 4533 1402 4608 lavacrum,
1416 4529 1556 4590 sedetiam
1568 4552 1630 4609 quas
1639 4546 1700 4613 post

161 4632 354 4712 ἁμαρτημάτων
366 4631 512 4709 ἰμέμνητο,
525 4631 655 4710 καίτοιγε
668 4629 863 4711 ἀφανισθέντων
878 4655 930 4690 κα-
983 4629 1147 4734 baptismum
1158 4624 1299 4686 commissa
1311 4637 1395 4699 erant,
1406 4643 1507 4682 memor
1524 4622 1585 4699 luit,
1605 4647 1699 4703 quam·

161 4724 245 4792 θάπας.
258 4724 340 4784 Elei
356 4727 512 4790 ἐκεῖνος
475 4747 529 4783 των
542 4723 594 4805 πρδ
607 4729 654 4783 του
668 4722 851 4803 βαπτίσματος
867 4724 929 4801 lpi-
983 4721 1026 4781 νίν
1039 4720 1118 4780 semel
1133 4718 1223 4778 omnia
1237 4730 1261 4776 et
1277 4715 1364 4776 deleta
1378 4728 1404 4773 et
1414 4727 1545 4773 exstincta
1559 4731 1654 4777 essent
1668 4718 1699 4778 Si
1769 4734 1799 4778 Pa
1802 4736 1851 4779 οοιι

161 4841 245 4891 pram,
259 4819 356 4898 πολλῷ
372 4819 477 4897 μᾶλλον
497 4820 617 4896 apag*
582 4840 634 4876 των
650 4814 771 4894 μετδτδ
740 4815 928 4894 τβάπτισμα
982 4829 1071 4874 autem
1082 4814 1128 4873 rlle
1139 4833 1243 4888 eorum
1255 4831 1314 4890 quae
1324 4822 1385 4866 ante
1397 4805 1563 4890 baptismum
1573 4823 1760 4902 gesserat
1708 4805 1849 4902 ΡΜὝ

162 4913 330 4986 μεμνῆσθαι
314 4920 371 4971 oei·
387 4911 417 4968 ὠ
438 4907 595 4990 γδρδὴ’
560 4932 638 4989 μονον
653 4905 721 4968 αὐτύ
741 4907 929 4990 διαλύομεντῇ
983 4906 1161 4983 memorluit,
1179 4903 1265 4962 multo
1280 4900 1368 4980 magis
1383 4915 1588 5004 pos,quaepost
1607 4903 1699 4984 h'apti-
1708 4873 1851 4966 :iiliusre

163 5002 260 5080 μνημῃ,
273 5003 342 5065 άλλύ
357 5003 405 5063 καὶ
420 5002 488 5082 πρὸς
502 5001 620 5070 ἅπαντας
641 5000 793 5082 άνθρωπους
813 5001 930 5061 tetstat-
983 5012 1139 5061 smumacta
1152 5009 1225 5069 sunt,
1241 5016 1269 5053 ιιι
1279 5013 1409 5051 memoria
1423 4993 1536 5053 retinere
1550 4994 1698 5075 debemus3

164 5095 460 5174 στερονδιακεισάμεθα,
473 5094 519 5154 καί
532 5118 569 5175 τῳ
550 5097 644 5176 erp
659 5094 728 5174 pasl
741 5094 860 5164 πλείονος
871 5096 931 5156 δου-
982 5113 1036 5152 non
1062 5090 1133 5150 euim
1158 5089 1245 5150 solum
1270 5086 1315 5144 illa
1343 5083 1496 5148 istiusmodi
1518 5087 1701 5150 recordatione

192 5252 283 5306 ‘Saril
299 5267 326 5306 ut
344 5255 371 5307 in
392 5264 470 5305 textu
489 5249 572 5304 habet.
592 5253 653 5323 neg.
669 5271 728 5307 reto
747 5259 815 5315 οὐδιὶς
833 5263 1009 5327 ἔρημοςάριτῆς
1020 5257 1055 5316 δν,
1068 5262 1094 5303 et
1108 5253 1144 5302 sie
1156 5249 1241 5318 legisse
1251 5224 1365 5299 Ninnius
1375 5244 1484 5302 ridetur.
