3764 5992
129 379 206 463 too,
430 402 460 451 s.
487 401 627 453 solutus
653 403 836 455 cuuusosr.
864 405 1021 462 secutur.
1048 415 1318 469 consrsnrrnor.

127 527 197 587 dunt
208 526 289 587 suasi
303 525 377 591 Vide
389 527 470 589 etiam
481 551 535 608 qua
559 529 663 590 ratione
684 530 727 590 sui
741 530 844 611 ubique
897 538 974 614 ἡμῶν
988 538 1034 599 καί
1045 545 1092 615 τῆς
1101 543 1233 625 ἡμετέρας
1241 544 1350 626 γνώμης
1359 545 1421 616 eolre
1439 547 1474 608 τὰ
1488 549 1559 610 stru

131 620 293 680 mentionem
309 621 398 697 faciat,
419 641 505 702 nequo
524 622 632 703 uspiam
644 623 843 685 obliviscatur:
898 632 997 698 νῶντος
1007 640 1085 694 τοῦτο
1097 643 1195 700 ποιεῖτε
1219 638 1274 698 Καί
1286 640 1336 722 ὅρα
1348 644 1406 708 πῶς
1420 643 1513 700 ἑαυτοῦ
1530 667 1559 702 ιιι

128 714 298 793 nequeenim
313 713 360 774 hic
378 715 536 775 mandatum
557 729 636 778 vocat
660 716 738 794 illud,
761 740 846 799 neque
899 709 1048 788 μέμνηται,
1063 714 1109 776 καὶ
1119 717 1235 795 οὐδαμοῦ
1249 719 1470 780 ίπιλανθσίυεται·
1487 721 1559 797 elib

126 806 334 888 eleemosynam,
355 807 402 867 sed
422 810 559 869 Gratiam
568 832 581 880 ,·
608 809 754 871 ostendens
775 811 845 872 sicut
897 808 982 863 παῧθε
1004 806 1111 881 itwilt
1132 808 1266 884 ίαίλναεν,
1286 811 1344 872 νῦδδ
1367 812 1557 892 &emittm

127 912 247 958 mortuos
260 899 400 979 suscitare,
417 899 552 961 daemones
565 901 664 983 pellere
687 916 713 962 et
725 903 845 985 leprosos
898 894 983 977 Χαίρῑν
993 920 1000 935 ·
1010 897 1138 977 ζδεοενίνς,
1152 900 1194 962 ὅτι
1222 903 1343 984 καθάπερ
1366 905 1474 988 νεκροὺς
1492 906 1559 987 ίγείρ

127 991 271 1070 mundare,
285 994 325 1052 sio
339 1006 365 1053 et
394 1004 526 1076 pauperes
538 996 637 1076 jurare
661 995 755 1075 gratiae
776 1017 844 1078 opus
898 988 1024 1068 δαίμονας
1043 990 1176 1072 ἕλαῦνειν,
1200 994 1246 1055 καί
1272 995 1386 1078 λεπροίνς
1404 998 1559 1079 ααθαίρεινιξ

127 1104 196 1161 esse3
211 1085 267 1145 imo
276 1085 368 1166 potins
382 1087 434 1148 hoe
448 1107 529 1166 quam
544 1086 634 1147 illud:
648 1103 729 1168 atque
739 1088 844 1150 etiamsi
898 1078 1150 1161 ίργανίππίν·οίίπον
1172 1085 1218 1146 καί
1236 1087 1329 1148 πενίαν
1342 1089 1471 1170 δῑορθαῖν,
1484 1089 1559 1150 “lt

126 1175 213 1257 gratia
231 1177 277 1254 sit,
286 1176 377 1238 studio
393 1192 481 1238 nmen
499 1192 526 1239 et
543 1178 681 1240 alacritate
690 1201 758 1261 opus
766 1181 844 1241 nobis
898 1171 986 1249 μένοις
1010 1184 1090 1256 χεῖρα
1113 1176 1221 1258 ὀρέγειν,
1244 1180 1290 1240 καί
1312 1183 1406 1262 πολλῷ
1430 1184 1530 1259 μᾶλλον
1550 1205 1559 1243 ι

126 1268 166 1328 est
180 1283 212 1327 ut
221 1269 354 1350 eligamus
365 1282 392 1329 et
402 1270 530 1346 velimus,
541 1283 568 1330 et
581 1291 630 1330 nos
641 1270 727 1351 gratia
746 1271 843 1353 dignos
853 1308 889 1346 25,
898 1268 999 1326 έκεῖνο·
1018 1269 1078 1327 ἀλλ’
1093 1271 1117 1328 εί
1129 1271 1174 1330 καί
1184 1271 1262 1352 χίρις
1273 1272 1342 1348 ἐστὶ,
1353 1273 1401 1333 καλ
1412 1278 1462 1346 τῆς
1475 1275 1559 1353 vitati

127 1360 280 1421 reddamus.
300 1361 360 1421 Hoc
370 1361 460 1440 itaque
473 1358 509 1421 ad
523 1362 732 1423 consolationem
742 1364 844 1442 attulit,
863 1363 883 1410 δ
897 1380 942 1417 παν
953 1359 1068 1444 σπονδῆς
1078 1360 1125 1420 καί
1134 1363 1296 1443 προθυμίας,
1309 1363 1353 1426 ἵνα
1367 1364 1490 1445 ἑλώμεθα
1502 1366 1548 1426 καί

126 1451 201 1531 quod
212 1453 304 1513 literas
312 1473 375 1512 suas
385 1472 448 1513 oum
460 1451 517 1513 illis
540 1453 670 1530 mitteret;
689 1454 767 1516 aliod
779 1477 844 1518 vero
898 1453 995 1528 θῶμεν,
1016 1450 1062 1511 καὶ
1083 1456 1131 1524 ιη”ς
1154 1453 1263 1534 χάριτος
1277 1455 1365 1526 ἀξίαις
1377 1457 1487 1528 {entole
1497 1480 1559 1539 παρι

126 1544 215 1625 majus
225 1542 334 1625 adjecit,
357 1541 431 1623 quod
446 1565 475 1603 se
497 1545 670 1626 polliceretur
682 1545 787 1608 itineris
800 1568 845 1608 so·
898 1563 995 1620 οονμεν·
1015 1541 1074 1603 Ἑνὶ
1088 1543 1137 1623 μέν
1160 1536 1204 1605 οὖν
1230 1547 1316 1630 τούτῳ
1339 1549 1559 1632 παρεμυθήσατο,

7 1653 39 1693 ι’.
126 1635 200 1696 dum
212 1636 289 1695 iore:
303 1637 389 1716 Quod
399 1640 425 1696 si
435 1637 555 1717 dignum
571 1639 682 1719 suerit,
700 1637 799 1718 inquit,
813 1653 844 1699 ut
897 1634 1046 1715 γράμματα
1071 1639 1149 1699 αὐτοῦ
1171 1639 1285 1718 πίμπςιν
1313 1645 1372 1721 μετ’
1387 1642 1512 1703 ἐκείνων·
1534 1647 1559 1703 ir

127 1742 216 1810 otego
229 1751 306 1804 eam,
326 1751 439 1791 meeum
460 1733 554 1789 ibunt.
581 1730 634 1791 llio
645 1731 847 1795 animaduertes
899 1723 999 1805 μείζονι
1017 1732 1064 1787 τοῦ
1079 1729 1207 1812 προτέρου
1226 1732 1324 1808 πάλιν,
1337 1736 1377 1814 τῷ
1391 1735 1439 1794 καί
1456 1734 1559 1795 meisi

126 1821 280 1902 velimejus
293 1821 476 1904 prudentiam.
503 1823 597 1901 Neque
609 1822 682 1882 euim
693 1823 804 1904 negavit
818 1845 847 1884 se
899 1823 961 1878 σθαι
975 1820 1022 1890 τῆς
1037 1821 1190 1899 ἀποδημίας
1200 1821 1296 1898 ταύτης
1302 1827 1472 1900 κοινωνήσειν
1484 1830 1559 1888 otest

126 1913 209 1975 simul
222 1914 336 1991 iturum,
352 1913 560 1993 nequeomnino
582 1915 722 1995 pollicitus
737 1913 848 1991 estpsed
900 1902 980 1992 ηδιρῇ
995 1912 1169 1994 ἄξιονιρησί,
1190 1919 1237 1975 tot
1262 1916 1334 1996 κάμέ
1359 1918 1559 2001 πορεύεσθαι,σ

126 2006 197 2067 illud
209 2007 290 2067 etium
309 2006 435 2066 dantium
458 2005 572 2066 arbitrio
587 2006 723 2088 permisit,
750 2027 849 2085 eosque
899 2004 1082 2086 πορεύσονται.
1095 2006 1148 2066 Ιίαλ
1170 2007 1264 2070 σκόπει
1281 2014 1417 2071 κάνταῦθα
1440 2015 1521 2072 αὐτοῦ
1538 2036 1559 2072 π

127 2099 299 2180 profectionis
314 2119 370 2158 suae
379 2097 504 2158 dominos
518 2096 596 2176 tecit,
619 2096 750 2175 indicans,
766 2097 789 2158 si
799 2097 848 2158 do-
902 2116 953 2154 σιν.
968 2093 1039 2155 Οὔτε
1051 2095 1102 2177 γδρ
1124 2097 1259 2177 ἠρνήσατο
1277 2099 1452 2175 συναπιέναι,
1464 2100 1525 2162 οὔτε
1543 2100 1559 2160 ί

127 2212 194 2251 uum
206 2204 311 2251 tantum
324 2191 408 2267 foret,
421 2204 452 2249 ut
464 2211 494 2250 se
506 2190 619 2251 incitare
632 2205 735 2272 posset,
751 2191 803 2251 iter
821 2211 849 2251 se
901 2185 1036 2260 καθάπαξ,
1051 2186 1120 2248 ἀλλὰ
1133 2188 1214 2248 πάλιν
1229 2194 1263 2270 τῇ
1279 2195 1331 2251 τῶν
1347 2191 1473 2253 διδόντων
1486 2191 1559 2273 peip

126 2297 315 2365 suscepturum
326 2304 393 2347 esse.
408 2285 479 2344 Nam
504 2304 566 2343 eum
588 2282 667 2361 dicit,
685 2283 717 2344 Si
729 2284 849 2364 (lignum
901 2278 1041 2361 ἐπέτρεψε,
1057 2278 1103 2339 καλ
1123 2281 1227 2361 κυρίους
1238 2282 1330 2352 αὐτοὺς
1344 2283 1454 2358 ἐποίησε
1463 2291 1513 2358 τῆς
1525 2290 1559 2348 ἀπ

122 2378 228 2457 suerit,
237 2373 266 2434 id
280 2374 476 2435 subindicantis
489 2389 538 2434 est.
560 2375 642 2448 Quod
661 2374 684 2435 ei
705 2375 850 2456 profectio·
901 2376 948 2446 τῆς
961 2376 1070 2444 ἑαυτοῦ,
1086 2371 1313 2452 ίνδιιξιίμενοςδτι
1327 2380 1351 2436 τί
1363 2376 1473 2457 δαψιλὲς
1494 2377 1537 2450 εἴη
1553 2403 1559 2432 ι

127 2487 190 2529 uem
213 2468 292 2529 illam
315 2467 424 2528 omnino
451 2481 584 2548 negasset,
602 2468 675 2551 ipsos
698 2467 849 2548 ignaviores
902 2464 979 2544 μένου
994 2466 1040 2525 καί
1052 2473 1175 2529 τοσοῦτον
1190 2471 1227 2536 ὡς
1239 2467 1285 2528 καί
1299 2468 1376 2529 αι’πδν
1391 2470 1559 2542 διαυαστῆσιιι

126 2561 314 2642 segnioresque
327 2558 505 2638 reddidisset;
522 2561 565 2621 siu
578 2559 662 2620 dubie
670 2560 847 2642 promisisset,
866 2569 884 2615 B
900 2576 952 2623 τως
969 2553 1064 2636 ἅψεται
1088 2559 1136 2627 τῆς
1157 2555 1229 2615 ὁδοῦ.
1247 2555 1288 2616 Τδ
1301 2557 1353 2639 γὰρ
1371 2561 1468 2631 εἰπεῖν,
1481 2561 1546 2621 Ἐὰν

126 2653 333 2738 negligentiores
351 2652 464 2712 lecisset.
486 2651 610 2714 ldeoneo
626 2651 736 2713 omnino
757 2665 848 2732 negat,
902 2645 980 2706 τοῦτό
1001 2650 1073 2706 ἔστιν
1094 2645 1284 2725 αἰνιττομένου.
1297 2650 1333 2708 El
1356 2647 1405 2728 μέν
1428 2641 1474 2709 οὗν
1495 2653 1559 2714 καθά

126 2766 213 2824 neque
240 2743 398 2826 pollicetur3
414 2744 463 2805 sed
475 2743 547 2804 illud
559 2744 673 2805 arbitrio
692 2745 847 2806 Corinthio·
902 2737 1053 2816 ἀποδημίαν
1069 2738 1168 2813 ταύτην
1181 2739 1326 2820 ἠρνήσατο,
1333 2742 1512 2824 ἀθυμοτέρους
1525 2744 1556 2806 δν

125 2857 188 2897 rum
202 2835 439 2916 relinquitdieens,
468 2837 593 2914 Quodsi
612 2838 735 2918 dignum
745 2839 847 2918 suerit.
902 2829 1147 2913 καλδανηροτίρους
1160 2834 1269 2901 αὖτοθς·
1285 2833 1366 2893 πάλιν
1380 2837 1406 2894 εἰ
1430 2837 1559 2916 ἀμφιθαλυ

126 2928 274 2989 Audientes
286 2929 359 2989 enim
371 2929 489 2990 Paulum
503 2927 593 3008 ipsum
602 2927 762 2989 delaturum
772 2929 848 2991 obla·
901 2920 1000 3002 λδγηοα
1025 2924 1072 2983 καί
1094 2921 1240 3004 ὑπέσχετο,
1255 2924 1447 3010 ραθυμοτέροος
1470 2928 1502 2988 ἂν
1526 2934 1559 3010 ιλρ

126 3021 228 3080 tionem
242 3041 330 3099 suam,
352 3019 448 3101 majori
461 3018 551 3079 studio
565 3033 592 3079 et
617 3020 756 3081 alacritate
769 3020 806 3081 ad
819 3022 847 3083 id
902 3015 956 3075 Δια
979 3013 1012 3090 δὴ
1033 3023 1110 3077 τοῦτο
1133 3016 1192 3076 οὔτε
1213 3018 1559 3098 eunomianorumque

127 3112 166 3173 rei
179 3113 345 3190 ferebantur,
371 3110 455 3191 quod·
471 3126 570 3173 sauetae
584 3112 638 3173 illa
659 3134 754 3174 manus
777 3113 847 3176 dona
902 3115 1035 3188 σχνεῖπαι·
1049 3109 1109 3168 ἀλλ’
1124 3108 1169 3168 inl
1192 3113 1226 3186 τῇ
1252 3108 1345 3190 γνώμῃ
1368 3115 1423 3172 τῶν
1439 3114 1559 3196 Κορινθία

127 3218 281 3266 tractatore
294 3218 390 3280 esseut,
409 3217 435 3264 et
446 3203 510 3263 huic
522 3204 656 3265 sacrificio
668 3227 761 3287 preoes·
771 3206 848 3266 illius
902 3209 987 3273 ποιεῖ,
1001 3198 1092 3275 εἰπὼν,
1107 3199 1173 3260 ’Etr
1199 3200 1226 3262 δὲ
1251 3193 1269 3282 ᾖ
1291 3202 1373 3272 ἄξιον.
1394 3203 1544 3276 Ἀκούοντες

127 3297 292 3358 accederent.
307 3298 391 3357 Porro
401 3295 423 3355 si
431 3295 516 3356 Paulo
530 3296 657 3358 tradituri
671 3296 742 3358 dona
755 3299 848 3360 (loriu-
902 3293 1009 3363 Παῦλος
1035 3293 1127 3371 μέλλει
1153 3293 1202 3366 πλν
1228 3294 1379 3378 προσρορδν
1404 3299 1493 3358 αὐτῶν
1518 3302 1559 3359 ἀπ

127 3390 189 3468 thii,
198 3389 229 3449 id
240 3410 304 3449 oum
318 3387 566 3471 majorealacritate
576 3388 719 3469 faciehant,
729 3405 758 3450 tu
770 3392 849 3452 Pauli
902 3384 1003 3446 πλείονι
1027 3386 1161 3470 προθυμίη
1174 3387 1221 3447 καὶ
1242 3390 1342 3468 απουδῇ
1369 3390 1435 3470 πρὸς
1449 3391 1481 3451 τὸ
1494 3401 1559 3475 opt]

127 3484 247 3544 Βαναίου
257 3483 448 3558 staturosum
459 3502 508 3563 per
517 3502 648 3564 pauperes
655 3482 701 3542 ille
711 3483 846 3566 suscipit),
902 3477 1015 3559 χ’ρηντο·
1028 3476 1098 3538 ὥστε
1117 3478 1164 3547 τίς
1183 3478 1260 3558 ἁγίας
1281 3487 1373 3560 χεῖρας
1392 3482 1495 3553 ἐκείνας
1517 3486 1559 3544 δια

127 3597 209 3655 quam
223 3575 422 3636 exeusationem
434 3573 579 3634 habiturus
592 3574 744 3654 osi'Neque
761 3575 845 3653 enim,
903 3575 965 3630 σθαι
984 3577 1039 3637 τοῖς
1066 3569 1229 3650 διδομένοις,
1256 3571 1303 3630 καί
1326 3571 1373 3638 τδς
1398 3573 1480 3653 εὐχδς
1507 3575 1553 3644 τίς

127 3667 181 3728 nisi
193 3687 290 3748 magna
302 3666 396 3726 suisset
410 3665 513 3726 oblatio
531 3665 671 3746 multaque
682 3665 847 3748 curadigna,
865 3688 884 3738 c
902 3667 1078 3743 προστεθῆναι
1096 3666 1129 3742 τῇ
1153 3662 1231 3742 θυσίᾳ
1250 3662 1347 3745 ταύτῃ.
1369 3665 1405 3725 Εἰ
1429 3665 1458 3726 δέ
1483 3667 1559 3729 Παιίλ

127 3761 175 3820 ille
190 3761 234 3820 eui
254 3772 327 3819 totus
342 3759 415 3818 orbis
433 3757 567 3831 oreditus,
581 3773 607 3818 et
626 3759 672 3819 eui
687 3782 759 3821 ourae
772 3775 848 3821 eram
901 3778 945 3816 ναι
967 3757 1107 3832 μέλλοντες
1130 3759 1156 3815 οἱ
1174 3754 1307 3835 Κορίνθιοι
1332 3755 1402 3817 ὥστε
1424 3760 1559 3840 διακομίσι

128 3872 220 3911 omnes
238 3850 290 3910 sub
314 3851 370 3910 sole
402 3845 539 3926 Eeclesiae,
563 3850 702 3932 pollicitus
730 3867 797 3913 esset
820 3875 848 3914 se
901 3846 1019 3914 πλείονος
1029 3851 1107 3908 τοῦτο
1117 3847 1221 3908 ἕποίοον
1235 3851 1283 3919 πῆς
1295 3849 1460 3929 προθυμίας·
1475 3851 1555 3934 eleis

128 3943 256 4024 peetmias
288 3940 538 4001 administraturum
569 3963 637 4002 esse.
664 3944 727 4004 Haeo
763 3945 848 4026 igitur
902 3939 1008 4019 μέλλων
1021 3939 1256 4020 διδίναιΔεοπότῃ
1270 3939 1459 4022 (διδγδρτιῗνυ
1474 3943 1559 4017 assio

128 4035 227 4095 auimo
234 4046 398 4114 reputantes,
408 4033 466 4094 sive
475 4033 645 4113 largiendum
654 4036 700 4105 sit,
714 4035 774 4098 sive
785 4037 848 4098 aliis
901 4055 944 4099 νος
953 4030 1116 4111 laptiles),
1128 4031 1280 4101 ποίανὲίεις
1292 4034 1437 4112 ἀπολογίαν
1448 4036 1559 4097 &oetan

128 4125 307 4208 largientibus
333 4123 553 4202 ministrandum,
575 4147 617 4185 ue,
632 4147 725 4207 segnes
751 4127 847 4207 simus,
902 4122 973 4185 Οὐδὲ
991 4124 1043 4205 γὰρ
1057 4123 1098 4199 ἂν,
1113 4127 1137 4183 εἰ
1152 4123 1190 4203 μὴ
1203 4123 1271 4206 μέγα
1285 4115 1317 4198 ἦν
1332 4125 1363 4184 τδ
1377 4137 1491 4208 πρᾶγμα
1513 4127 1559 4188 καί

111 4253 114 4259 -
128 4241 215 4301 neque
227 4217 326 4291 moesti,
343 4216 416 4296 quod
435 4216 574 4276 facultates
589 4218 667 4278 uobis
682 4218 847 4281 minuantur.
903 4216 973 4287 ἄξιον
983 4217 1113 4292 σπουδῆς,
1124 4220 1139 4275 ὁ
1150 4215 1198 4287 την
1211 4214 1370 4296 οἰκουμένην
1384 4227 1474 4279 πᾶσαν
1489 4225 1559 4302 ἔγχει

129 4312 273 4387 Quomodo
287 4307 683 4387 enimabsurdumnout'uerit,
696 4310 848 4394 dumagri-
902 4310 949 4370 καί
968 4309 1015 4377 τὰς
1037 4313 1079 4389 ὑφ’
1104 4308 1172 4388 ἡλίῳ
1195 4307 1318 4389 κειμένας
1342 4315 1478 4389 μεριμνῶν
1500 4311 1559 4374 ’Est

130 4405 188 4466 eola
202 4425 291 4465 semen
306 4401 416 4484 jaciens,
431 4415 456 4461 et
468 4401 539 4460 bona
559 4401 709 4480 effundens,
729 4426 783 4465 uon
796 4407 847 4466 tri-
902 4401 1033 4481 θπέσρετο
1046 4406 1079 4481 τῇ
1091 4404 1144 4460 τῶν
1155 4400 1300 4482 χρημάτων
1314 4402 1452 4485 οἰκονομίᾳ
1471 4407 1559 4468 διακου

130 4512 224 4572 statur,
239 4518 287 4557 nee
305 4495 389 4564 dolet,
405 4515 491 4572 neque
501 4492 532 4553 id
557 4508 663 4555 sumtus
679 4497 739 4556 loco
753 4496 846 4575 habet,
901 4494 1010 4554 τούτων.
1025 4495 1109 4553 Ταῦτ’
1122 4482 1166 4552 οὖν
1181 4492 1227 4551 καὶ
1248 4497 1326 4572 ἡμεῖς
1339 4495 1559 4575 >regimundi

130 4590 177 4650 sed
200 4591 307 4648 lucrum
329 4586 420 4668 potius
439 4599 464 4644 et
486 4600 646 4666 proventum
681 4608 738 4646 esse
759 4603 846 4669 putat,
901 4611 945 4645 ναι
959 4585 1019 4666 δέη,
1039 4583 1070 4642 ἄν
1080 4608 1109 4643 τε
1120 4583 1279 4664 παρέχωσιν
1289 4585 1388 4668 ἑτέροις
1402 4591 1554 4670 ὑπηρετεῖν,

128 4681 235 4742 ισαιοῑαί
246 4702 306 4762 spes
319 4679 354 4738 sit
367 4679 482 4736 incerta:
497 4687 531 4751 to,
540 4677 588 4756 qui
605 4699 656 4738 nou
667 4701 716 4761 pro
726 4680 847 4761 paribus,
864 4697 884 4744 o
901 4684 1050 4757 τοκνῶμεν,
1078 4675 1145 4755 μηδέ
1173 4681 1333 4756 ἀθυμῶμεν,
1357 4682 1394 4746 ὡς
1422 4684 1472 4752 τῆς
1502 4680 1559 4744 ὠσί

130 4773 176 4833 sed
191 4772 333 4854 promulto
347 4770 633 4850 majoribusseminas,
644 4785 670 4832 et
681 4773 765 4852 quiin
776 4773 848 4855 ipsus
903 4770 1102 4850 ἐλαττουμένης.
1117 4770 1181 4836 Πῶς
1193 4769 1245 4850 γὰρ
1256 4762 1305 4829 οὖα
1315 4768 1431 4843 ἄτοπον,
1443 4772 1489 4832 τδν
1504 4774 1552 4852 μέν

27 4890 28 4894 ’
131 4866 232 4925 Christi
252 4886 349 4924 manus
361 4875 503 4943 argeutum
521 4863 644 4943 jacturos
667 4886 705 4940 es,
716 4866 847 4946 refugere,
900 4864 935 4925 τδι
947 4863 1089 4946 σπέρματα
1102 4861 1321 4935 saratinum,
1338 4862 1384 4922 καί
1403 4863 1437 4925 τὰ
1459 4866 1524 4926 ὄντα
1537 4891 1559 4927 κι

129 4969 244 5038 torpere,
260 4970 285 5016 et
299 4955 418 5036 inopiam
430 4954 619 5036 praetendere?
634 4957 730 5017 Annon
742 4971 847 5038 poterat
901 4955 1107 5035 pileinstein,
1122 4952 1189 5033 μηδὲ
1204 4957 1304 5033 ἀλγεῖν,
1326 4953 1397 5032 μηδὲ
1417 4957 1551 5037 ἀνάλωμα

131 5053 204 5110 Deire
214 5050 358 5131 praecipere
366 5047 467 5124 telluri,
492 5062 522 5107 ut
540 5049 670 5129 proferret
682 5070 779 5109 autrum
789 5073 845 5132 pn·
900 5040 967 5110 είναι
976 5047 1006 5108 τὸ
1020 5047 1166 5128 γινόμενον,
1180 5045 1248 5107 ἀλλὰ
1267 5045 1359 5126 κέρδος
1371 5047 1419 5108 καί
1434 5050 1559 5129 πρόσοδοι

1 5166 40 5209 ἰν.
54 5175 73 5208 ι.
86 5173 122 5207 ιι.
132 5143 211 5202 rom?
224 5140 281 5215 Qui
290 5140 362 5199 enim
372 5137 455 5216 dixit,
468 5141 618 5200 Germinet
636 5143 846 5202 terratorium
901 5140 998 5212 ἀδήλου
1009 5145 1056 5212 τῆς
1071 5137 1176 5206 ἐλπίδος
1189 5136 1287 5210 οὔσης·
1300 5136 1330 5198 σέ
1347 5136 1374 5199 δέ
1401 5141 1452 5199 οὐκ
1472 5141 1519 5202 ἐπὶ
1539 5167 1559 5203 τι

128 5237 213 5316 steni,
230 5253 347 5312 moxque
356 5246 504 5292 comantem
518 5232 764 5316 exhibuit,poterat
772 5235 846 5297 haurd
901 5235 960 5295 ἀλλ’
977 5234 1023 5295 ἐπὶ
1047 5232 1138 5311 πολλῷ
1153 5229 1255 5311 μείζοσι
1273 5229 1433 5313 τπείραυτα,
1457 5233 1505 5293 καὶ
1521 5236 1556 5297 αθ
