3764 5992
93 428 160 475 110
399 425 596 483 &domitis
622 420 804 472 CHRYSOST·
832 417 989 470 Anctttsc.
1017 418 1291 471 consummor.
1320 384 1322 388 >

9 614 13 621 ,
87 548 140 610 hoc
159 548 260 610 cusu?
285 549 357 619 Nam
372 547 443 608 illud
458 547 568 629 quidem
594 568 657 607 cum
679 545 805 626 proprius
859 548 957 619 αὐτῶν,
978 545 1046 624 μηδὲ
1064 545 1096 606 σθ
1118 547 1257 626 καταγνῷς
1271 545 1373 605 αὐτῶν
1395 545 1442 605 καί
1456 541 1511 626 γάρ
1524 549 1637 623 πρᾶγμα

77 636 238 722 discipulus
248 640 306 721 ejus
319 638 441 718 vidisset,
451 639 605 699 incredulus
613 638 667 697 suit
681 661 687 695 ι
702 650 729 696 at
748 637 806 697 lraec
859 637 929 706 ξένον
952 628 1020 698 εἶδον
1041 642 1065 698 σί
1085 637 1203 716 μαθηταὶ
1222 638 1269 696 καλ
1288 635 1447 718 παράδοξον,
1468 635 1635 716 πρωτότοκον

88 726 152 793 cum
162 734 244 792 etiam
259 731 363 791 inimici
378 746 549 813 spectassent,
560 729 741 790 crediderunt.
764 731 805 789 lta
865 728 942 789 αὐτὸν
960 732 990 789 ἐκ
1008 734 1060 809 τῶν
1074 734 1173 809 νεκρῶν
1188 727 1354 788 ἀναστάντα·
1372 727 1407 787 τὰ
1420 727 1450 788 δὲ
1464 732 1577 786 τοιαῦτα
1592 724 1636 803 μό·

87 823 176 906 majus
195 823 247 884 hoc
259 823 309 883 illo
325 823 379 883 suit
397 838 423 882 et
446 821 607 896 evidentius,
635 822 749 904 plusque
769 821 806 881 ad
862 843 942 898 γιστα
966 819 1089 899 θαόματα
1108 825 1138 881 ἐκ
1162 819 1271 901 πρώτης
1289 820 1447 892 ἐκπλήττειν
1465 817 1568 891 εἴωθεν,
1590 816 1635 884 ἕως

87 921 150 981 illos
163 910 414 982 alliciendosriluit
425 934 504 999 atque
513 919 666 993 flectendos,
677 932 708 978 ut
720 940 807 978 resur·
861 909 893 970 δν
912 914 951 991 τῷ
973 911 1062 993 χρόνῳ
1083 913 1184 991 μόνιμα
1197 908 1636 990 γίνητανὲνταῖςτῶνπῑστωόν-

37 1086 40 1091 Ι
88 1011 292 1072 rectionifidem
309 1011 450 1076 haberent,
463 1010 539 1086 Quid
558 1008 620 1071 dico
643 1009 806 1071 Theman?
864 1025 911 1062 των
931 1005 1042 1082 ψυχαῖς·
1061 1003 1126 1084 ὅπερ
1141 994 1185 1063 οὖν
1204 1004 1250 1062 καὶ
1263 1002 1308 1062 inl
1322 1007 1376 1062 τῶν
1391 1006 1520 1081 μαθητῶν
1534 1000 1633 1080 ἐγίνετο

87 1100 231 1180 Siquidem
240 1114 271 1160 ut
280 1099 353 1160 'scias
366 1121 400 1159 ne
412 1114 522 1160 caetcros
534 1098 644 1179 quidem
657 1098 807 1180 discipulos
858 1093 928 1154 τότε.
939 1093 1052 1167 Ἐπειδὴ
1062 1094 1112 1175 γάρ
1123 1093 1238 1161 άναστέις
1249 1099 1263 1154 ὁ
1274 1094 1389 1174 Χριστὸς
1401 1095 1433 1153 ln
1445 1096 1550 1174 νεκρῶν
1564 1083 1631 1151 εἶπεν

22 1224 25 1229 ·
86 1192 176 1273 primo
187 1191 286 1251 intuitu
297 1191 451 1264 credidisse,
459 1190 603 1273 prudenter
612 1190 730 1251 attende.
742 1190 805 1250 Noli
820 1195 840 1245 C
859 1188 959 1251 αὐτοῖς·
977 1185 1078 1265 Enim
1095 1191 1167 1264 ὑμῖν,
1185 1185 1359 1259 Πταηθέντες,
1375 1184 1466 1265 φησίν,
1480 1187 1578 1244 ἐκεῖνοι
1588 1183 1633 1242 καί

86 1296 175 1343 tamen
189 1283 251 1343 illos
266 1282 455 1360 condemnare,
480 1281 670 1358 dilectissime3
684 1282 708 1342 si
734 1280 806 1341 enim
857 1275 968 1355 ἔμφαόοι
990 1275 1126 1355 γενόμενοι
1144 1275 1248 1336 ἐδόκουν
1267 1280 1374 1354 πνεῦμα
1393 1282 1513 1357 θεωρεῖν,
1533 1273 1581 1333 καί
1597 1264 1630 1334 si·

85 1373 148 1434 illos
161 1373 285 1434 Christus
306 1393 360 1432 non
373 1372 526 1450 damnavit,
539 1394 625 1452 neque
636 1385 667 1432 ια
680 1373 742 1433 illos
753 1373 806 1432 da-
857 1389 906 1426 πεν
917 1369 1006 1435 αὐτοῖς
1016 1366 1148 1440 δἸησυῦι·
1159 1365 1186 1426 τί
1199 1366 1393 1447 τεταραγμένοι
1404 1366 1482 1440 lor&
1495 1367 1552 1426 Kal
1566 1365 1631 1445 ματδ

85 1464 390 1527 mnes2ridebancenim
400 1464 806 1525 remmirametinusiuumdi·
857 1463 941 1517 ταῦτα
963 1458 1093 1527 ἐπιδείξας
1117 1459 1204 1526 αὐτοῖς
1223 1457 1271 1524 τίς
1285 1465 1377 1538 χεῖρας
1397 1457 1444 1516 καί
1466 1456 1529 1526 τοδε
1542 1456 1630 1530 σίδαι,

85 1557 805 1638 scipuli‚primogenitumipsumsmortuisexcitatum:
857 1549 903 1609 tul
918 1550 1108 1610 Ἀπνστνῦντανν
1123 1553 1209 1609 αὐτῶν
1230 1548 1283 1608 dnl
1299 1553 1346 1620 τῆς
1358 1559 1455 1631 χαρᾶς,
1469 1549 1516 1608 καί
1531 1556 1630 1628 θωμα-

86 1661 213 1707 ceterum
223 1647 342 1708 maxima
352 1647 485 1729 ejusmodi
494 1648 623 1708 miracula
636 1649 725 1730 primo
737 1671 805 1709 con-
858 1642 964 1714 cuitus,
977 1634 1049 1702 Εἶπεν
1066 1644 1171 1710 αὐτοῖς·
1186 1639 1261 1721 ἕκατί
1272 1664 1300 1701 τί
1313 1641 1449 1723 ipsimet*
1466 1641 1576 1715 ίνθνίδίὶ
1587 1641 1630 1701 iti

85 1752 178 1819 spectu
193 1753 291 1799 terrere
299 1754 493 1802 consueverunt
501 1742 673 1820 quousquein
684 1740 807 1800 fidelium
857 1733 956 1794 ’τούτων
979 1734 1136 1814 βουλόμενοι
1156 1736 1244 1799 αὐτοῖς
1264 1732 1313 1807 τὴν
1326 1733 1474 1794 ἀνάστασιν
1492 1732 1631 1793 πιστώσα-

86 1830 222 1891 mentibus
238 1851 382 1913 progressu
401 1831 531 1913 temporis
559 1833 731 1893 stabilitatem
752 1833 807 1892 ali·
858 1830 930 1887 σθαι.
949 1830 991 1887 Οὐ
1002 1826 1087 1887 πείθει
1100 1848 1130 1885 σε
1138 1824 1249 1906 ,ρἠσίν,
1264 1824 1410 1906 ήπλευρλ,
1426 1824 1486 1886 οὐδὲ
1505 1823 1633 1906 τδτραά-

86 1942 168 2001 quam
177 1922 370 2002 acquisiverint
386 1948 392 1982 ι
408 1923 578 2002 quodetiam
592 1938 656 1984 tunc
665 1923 808 2006 discipulis
859 1942 932 1998 ματα
941 1942 950 1994 ;
960 1918 1075 1980 πειθέτω
1088 1918 1137 1979 κᾶν
1150 1924 1168 1992 ή
1179 1917 1309 2000 τράπεζα.

86 2013 183 2075 evenit.
189 2016 334 2093 Postquam
342 2015 415 2075 enim
424 2016 559 2091 Christus,
566 2015 634 2094 quia
642 2016 754 2075 mortuis
765 2035 808 2075 rc·

0 2141 2 2148 ,
28 2115 76 2165 36.
86 2120 247 2181 surrexerat,
269 2105 416 2183 dixitillis,
429 2110 496 2166 Pon
505 2111 601 2179 vobis,
612 2108 805 2180 ‘Conturbati

87 2195 187 2277 inquit,
201 2210 230 2257 et
248 2202 401 2258 conterriti
410 2201 624 2258 existimabant
630 2218 663 2257 se
672 2202 808 2278 spiritum

86 2292 198 2363 videre,
210 2304 238 2351 et
247 2293 323 2351 dixit
331 2291 393 2352 illis
405 2292 507 2351 Iesus.-
522 2291 716 2365 (luidturbati
722 2294 808 2350 estis?

88 2385 152 2442 Post
164 2383 223 2443 haec
237 2404 300 2441 cum
310 2380 473 2444 'ostendisset
484 2381 522 2441 eis
545 2401 642 2440 manus
664 2395 690 2440 et
702 2380 783 2462 pedes
796 2424 806 2457 ,
920 2442 923 2447 ,

4 2483 74 2548 nti.
86 2475 155 2533 Non
164 2476 349 2534 credentibus
367 2472 432 2531 illis
440 2493 505 2551 proe
514 2473 623 2553 gaudio
630 2485 658 2532 et
672 2477 808 2533 miranti·

85 2571 138 2627 bus
153 2569 229 2626 dicit
242 2589 248 2623 ι
262 2568 387 2624 Habetis
411 2566 460 2623 liic
470 2566 604 2644 aliquid,
621 2566 701 2645 quod
722 2587 809 2624 man·

85 2659 231 2739 ducetur?
243 2655 318 2736 qnod
328 2656 381 2715 hac
397 2655 501 2715 ratione
513 2654 595 2715 vellet
605 2655 661 2715 illis
674 2655 757 2715 fidem
766 2657 807 2714 is-

84 2767 145 2808 cere
158 2744 371 2807 resurrectionis.
399 2745 461 2805 Non
474 2745 617 2826 persuadet
633 2744 698 2817 tihi,
710 2746 804 2825 letus,

83 2838 182 2916 inquit,
196 2858 284 2916 neque
294 2904 298 2909 ,
307 2837 445 2899 vulnera?
464 2836 561 2896 saltem
586 2855 676 2895 mensa
689 2855 806 2917 persua-

83 2928 157 2990 deat.

124 3024 152 3080 7.
175 3024 315 3085 Utautom
330 3018 806 3102 accurrateoognoscasidcircoillum
895 3023 958 3086 Ἵνα
978 3022 1006 3087 δά
1029 3023 1116 3104 μάθῃς
1141 3024 1274 3105 ἀκριόῶς,
1306 3025 1347 3086 ότι
1373 3025 1418 3086 διὰ
1440 3032 1521 3089 τοῦτο
1547 3019 1631 3103 εἶπεν,

86 3112 201 3190 dixisse,
213 3117 339 3173 Habetis
350 3114 399 3173 tto
418 3114 545 3194 aliquid,
556 3113 637 3193 quod
649 3115 805 3174 manduce·
854 3113 954 3197 Ἔχιτί
963 3140 992 3177 τι
1005 3117 1139 3199 βρώσιμον
1151 3117 1241 3177 ἐνθάδε
1252 3126 1362 3197 ραγεῖν,
1378 3118 1422 3178 ίνα
1435 3119 1473 3197 μὴ
1484 3119 1628 3200 νομίσωσιν

51 3221 60 3258 .·
84 3210 157 3263 tur?
170 3226 203 3264 ne
215 3207 283 3265 sonte
293 3203 468 3265 simulacrum
480 3225 538 3265 csse
552 3203 598 3265 vel
610 3205 749 3286 spiritum,
758 3220 805 3266 sut
856 3199 964 3268 nidulos
983 3198 1068 3285 ciuus,
1085 3207 1152 3287 μηδὲ
1165 3213 1287 3286 πνεῦμα,
1302 3208 1369 3286 μηδὲ
1389 3211 1549 3290 φαντασίαν,
1569 3215 1627 3273 ἀλλ’

82 3294 242 3374 phantasma
258 3295 555 3377 putarent‚sedvcram
567 3317 599 3355 ac
616 3296 838 3371 subsistentem„
856 3301 941 3373 ἀληθῆ
961 3300 1008 3360 καί
1030 3299 1205 3361 ἐνυπόστατον
1227 3300 1381 3375 ἀνάστασιν,
1401 3302 1524 3376 ἄκουσον,
1541 3308 1628 3371 ntro

84 3388 316 3463 resurrectionem,
330 3386 396 3447 audi
409 3406 463 3467 quo
474 3401 552 3468 pacto
566 3391 660 3448 Petrus
677 3388 722 3447 his
731 3410 805 3449 com·
857 3391 957 3474 Πέτρος
968 3392 1021 3452 ἀπὸ
1032 3392 1132 3453 τούτων
1143 3401 1283 3454 πιστοῦται
1294 3393 1343 3466 τὴν
1357 3394 1514 3455 ἀνάστασιν.
1537 3382 1626 3456 Είπάιν

85 3479 181 3557 μιαίνει
206 3479 455 3540 resurrectionem..
470 3480 540 3538 Cum
564 3479 637 3539 enim
667 3479 800 3555 dixisset,
855 3480 907 3563 γὰρ
927 3482 968 3565 ότι
989 3483 1143 3557 Ἀνέστησαν
1157 3484 1235 3545 αὐτὸν
1248 3487 1361 3560 toste,
1374 3487 1420 3546 nul
1439 3487 1537 3547 ἔδωκεν
1552 3489 1627 3548 αὐτὸν

7 3594 74 3652 0·l⁰·
85 3571 168 3631 Deus
185 3573 271 3631 illum
291 3575 455 3648 suscitavit,
468 3569 595 3630 acdedit
614 3572 802 3652 manifestum
856 3577 958 3654 ἐμρανῆ
977 3575 1098 3654 γενέσθαι
1121 3576 1236 3658 μάρτυσι
1249 3586 1305 3645 τοῖς
1319 3580 1626 3660 προκεχειροτονημένοις

85 3663 226 3742 eumficri
242 3664 323 3722 nobis
338 3667 458 3722 testibus
479 3664 693 3744 preordinatis,
707 3663 804 3724 deinde
855 3670 930 3744 ἡμῖν,
943 3657 1000 3725 εἶτα
1012 3667 1060 3726 καί
1073 3666 1206 3735 ἀπόδειξιν
1217 3673 1265 3739 τῆς
1275 3669 1444 3737 ἀναστάσεως
1455 3670 1552 3744 τιθεὶς,
1566 3671 1626 3744 iris

84 3753 286 3812 resurrectionis
300 3752 557 3814 demonstrationem
567 3755 682 3815 afferens
692 3753 802 3837 adjecit:
854 3781 951 3837 γαγεν·
974 3758 1078 3826 Οἵτινες
1098 3759 1277 3839 συνεφάγομεν
1296 3760 1342 3819 καὶ
1364 3760 1524 3840 συνεπίομεν
1543 3765 1625 3842 αὐτῷ.

88 3843 147 3919 Qui
182 3846 425 3905 monducaiimus
453 3858 482 3904 et
504 3849 629 3907 bibimus
660 3868 726 3908 cum
755 3872 800 3911 eo.
855 3849 908 3910 Διὰ
922 3856 999 3910 τοῦτο
1017 3850 1063 3910 καί
1076 3852 1194 3931 ἀλλαχοῦ
1205 3851 1356 3923 ἀναστήσας
1368 3853 1464 3932 νεκράν
1478 3856 1627 3934 δΧριστδς,

85 3931 229 4012 Propterea
248 3954 355 4012 quoque
365 3934 432 3992 alibi
445 3934 569 3994 Christus
593 3957 656 3994 curn
670 3953 803 4001 mortuam
854 3940 898 4000 iso
911 3940 1078 4015 πιστώσηται
1092 3942 1141 4014 τὴν
1162 3942 1306 4004 ἀνάστασιν
1327 3943 1376 4024 ἔφη
1388 3967 1395 3982 ·
1413 3943 1483 4005 Δότε
1496 3950 1563 4020 eds-ii
1577 3968 1627 4028 ρα-

85 4022 249 4100 suscitasset,
264 4037 294 4082 ut
307 4022 389 4083 fidem
407 4025 506 4083 iaceret
517 4028 729 4102 resurrectionis,
745 4031 800 4089 ait:
855 4041 920 4112 γαῖν.
944 4031 1031 4094 Ὅταν
1055 4023 1100 4092 οὖν
1127 4033 1257 4116 ἀκούσῃς,
1282 4035 1325 4096 ότι
1344 4035 1514 4116 παρέστησεν
1537 4012 1626 4100 iiviris

87 4115 168 4172 Date
185 4115 233 4172 illi
246 4117 325 4195 quod
344 4117 510 4174 manducet.
536 4115 606 4174 Cum
626 4116 711 4196 igitur
724 4119 803 4180 andis
855 4126 941 4192 ζῶντα
960 4125 993 4182 δι’
1014 4129 1121 4205 ἡμερῶν
1135 4127 1333 4208 τεσσαράκοντα
1349 4127 1529 4207 ὀπτανόμενος
1542 4132 1627 4199 αὐτοῖς

86 4224 149 4264 eum
161 4207 309 4286 prebuisse
321 4205 439 4285 scipsum
452 4205 549 4264 vivum
560 4229 607 4286 per
620 4208 678 4268 dics
687 4209 803 4288 quadra·
854 4214 901 4275 καί
912 4217 1127 4295 συναλιζόμενος,
1139 4218 1254 4295 μάνθανε
1268 4225 1315 4292 τῆς
1325 4220 1457 4302 τραπίζης
1465 4220 1517 4294 τὴν
1532 4223 1628 4295 αἰτίαν,

87 4294 162 4374 ginta
176 4297 231 4356 illis
250 4310 434 4378 apparentem,
449 4309 476 4354 ot
495 4317 557 4356 cum
571 4297 627 4358 illis
639 4316 801 4380 vescentem,
819 4344 838 4392 Ε
855 4307 897 4368 ὅτι
908 4309 967 4389 οὐχὶ
981 4307 1101 4391 δεόμενος
1115 4310 1193 4377 αὐτὸς
1207 4312 1338 4390 τραπέζης
1349 4312 1474 4393 ἔτρωγεν,
1485 4313 1558 4373 ἀλλὰ
1569 4318 1628 4394 βω-

86 4405 195 4446 caosam
208 4387 423 4447 manducationis
436 4409 573 4469 cognosce,
588 4410 640 4449 non
654 4392 729 4471 quod
741 4395 804 4456 cibo
857 4398 966 4476 λόμενος
986 4398 1034 4471 eli
1052 4400 1187 4460 ἀσθένειαν
1201 4403 1342 4481 διορθῶσαι
1354 4408 1407 4462 τῶν
1422 4408 1562 4481 μαθητῶν,
1572 4405 1630 4465 ὅθεν

86 4477 216 4538 nimirum
227 4478 368 4559 indigeret,
385 4479 464 4538 illum
479 4479 662 4559 manducasse,
671 4483 718 4543 sed
731 4486 805 4564 qnod
859 4490 937 4560 δῆλον
949 4488 990 4549 ότι
1000 4489 1035 4550 τὰ
1049 4490 1147 4571 τέρατα
1158 4491 1203 4549 καὶ
1214 4501 1314 4569 σημεῖα
1324 4496 1376 4552 τῶν
1392 4493 1550 4555 ἀποστόλων
1561 4495 1628 4556 ἀπό-

85 4567 282 4653 discipulornm
292 4571 393 4631 mederi
406 4571 487 4630 vellet
514 4572 710 4652 imbecillitati,
735 4578 805 4639 unde
860 4580 937 4651 δειξις
958 4574 990 4655 ἦν
1015 4583 1126 4662 μεγίστη
1149 4586 1198 4654 τῆς
1220 4584 1397 4652 ἀναστάσεως.
1420 4584 1471 4644 Διδ
1492 4586 1540 4648 καί
1554 4587 1630 4656 αὐτάς

84 4660 209 4742 ptudigia
223 4677 249 4722 ct
272 4662 347 4742 signa
359 4664 542 4743 apostolorum
560 4664 646 4744 liquet
658 4667 805 4730 maximam
860 4695 953 4753 φησιν·
969 4671 1061 4751 Ἀμὴν,
1077 4674 1159 4751 ἀμὴν,
1177 4674 1247 4754 λέγω
1264 4680 1336 4753 ὑμῖν,
1349 4680 1365 4736 θ
1376 4675 1511 4738 πιστεύων
1522 4682 1561 4748 εἰς
1573 4679 1629 4759 tut,

86 4753 289 4814 resurrectionis
300 4754 554 4813 demonstrationem
572 4756 712 4818 exstitisse.
729 4763 806 4835 Qua·
861 4763 896 4824 cd
914 4765 978 4846 ἔργα
1000 4766 1018 4825 ά
1039 4769 1108 4825 ποιῶ
1118 4767 1179 4844 ἐγὼ,
1190 4752 1319 4837 Ικιίκεῑνος
1332 4769 1448 4845 ποιήσει,
1463 4772 1510 4831 καί
1524 4772 1630 4850 μείζονα

44 4928 50 4940 .
87 4856 196 4921 propter
208 4844 246 4903 ait
267 4845 325 4925 ipse
340 4866 456 4923 quoque,
475 4845 592 4918 Amen,
623 4869 720 4924 omen,
739 4854 805 4912 dico
859 4856 958 4916 τούτων
976 4855 1092 4928 ποιήσει.
1113 4857 1225 4931 Ἐπειδὴ
1247 4857 1450 4940 γδιρόσταυρδς
1466 4863 1569 4939 μεταξὺ
1580 4888 1630 4924 πα-

85 4935 181 5009 vobis,
198 4936 353 5011 Quicredii
362 4940 394 4993 in
409 4957 465 5008 me,
480 4957 578 5015 Opera,
597 4959 664 5018 quae
684 4960 736 5020 ego
750 4944 806 5023 so·
860 4947 999 5028 ρεμπεσὼν
1014 4949 1186 5008 ἐσκανδάλισε
1198 4949 1347 5024 πλείστους,
1361 4949 1493 5011 odronto
1509 4954 1558 5014 καὶ
1571 4979 1630 5034 μιι-

86 5026 143 5095 cic,
162 5037 189 5080 et
202 5028 263 5103 ipse
274 5029 384 5106 saciet,
401 5040 429 5085 et
451 5031 566 5107 majora
587 5030 803 5109 luorumsaciet.
858 5038 938 5105 ζόνων
956 5041 1047 5111 ἐδέησε
1061 5039 1129 5115 μετὰ
1146 5047 1229 5100 ταῦτα
1242 5040 1369 5120 σημείων.
1390 5042 1486 5102 Καίτοι
1505 5068 1536 5123 γε
1550 5050 1575 5106 εἰ
1587 5071 1629 5106 τι-

86 5113 156 5173 Νιιιιι
169 5115 296 5215 quoniam
308 5138 448 5183 cruxcum
458 5118 655 5199 intervenisset,
670 5121 803 5203 plurimos
819 5173 843 5213 9,
857 5129 986 5202 λευτήσας
1006 5135 1021 5190 ὁ
1043 5131 1157 5211 Χριστὸς
1177 5132 1331 5212 ἐναπέμιινι
1351 5137 1391 5216 τῷ
1409 5134 1516 5216 θανάτῳ
1532 5138 1579 5196 καὶ
1591 5141 1628 5217 τῷ

85 5201 321 5282 scandalizaverat,
342 5206 442 5268 idcirco
455 5207 579 5287 pluribus
600 5211 643 5272 illi
662 5213 801 5276 miraculis
819 5230 838 5274 Λ
856 5223 947 5305 τάφῳ,
960 5222 1006 5283 καὶ
1022 5226 1069 5284 οὐκ
1084 5223 1199 5298 ἀνέστη,
1220 5225 1625 5311 ιιαθάπερζσίγἸωδάῑοίῙρασιν,
