3764 5992
86 376 158 471 δώ
421 414 453 463 8.
479 413 621 465 ίΟΑΝΝΙθ
645 413 828 464 ΩΕΠθΟθΤ.
856 413 1014 462 incutite.
1042 412 1313 462 cousrtnmuor.

138 886 145 899 .
271 804 626 866 rosrnnnrrnn
821 809 841 855 a
1008 803 1086 863 ror
1107 803 1234 863 aanor
1253 756 1332 862 ore
1352 800 1485 860 nuens·

316 1013 336 1050 α
348 993 446 1071 μείονα
458 989 573 1048 exsilio.
1121 987 1174 1046 άπὸ
1187 992 1235 1059 τῆς
1247 986 1354 1066 ἐξορίας.

128 1151 156 1208 ί.
179 1146 253 1223 Quid
265 1146 367 1225 dicam,
381 1159 428 1205 aut
439 1143 507 1224 quid
519 1144 633 1222 loquar?
645 1141 804 1203 Benedictus
898 1140 935 1200 Τί
948 1141 1060 1216 είττω,ἢ
1076 1142 1103 1201 τί
1116 1142 1242 1216 λαλήσω,
1262 1143 1415 1220 Εὐλογητὸς
1430 1148 1445 1202 θ
1459 1143 1539 1211 Θεύς.
1550 1145 1627 1202 Τοῦτο

87 1239 244 1300 Πουπλίου
264 1259 385 1319 egressus
405 1236 477 1311 dixi,
495 1235 546 1295 hoc
565 1236 663 1294 iterum
685 1234 802 1315 profero,
855 1223 930 1294 {rou
946 1231 1020 1303 ἐξιὼν
1038 1234 1069 1294 τὸ
1090 1239 1181 1316 ῥῆμα,
1203 1240 1280 1294 τοῦτο
1305 1234 1387 1292 πάλιν
1402 1233 1627 1312 ἐπαναλαμθάνω,

86 1330 143 1393 imo
157 1330 215 1391 illic
228 1351 291 1390 cum
307 1350 392 1390 essem
405 1348 458 1387 non
478 1325 611 1386 intermisi
627 1324 725 1385 dicere.
739 1327 802 1384 Me·
861 1325 962 1403 μᾶλλον
976 1324 1004 1386 δέ
1024 1328 1100 1386 κάκεῖ
1112 1324 1149 1385 ὢν
1166 1329 1213 1387 οὐκ
1227 1329 1318 1406 ἀφῆκα
1332 1324 1406 1384 αὐτό.
1417 1324 1583 1402 Μίμνηαθε,
1594 1326 1628 1384 δτι

86 1422 205 1484 miniatis
223 1443 266 1481 me
287 1421 389 1483 Jobum
408 1419 436 1479 in
463 1417 585 1477 medium
606 1414 756 1490 adducere,
772 1435 804 1473 ac
859 1416 904 1476 τὸν
919 1415 983 1477 ’tut
994 1421 1030 1485 είς
1040 1417 1118 1497 μέσον
1128 1418 1237 1500 ἤγαγον,
1251 1417 1297 1477 καὶ
1313 1416 1421 1498 ἔλεγον·
1435 1418 1491 1488 nte
1509 1417 1540 1476 τὸ
1555 1418 1630 1495 ὄνομα

4 1513 176 1575 caudicere
193 1536 201 1573 ε
216 1514 260 1574 Sit
286 1532 392 1570 nomen
415 1512 537 1570 Domini
562 1509 746 1567 benedictum
772 1510 804 1563 in
860 1509 958 1592 Κυρίου
985 1511 1157 1589 εὐλογημένον
1179 1514 1214 1579 εἰς
1236 1508 1295 1578 τούς
1319 1513 1426 1578 αἰῶνας.
1450 1513 1551 1570 Ταῦτα
1575 1514 1630 1588 ipo

86 1606 206 1668 soecttla.
222 1605 287 1664 llere
300 1602 378 1664 voltis
393 1601 506 1682 pignora
526 1601 617 1660 exiens
631 1597 739 1676 reliqui,
754 1596 804 1655 has
859 1601 1003 1682 κατίλειψα
1013 1602 1047 1661 τὸ
1058 1602 1191 1685 ἐξιτήρια,
1201 1606 1286 1660 ταῦτα
1293 1599 1424 1679 λαμύάνω
1433 1601 1470 1661 τὸ
1480 1601 1630 1682 εὐχαρισττζ·

87 1697 236 1779 gratianum
249 1696 367 1756 actiones
381 1707 472 1775 repeto
483 1718 491 1751 ε
502 1694 545 1753 Sit
565 1712 671 1751 nomen
683 1692 804 1748 Domini
860 1715 919 1772 ρια·
934 1693 985 1765 Είη
999 1693 1030 1753 τὸ
1042 1693 1124 1773 ὄνομα
1138 1692 1236 1775 Κυρίου
1250 1691 1426 1771 εὐλογημίνσν
1440 1695 1480 1759 εἰς
1493 1690 1555 1758 τούς
1570 1695 1631 1750 ate-

88 1791 269 1851 benedictum
289 1792 322 1847 in
342 1786 461 1847 soecula.
480 1785 601 1845 Diversa
618 1804 671 1857 res,
684 1781 731 1841 sed
750 1801 803 1839 una
857 1807 914 1852 νας.
928 1784 1049 1867 Διάφορα
1064 1785 1098 1846 τὸ
1111 1785 1274 1866 πράγματα,
1294 1783 1362 1843 ιἰλλὸ
1376 1784 1429 1862 μία
1447 1790 1467 1856 ἡ
1493 1783 1631 1862 δοξολογία.

86 1881 258 1963 glorificatio.
279 1879 380 1939 Pulsus
406 1876 505 1956 gratias
529 1874 656 1954 agebam,
681 1893 804 1934 reversus
859 1875 1051 1955 Ἐλαυνδμενσς
1068 1877 1208 1956 ηὐλίγουν,
1231 1873 1379 1935 ἐπανελθὼν
1400 1875 1513 1953 εὐλογῶ.
1540 1876 1632 1954 Accipe

87 1972 188 2054 gratias
202 1994 262 2053 ago.
278 1971 400 2032 Diversae
417 1990 470 2047 res,
487 1966 534 2027 scd
548 1966 610 2026 finis
625 1987 695 2025 unus
707 1965 806 2024 hiemis
862 1994 895 2051 ρα
912 1968 946 2029 τὸ
961 1968 1125 2052 πράγματα,
1139 1971 1198 2029 ἀλλ’
1212 1968 1240 2027 ἓν
1254 1969 1284 2027 τὸ
1297 1966 1370 2035 τέλος
1383 1971 1576 2048 τούχειμῶνος
1592 1970 1632 2026 mi

86 2078 114 2124 ct
130 2063 244 2141 astatis3
258 2083 329 2123 unus
348 2061 422 2139 finis,
436 2059 494 2139 agri
507 2058 630 2118 felicitas.
644 2056 804 2117 Benedictus
860 2059 965 2142 θίρους·
977 2060 1004 2119 ἓν
1015 2061 1046 2120 τὸ
1055 2061 1141 2132 τέλος,
1162 2064 1209 2131 τῆς
1231 2058 1373 2140 άρούραςή
1389 2059 1531 2140 εὐημερία.
1550 2062 1632 2119 Εὐλι-

87 2158 170 2232 Deus,
182 2156 230 2236 qui
251 2154 373 2238 permisit
390 2151 500 2233 egredi3
515 2149 675 2210 benedictus
693 2149 803 2225 iterum,
823 2167 841 2214 B
859 2155 967 2235 γητὸςὸ
981 2153 1256 2236 Θεὸςδσυγχωρήσας
1267 2152 1391 2222 ἐξελθεῖν·
1407 2151 1551 2232 εὐλογητὸς
1559 2151 1632 2211 παλιν

85 2249 136 2328 qui
148 2248 183 2308 ad
197 2248 315 2308 reditum
331 2243 641 2322 evooevi13benedlctus
661 2240 804 2320 Deu⁵,qui
860 2245 1002 2315 δκαλίσας
1017 2248 1182 2306 ἐπανελθεῖν
1197 2244 1335 2325 εὐλογητὸς
1350 2248 1364 2303 ὸ
1377 2244 1448 2310 Θεὸς
1464 2249 1480 2304 ὁ
1499 2243 1580 2311 ἐάσας
1592 2243 1632 2302 τὸν

86 2353 272 2424 tempestatem
282 2338 405 2423 permisit
409 2361 419 2415 ;
428 2334 726 2413 benedictusDeuS‚qui
737 2347 804 2393 tem·
858 2343 994 2420 χειμῶνα·
1006 2337 1145 2418 εὐλογητὸς
1153 2342 1168 2397 δ
1177 2335 1244 2404 Θεὸς
1254 2340 1268 2395 ὸ
1278 2335 1359 2404 λύσας
1379 2335 1426 2394 τὸν
1441 2337 1579 2415 χειμῶνα,
1592 2334 1633 2393 καί

85 2449 216 2517 pestatem
229 2434 321 2513 solvit,
336 2430 597 2511 ettranquillitatcm
609 2428 725 2511 paravit.
740 2427 805 2486 Haec
858 2427 973 2500 ποιήσας
983 2428 1209 2509 γαλήνην.’1“α’ύτα
1234 2427 1304 2507 λέγω
1324 2424 1458 2486 παιδεύων
1473 2431 1543 2504 ὑμᾶς
1567 2427 1633 2484 εὐλο

85 2527 159 2608 dico,
169 2543 200 2588 ut
222 2549 271 2589 vos
291 2525 326 2586 ad
343 2523 558 2586 benedicendum
570 2523 629 2581 Deo
651 2519 801 2579 instituam.
857 2530 913 2602 γεῐν
926 2520 1059 2582 τὸνθεόν,
1078 2519 1155 2580 Καλὸ
1176 2519 1287 2593 novitia}
1312 2519 1466 2598 Εὐλάγησον
1491 2517 1536 2577 τὸν
1553 2517 1633 2594 θεὸν,

85 2619 160 2680 Bona
168 2618 354 2701 contigerunt?
368 2615 485 2677 Benedic
493 2616 561 2691 Deo,
569 2626 595 2673 et
603 2613 675 2672 hona
687 2624 804 2671 mant.
859 2614 905 2674 καί
928 2613 999 2693 μένει
1025 2612 1060 2673 τὸ
1084 2613 1154 2673 καλά
1179 2612 1260 2674 Keil
1280 2613 1376 2683 σονέύη
1388 2635 1397 2687 ;
1423 2611 1578 2692 Εὐλύγησσν
1592 2613 1632 2671 τὸν

85 2711 162 2772 Mala
173 2708 348 2771 acciderunt?
361 2706 479 2768 Benedic
488 2707 556 2779 Dec,
570 2718 596 2764 et
608 2705 680 2764 mala
692 2703 806 2764 solvun-
859 2707 938 2781 Θεὸν,
951 2706 996 2766 καί
1009 2706 1099 2767 λύεται
1111 2704 1146 2764 τὸ
1159 2706 1241 2766 κακά.
1256 2703 1334 2764 Ἐπεί
1349 2704 1394 2765 καί
1408 2709 1424 2764 ὁ
1436 2703 1504 2765 ’tus
1516 2703 1633 2767 πλούσιος

87 2815 141 2863 tur.
162 2797 391 2880 Quandoquidem
414 2810 440 2856 et
463 2796 517 2858 tob
538 2794 615 2855 dives
640 2815 702 2853 cum
725 2808 803 2873 esset,
860 2797 1081 2880 ὣνηύχαρίστει,
1094 2796 1236 2869 καλπένης
1249 2796 1387 2878 γενόμενος
1399 2795 1633 2869 ἐδοξολόγει.οὐτε

87 2891 188 2972 gratias
207 2891 312 2971 agebat,
323 2903 349 2949 ct
370 2909 473 2969 pauper
489 2887 599 2947 effectus
619 2887 677 2946 Dco
690 2886 805 2966 gloriam
860 2890 919 2950 τότε
937 2888 1066 2972 ήρπασεν,
1080 2890 1139 2951 οὐτε
1163 2889 1222 2949 τότε
1247 2888 1449 2969 ἐύλασρήμησε.
1465 2888 1633 2969 Διάροροιοί

87 2981 226 3044 reddebat.
240 2983 332 3061 Neque
345 2994 409 3040 tunc
423 2977 524 3061 rapuit,
540 2999 625 3057 neque
640 2991 731 3060 postea
741 2978 805 3038 bla-
861 2982 969 3062 καιροί,
991 2983 1037 3043 καί
1052 2982 1100 3061 μία
1120 2987 1137 3055 ἡ
1152 2982 1263 3061 γνώμη,
1284 2979 1329 3039 καί
1356 2985 1402 3040 τοῦ
1424 2979 1587 3060 κυθερνήτου
1607 2978 1634 3036 τὸ

88 3073 249 3157 sphcmavit.
265 3071 350 3135 Varia
370 3085 502 3153 tempora,
520 3083 546 3130 et
567 3091 620 3129 uua
639 3091 714 3131 mens
729 3070 804 3130 fuit:
861 3082 978 3152 γενναῖον
992 3072 1052 3134 οὐτε
1075 3080 1092 3147 ή
1115 3074 1218 3153 γαλήνη
1243 3071 1346 3144 ἐκλύει,
1360 3071 1421 3132 οὐτε
1435 3076 1449 3132 θ
1462 3069 1569 3152 χειμὼν
1591 3074 1634 3148 βα-

89 3165 275 3247 gubernatoris
287 3163 417 3227 virtutem
430 3185 479 3224 nec
492 3163 676 3242 tranquillitas
685 3164 805 3244 resolvit,
862 3163 958 3234 πτίζει.
972 3165 1121 3245 Εὐλογητὸς
1135 3164 1245 3245 ὸΘεὸςι
1266 3163 1310 3224 καί
1327 3163 1372 3224 ὅτε
1386 3167 1462 3240 ὐμῶν
1478 3161 1633 3244 ἐχωρίσθην,

89 3278 138 3319 nec
148 3270 291 3340 tempestas
300 3255 440 3334 demergit.
453 3254 613 3316 Benedictus
624 3258 699 3317 Deus
709 3269 735 3316 et
745 3277 808 3317 curn
863 3256 910 3317 καὶ
931 3254 975 3316 θτε
1001 3261 1069 3334 ὑμᾶς
1092 3256 1288 3336 θπελάμύανον.
1311 3253 1458 3336 Ἀμράτερτ
1483 3258 1533 3326 τῆς
1558 3257 1636 3323 αὐτῆς

89 3350 197 3411 avobis
216 3363 355 3432 separatus
374 3370 445 3425 sum,
459 3362 562 3408 etcum
577 3370 627 3411 vos
640 3350 807 3431 recuperari.
864 3348 1034 3427 κηδεμονίας.
1048 3348 1217 3430 Ἐχωρίαθην
1232 3353 1306 3426 ὐμῶν
1326 3352 1364 3427 τῷ
1385 3347 1508 3426 σώματι,
1520 3345 1580 3407 ἀλλ’
1592 3348 1635 3405 οὐκ

89 3444 214 3526 Utraque
229 3442 351 3526 ejusdem
364 3440 542 3525 providentiae
559 3442 675 3504 suerunt.
690 3446 712 3501 t
728 3432 808 3503 vobis
827 3458 846 3506 c
864 3440 1011 3523 ἐχωρίσθην
1026 3445 1099 3522 ὐμῶν
1122 3447 1156 3523 τῇ
1177 3439 1279 3523 γνώμη.
1294 3439 1378 3500 Ἴδετε
1398 3439 1471 3499 πάσα
1499 3437 1636 3521 εἰργάσατο

88 3549 226 3617 separatus
244 3557 306 3596 sum
324 3555 444 3616 corpore,
457 3533 504 3595 sed
523 3555 692 3614 nequaquam
707 3549 805 3595 mente.
862 3537 915 3594 τῶν
938 3537 1038 3615 ἐχθρῶν
1058 3539 1075 3607 ἡ
1097 3533 1233 3606 ἐπιθαυλή.
1248 3532 1305 3604 Τήν
1323 3529 1439 3604 σπουδήν
1464 3528 1636 3603 ἐπίτεινε,τὸ

88 3625 418 3705 Videtequantafecerint
431 3623 605 3684 inimicorum
618 3623 809 3685 iusidiastu-
863 3626 969 3709 φίλτρον
983 3628 1084 3706 ἀνῆψε,
1113 3625 1220 3707 μυρίους
1239 3623 1339 3705 ἐρωτάς
1364 3646 1409 3700 μοι
1434 3621 1635 3683 κατεσκεύασεν·

89 3714 166 3776 dium
188 3717 377 3792 intenderunt,
392 3715 559 3777 desiderium
578 3715 768 3795 incenderunt,
781 3730 809 3777 ct
863 3718 915 3800 πρὸ
926 3714 1020 3778 τούτω
1034 3716 1086 3798 γὸρ
1106 3722 1130 3776 οἱ
1145 3715 1204 3795 ἐμοί
1218 3738 1251 3793 με
1271 3715 1389 3796 ἐριλων,
1401 3719 1447 3772 νῦν
1465 3714 1495 3772 δί
1514 3713 1560 3772 καὶ
1574 3714 1636 3771 ’loo

90 3822 229 3867 sexcentos
250 3809 320 3868 mihi
344 3822 525 3891 procurarunt
544 3822 676 3869 amatores
700 3835 707 3869 ι
730 3823 807 3870 ante-
864 3810 933 3869 δαῖοι
945 3812 1054 3887 τιμῶσι.
1073 3805 1278 3889 Προσεδάκησάν
1295 3831 1329 3886 με
1350 3804 1466 3886 χωρίσαι
1479 3809 1534 3865 τῶν
1557 3807 1635 3887 epto,

89 3897 141 3956 hac
154 3919 197 3957 me
213 3898 268 3957 mci
284 3899 422 3977 amabant,
437 3900 603 3958 nuncetiam
619 3900 809 3962 Judaeihono·
864 3901 910 3962 καλ
937 3898 1065 3983 άλλάτριά
1086 3923 1131 3978 μοι
1159 3899 1334 3979 προσίθηκαν.
1361 3898 1431 3959 Ἀλλ’
1453 3902 1503 3959 οὐκ
1532 3897 1636 3961 ἐκείνοις

90 4001 161 4049 rant.
179 3988 333 4069 sperabant
349 4008 378 4047 sc
390 4008 405 4046 a
419 3988 487 4048 meis
498 4005 727 4072 meseparaturos
740 4012 807 4065 esse,
864 3993 958 4075 χάρις,
982 3991 1051 4052 citt
1073 3995 1107 4070 τῇ
1132 3998 1178 4052 τοῦ
1201 3993 1272 4051 Θεοῦ
1294 3988 1474 4074 προσηγορίᾳ,
1492 3989 1534 4050 δτι
1552 4014 1583 4070 γε
1604 3991 1635 4067 τῇ

90 4078 227 4141 etalienos
237 4076 418 4139 adsciverint.
433 4080 538 4140 venun
549 4100 603 4139 nott
620 4080 684 4159 illis,
694 4082 743 4142 sed
758 4081 809 4142 Dei
865 4085 970 4146 ἐκτίνων
986 4082 1099 4166 πονηρίᾳ
1111 4087 1146 4151 εἰς
1162 4081 1351 4164 τήνήμετέραν
1361 4081 1442 4160 τιμήν
1457 4083 1635 4165 ἀπεχρήσατο·

90 4170 193 4232 nomini
215 4169 307 4252 gratiae
330 4167 490 4245 referendae,
511 4168 561 4247 qui
584 4170 695 4230 illorum
716 4173 809 4252 nequi-
864 4178 922 4239 ίπεί
936 4176 981 4238 καί
1002 4181 1026 4237 οἱ
1049 4176 1172 4237 Ἰουδαῖοι
1196 4174 1363 4254 ἐσταύρωσαν
1381 4175 1425 4233 τὸν
1441 4173 1538 4253 Κύριον
1551 4176 1634 4252 ἡμῶν,

89 4264 127 4325 tia
146 4262 182 4324 ad
199 4263 330 4323 honorem
350 4273 472 4321 nostrum
488 4282 555 4321 usus
570 4275 610 4321 est
621 4286 629 4320 ε
640 4283 703 4323 nam
720 4277 746 4324 ct
759 4267 809 4327 Ju·
864 4269 941 4343 καλή
956 4267 1097 4349 οἰκουμένη
1118 4268 1224 4340 ἐσύθη·
1249 4269 1296 4326 οὐκ
1309 4264 1444 4326 Ἰουδαίων
1466 4263 1523 4346 ἔχω
1544 4266 1634 4346 χάριν,

89 4356 141 4417 dai
167 4355 316 4416 Dominum
339 4365 462 4413 nostrum
483 4352 691 4428 crucifixerunt,
707 4367 733 4413 et
753 4377 811 4416 scr·
864 4360 934 4421 ἀλλὰ
947 4367 993 4421 τοῦ
1008 4360 1211 4440 σταυρωθίντος.
1232 4358 1391 4439 Ὁράτωσαν
1404 4356 1634 4434 ὡςθΘεὸςήμιῖιν·

89 4463 169 4512 vatus
187 4463 227 4511 est
245 4448 382 4509 mundus:
400 4465 485 4524 neque
505 4444 620 4525 gratiam
639 4445 742 4507 Judaeis
760 4447 809 4508 ha·
864 4450 921 4513 οίαν
946 4452 1051 4534 εἰρήνην
1066 4452 1185 4525 ίτεκινή
1209 4449 1337 4523 ίπιθονλὴ
1364 4451 1465 4519 αὐτῶν,
1487 4447 1545 4508 οίαν
1565 4446 1636 4515 δοξαν

89 4543 150 4618 beo,
164 4541 209 4602 sed
228 4541 369 4602 crucifixo.
379 4537 498 4600 Videant
516 4535 651 4619 quomodo
670 4539 745 4598 Deus
762 4560 809 4600 no·
864 4542 1064 4605 κατεσκεύασεν.
1093 4544 1153 4626 Πρὸ
1176 4543 1270 4602 τούτου
1290 4540 1342 4623 γὸρ
1370 4546 1387 4613 ή
1419 4539 1549 4612 ἐκκλησία
1571 4538 1634 4617 μάνη

45 4660 50 4669 ·
89 4647 143 4695 ster
159 4633 346 4714 videttquam
359 4649 453 4711 pacem
468 4649 562 4688 eorum
579 4627 808 4712 insidiarpepere-
863 4635 1053 4717 πεπλήρωται,
1068 4642 1113 4694 νῦν
1127 4634 1155 4694 δὸ
1178 4634 1223 4694 καί
1237 4639 1254 4705 ἡ
1270 4630 1354 4712 ἀγορὸι
1371 4628 1500 4703 ἐκκλησία
1520 4629 1634 4709 ίγένετο·

89 4742 165 4807 runt,
182 4749 263 4806 quam
277 4726 392 4806 gloriam
405 4736 578 4804 paraverunt.
594 4722 714 4784 Antehac
726 4724 809 4784 eccle·
818 4769 855 4808 ω
865 4725 915 4806 μία
932 4726 1032 4805 κεφαλή
1053 4729 1151 4786 ίκιῑθεν
1170 4727 1220 4794 ἕως
1245 4717 1313 4786 ὧδε·
1336 4722 1418 4791 οὐδείς
1439 4722 1552 4782 ἔπαυσεν
1563 4725 1634 4798 ὐμῶν

89 4821 129 4881 sia
148 4819 205 4880 sola
222 4817 395 4898 implebatur,
405 4836 477 4875 nunc
489 4815 579 4876 torum
592 4815 750 4877 universum
764 4837 808 4875 ec·
827 4823 848 4870 Α
864 4818 908 4877 τὸν
920 4817 1014 4898 χορὸν,
1027 4816 1124 4885 πάντες
1138 4819 1164 4877 ἐν
1185 4821 1263 4896 σιγῇ,
1276 4814 1372 4881 πάντες
1394 4818 1420 4874 ἐν
1437 4812 1585 4880 κατανύξει.
1600 4814 1634 4871 Οί

90 4912 169 4972 clesia
188 4911 289 4969 lactum
305 4921 353 4968 est.
365 4909 459 4967 Unum
480 4920 562 4986 eaput
582 4905 646 4967 inde
656 4907 712 4966 huc
725 4929 809 4988 usque
864 4907 912 4989 pie
922 4907 1049 4989 ἔψαλλον,
1057 4913 1082 4970 ot
1094 4908 1122 4970 δὸ
1134 4910 1292 4992 ἐμακάριζον
1305 4904 1364 4991 τούς
1375 4907 1532 4986 ψαλλσντας.
1545 4901 1635 4961 Ἱππο-

88 5005 180 5063 locum
202 5014 324 5083 occupat.
345 5000 431 5059 Nemo
454 4997 536 5057 choro
559 5011 649 5058 vestro
669 4999 806 5060 silentium
863 5000 960 5084 δρομία
970 4998 1100 5082 σήμερον,
1111 5002 1156 5060 καί
1168 5001 1250 5068 οὐδείς
1263 5004 1331 5068 ἐκεῖ,
1346 4998 1414 5056 ἀλλὰ
1428 4996 1525 5062 πάντες
1540 4997 1576 5062 είς
1588 4993 1635 5063 τήν

88 5093 244 5174 imperavit,
255 5105 281 5151 et
295 5105 383 5151 tamen
396 5109 487 5149 omnes
501 5088 529 5148 in
541 5087 657 5169 silentio,
671 5111 763 5152 omnes
778 5091 807 5152 in
862 5091 1006 5165 ἐκκλησίαν
1026 5097 1062 5161 ὡς
1080 5093 1240 5174 χείμαρροι·
1254 5087 1373 5152 τοῦτοδὲ
1394 5087 1497 5168 ἐγένετο
1511 5091 1592 5166 ὐμῶν
1606 5087 1636 5145 τὸ

87 5184 293 5265 compunctione
313 5181 500 5245 curabantur.
513 5179 569 5241 Atii
587 5182 747 5263 psallebant,
760 5183 808 5245 alii
860 5186 974 5259 πλῆθος,
987 5184 1034 5246 καλ
1047 5183 1166 5264 ποταμὸς
1181 5183 1266 5264 φωναί
1280 5185 1317 5250 εἰς
1341 5179 1386 5240 τὸν
1402 5179 1512 5263 οὐρανὸν
1528 5177 1636 5239 traici·
