3764 5992
299 489 333 537 IN
359 486 472 551 lutto,
501 480 675 531 seleucius
701 477 901 527 nntscmulst
928 476 971 525 ET
996 476 1161 540 AQtJthst.
1190 481 1228 528 Π.
1456 487 1520 533 221

144 612 186 691 μὴ
201 612 286 694 μέχρι
302 612 393 679 τέλους
415 610 507 678 ottob<
522 605 759 678 διαὸοιστοίζεοθαι,
810 604 1001 663 mutilorum
1022 575 1068 662 ubi
1081 604 1139 685 jam
1164 604 1310 685 potentiam
1334 605 1420 687 ipsius
1443 630 1528 688 ugno-

144 726 187 764 ναι
198 706 339 783 παλλαχῶ
356 704 403 763 καὶ
417 710 576 784 συγχωρεῖν,
598 697 644 758 κοιλ
663 719 759 774 πειρο-
812 707 916 769 verunt,
932 695 1038 775 optavit
1047 709 1079 755 ut
1088 709 1113 755 ct
1125 696 1179 778 ipsi
1188 719 1223 758 ex
1233 719 1262 758 se
1273 698 1383 759 virtutis
1392 700 1531 780 specimen

144 794 186 863 ιδκ
207 794 361 875 ὑπομένειν,
381 793 427 853 ἵνα
451 793 488 873 μὴ
508 792 553 852 διδ
572 790 662 857 τέλους
684 785 760 868 ἀργοὶ
812 786 970 865 preberent,
983 806 1070 865 noque
1089 787 1162 868 ipsos
1181 788 1218 848 sd
1232 789 1317 849 fidem
1331 805 1529 872 usquegestare

144 886 160 947 :l
174 886 300 968 καθάπερ
312 891 338 946 ot
350 886 478 967 νήχεσθαι
490 884 673 955 διδάσκοντες,
686 878 761 960 παρὰ
775 881 794 929 lt
813 877 916 953 voluit;
928 876 976 937 sod
988 878 1060 959 ipsos
1068 898 1138 959 saepe
1148 880 1274 961 exposuit
1282 881 1459 961 permisitque
1467 904 1529 943 suas

144 977 213 1060 ρχδς
228 978 279 1046 sle
296 981 383 1039 οὔτῶν
402 977 567 1044 θποτιθέντες
579 983 673 1056 χεῖρας
694 972 762 1051 μετὰ
812 969 880 1028 ferre
889 971 1058 1048 tentationes,
1073 990 1107 1029 ne
1115 970 1216 1031 scilicet
1228 986 1354 1053 perpetuo
1369 973 1448 1033 otiosi
1462 972 1530 1033 resi·

144 1066 306 1153 ςῶερεὸιίας
316 1068 379 1137 τοὺς
389 1069 508 1147 μαθητὰς
520 1066 581 1135 τοθς
594 1068 695 1124 ἑαυτῶν
706 1065 763 1123 δια·
812 1060 926 1121 decent:
946 1074 975 1121 et
987 1061 1217 1141 queamdmodum
1237 1063 1285 1141 qui
1311 1078 1397 1124 artem
1419 1063 1530 1125 natandi

144 1163 239 1241 ,perd
250 1159 279 1221 δλ
291 1161 402 1241 πρέκην
416 1161 462 1222 καὶ
476 1159 598 1238 δευτέραν
612 1156 657 1217 κοιλ
671 1154 764 1236 τρίτην
812 1152 920 1229 docent,
933 1153 1067 1234 principio
1079 1154 1225 1234 suppositis
1233 1155 1360 1215 manibus
1372 1156 1459 1215 multa
1467 1155 1530 1215 dili·

144 1254 252 1335 λλαχῶ
281 1253 331 1327 τὴν
359 1251 446 1322 δεξιὰν
474 1255 561 1312 αὐτῶν
585 1247 763 1330 θιτοσίραντις
814 1245 903 1325 gentis
915 1244 1063 1329 discipulos
1081 1259 1201 1324 gestant,
1216 1260 1276 1327 post
1286 1268 1373 1307 uuum
1393 1261 1483 1308 autem
1504 1261 1531 1306 et

144 1344 288 1407 ιελειίουοιν
310 1349 414 1413 ἑαυτοῖς
438 1347 550 1425 βοηθεῖν,
572 1341 618 1402 καί
642 1364 693 1400 που
717 1340 763 1399 καλ
814 1338 930 1397 alterum
942 1350 970 1398 et
983 1336 1091 1396 tertium
1109 1335 1183 1397 diem
1196 1338 1333 1398 subtracta
1354 1338 1464 1399 dextera
1474 1338 1529 1397 illis

144 1435 289 1506 πίζεοθαε
315 1436 503 1517 ἐπιτρέπωσι,
530 1434 576 1494 καὶ
600 1432 703 1505 πολλὴν
725 1436 764 1512 τῷ
815 1430 986 1512 precipiunt,
1005 1445 1036 1490 ut
1052 1431 1153 1511 seipsos
1159 1432 1266 1511 juvent,
1288 1445 1315 1491 et
1340 1452 1531 1511 nonuunquam

144 1527 300 1609 γεοθαιτην
314 1529 419 1608 ἅλμην·
438 1525 765 1606 οδτωδὴκαλδΧρεο-εθς
816 1521 879 1581 illos
889 1542 1037 1603 parumper
1050 1522 1136 1601 mergi
1146 1522 1249 1599 sinunt,
1260 1522 1296 1581 ita
1324 1536 1393 1582 utet
1416 1523 1534 1583 multum

144 1618 226 1681 τδτῶν
235 1624 372 1701 μαθητῶν.
383 1620 431 1680 Ἐν
442 1621 513 1700 ἀρχῇ
524 1618 571 1679 κοιλ
581 1620 609 1677 έν
618 1617 766 1700 προοιμίοις
818 1613 962 1693 salsuginis
983 1613 1130 1674 sorbeant:
1150 1614 1187 1674 ita
1200 1629 1302 1675 sancet
1315 1636 1378 1675 cum
1391 1614 1534 1696 discipulis
1612 1629 1615 1635 ·

149 1714 183 1773 ed
196 1712 270 1792 μέγα
283 1711 378 1781 αὐτοὺς
389 1715 476 1792 τἰρῆκε
491 1716 596 1782 παθεῖν,
612 1708 681 1769 ἀλλὰ
698 1732 811 1793 πον-η,
820 1705 875 1764 suis
891 1704 1016 1766 Christus
1028 1705 1150 1765 faciebat.
1160 1709 1231 1766 Nam
1246 1706 1325 1766 initio
1334 1707 1404 1766 nibil
1415 1729 1460 1767 cos
1478 1707 1535 1789 pati

144 1808 177 1877 ῆν
193 1803 320 1885 τειχίζων
340 1801 451 1878 αὐτοὺς,
466 1802 662 1883 περιφράττων,
680 1799 767 1860 πέντε
783 1809 803 1855 Δ
820 1797 936 1872 sinebat,
951 1798 995 1859 vel
1006 1819 1122 1878 parrum
1145 1799 1190 1859 vel
1205 1821 1346 1880 umgnum,
1365 1800 1414 1861 scd
1433 1800 1533 1879 ubique

144 1893 196 1962 νέες
209 1898 299 1963 αιἐεοῖς
311 1899 428 1976 έπιββεῖν
441 1893 664 1974 παρασκευάζων·
676 1891 767 1964 έπιιδὴ
820 1889 912 1950 aderet
923 1890 1056 1968 muniens,
1070 1905 1097 1950 et
1107 1890 1314 1953 circumvallans
1321 1914 1375 1970 cos,
1386 1893 1537 1973 faciensque

144 1986 238 2060 εὶτην
258 1987 382 2068 ἀνδρείαν
403 1985 496 2054 obtule
518 1984 697 2055 έπιδιέξαοθαι
719 1983 767 2056 τὴν
821 1996 852 2041 ut
864 1981 955 2041 omnia
969 1981 1087 2042 ubertim
1101 1982 1140 2043 eis
1152 1984 1307 2045 affluerent:
1319 1999 1535 2047 cumscrotem·

144 2077 275 2141 νέπεελεν
300 2079 384 2163 δλίγερ
402 2077 451 2152 τὴν
469 2077 559 2160 χάριν,
577 2077 770 2157 ἑγκελευσοίμε·
821 2095 873 2156 pus
886 2087 963 2150 essct,
985 2088 1017 2134 ut
1028 2075 1184 2137 virilitatem
1196 2099 1273 2138 suam
1285 2078 1337 2159 ipsi
1350 2078 1536 2154 declararent,

144 2170 237 2231 πολλὰ
246 2173 293 2232 καὶ
306 2173 340 2232 δι’
354 2175 454 2231 ἑαυτῶν
465 2169 562 2231 ἀνίειν.
572 2169 624 2229 Διοί
632 2192 672 2228 τοι
684 2173 770 2244 τοῦτο,
822 2165 958 2226 subtraxit
974 2166 1113 2227 modicum
1138 2169 1249 2248 gratiae,
1263 2169 1419 2252 precipiens
1437 2169 1486 2246 eis,
1509 2181 1539 2227 ut

144 2264 187 2323 έεε
209 2252 283 2343 εἶχεν
310 2262 486 2343 ὑποδήματα,
506 2260 566 2323 ονἰδδ
592 2260 687 2336 ζώνην,
711 2259 770 2320 οὐδέ
822 2258 902 2318 etium
920 2280 969 2339 per
983 2259 1085 2338 seipsos
1094 2261 1355 2342 multapersrcerent.
1372 2264 1458 2340 Atque
1471 2261 1541 2320 bano

144 2352 189 2415 ldl
223 2354 336 2435 χαλκδν,
368 2354 470 2423 ὠδενδς
494 2353 698 2434 θστερήθησαν·
722 2353 770 2426 Μή
823 2349 859 2410 ob
873 2370 1071 2423 oausam,cum
1085 2371 1138 2411 nou
1161 2350 1421 2429 habebantcalcoos,
1442 2352 1485 2412 vd
1495 2373 1540 2412 εο-

144 2490 155 2521 ,
172 2446 268 2528 φησίν,
287 2445 465 2528 θστερέσατες
478 2448 515 2507 0t
538 2445 566 2507 dl
587 2445 772 2529 ἀποκριθέντες
823 2464 897 2517 nam,
913 2442 1104 2522 vellusculum,
1117 2445 1161 2504 vd
1170 2467 1216 2520 aes,
1226 2445 1342 2505 nihileis
1353 2445 1446 2505 deerat
1457 2469 1463 2502 :
1474 2445 1543 2505 dicit

144 2537 209 2608 εεές.
228 2537 344 2612 Ἐπειδὴ
358 2537 387 2600 δέ
403 2537 495 2608 αὐτοὺς
514 2537 636 2599 ἐκέλευσε
657 2538 703 2598 καί
721 2542 772 2618 βοι-
823 2534 905 2612 enim,
916 2536 996 2595 Num
1010 2537 1128 2616 aliquid
1137 2541 1222 2598 vobis
1230 2539 1351 2618 defuit?
1373 2540 1413 2597 Et
1423 2559 1540 2618 respou-
1550 2550 1655 2597 ιιιωε.

144 2652 196 2709 ess,
209 2628 258 2690 καλ
270 2630 371 2711 πέραν,
383 2629 430 2690 καί
449 2630 624 2709 ὑποδήματα,
637 2630 771 2712 εθρίσκον-
824 2628 925 2687 dentes
945 2629 1086 2689 dixerunt
1097 2656 1106 2688 .-
1118 2629 1213 2688 Μέιῖέ.
1237 2630 1300 2703 Quo
1313 2644 1433 2712 tempore
1452 2643 1542 2690 autem
1551 2612 1592 2659 ³⁵·

144 2725 267 2790 νικῶντες
286 2722 333 2782 καὶ
347 2724 473 2802 διψῶντες
492 2721 537 2782 καὶ
558 2722 771 2801 γυμνητεύοντις.
824 2719 948 2800 permisit
962 2720 1011 2797 cis,
1021 2734 1053 2780 ut
1075 2722 1244 2803 marsupium
1263 2723 1435 2784 haberentet
1453 2744 1544 2804 peram

144 2814 237 2890 mdes
246 2815 384 2895 πολλαχοῦ
393 2813 536 2896 συνεχώρει
550 2815 596 2874 καὶ
610 2817 773 2894 παρακινδο-
789 2832 807 2879 Β
824 2825 850 2870 et
865 2811 979 2890 calceos,
991 2813 1198 2875 inveniebantur
1205 2829 1232 2875 et
1243 2815 1399 2893 esurientes,
1415 2829 1441 2875 et
1450 2816 1543 2877 sitien-

144 2904 197 2975 ube
223 2906 272 2968 καὶ
287 2913 525 2991 οτενογονρεῑοθοιι,
542 2908 586 2968 ἵνα
601 2910 661 2969 rud
680 2910 772 2989 μισθὸν
826 2918 874 2982 tes,
894 2918 921 2964 et
941 2905 1008 2966 nudi
1030 2906 1189 2969 incedentes
1210 2908 1290 2969 Unde
1304 2908 1454 2987 liquidum,
1469 2910 1543 2989 qnod

144 2998 198 3059 ἑτιε
207 3022 263 3058 που
274 2998 321 3059 καλ
335 3003 360 3060 ot
371 2999 469 3082 δρυιθις
478 3009 533 3068 τοῖς
545 3009 658 3071 γεοττοῖς
668 3006 773 3060 ποιοῦσι
826 2997 926 3077 passim
934 3019 979 3058 eos
991 2998 1138 3080 periclitari
1153 3015 1179 3060 et
1189 3001 1274 3082 affligi
1295 3001 1408 3061 sineret:
1422 3023 1518 3083 nempe
1533 3048 1541 3077 ,

144 3094 191 3153 ἐν
217 3091 265 3151 καλ
287 3091 341 3173 γδρ
361 3095 472 3165 ἰκτῖνοι,
497 3092 546 3160 ἑως
565 3093 615 3170 μέν
637 3092 672 3152 τὰ
688 3093 774 3175 πτερὰ
827 3089 1546 3169 utmcrccdemaliquambabercnt.Sicvidelicctaves

144 3206 217 3259 υσεν,
227 3184 275 3244 tet
289 3188 339 3256 τῆς
350 3185 444 3252 sets<
454 3183 599 3262 καθήμενοι
614 3183 773 3245 θοίλπουσιν·
826 3181 916 3262 pullos
928 3202 994 3241 suos
1006 3182 1125 3243 foventes
1135 3183 1239 3244 tamdiu
1252 3186 1278 3245 in
1292 3184 1357 3245 nido
1370 3184 1473 3258 sedent,
1495 3186 1545 3247 do·

144 3292 150 3335 t
173 3276 257 3335 ῖδεισι
278 3275 527 3356 πτερορυήοεντοις,
547 3276 595 3336 καλ
614 3277 774 3355 δυναμένους
826 3294 875 3333 nec
887 3273 997 3333 illorum
1009 3273 1110 3355 plnmae
1120 3274 1285 3355 increscant,
1297 3299 1365 3356 quas
1379 3277 1447 3338 dum
1457 3278 1544 3338 incre·

144 3366 248 3447 ίμνειν,
262 3371 369 3446 πρῶτον
384 3367 433 3446 μίν
446 3368 509 3450 περὶ
520 3366 602 3441 αὐτὴν
616 3368 666 3441 τὴν
678 3368 774 3428 καλιὰν
827 3365 897 3426 visse
909 3365 1040 3440 viderint,
1059 3366 1174 3446 illosque
1186 3390 1274 3431 amem
1288 3390 1378 3429 secare
1401 3391 1488 3450 posse,
1501 3390 1546 3430 eos

144 3458 396 3542 εαριετκευᾶζοιαιν,
407 3458 500 3519 ἔπειτα
514 3459 541 3519 dl
555 3460 602 3519 καί
614 3460 774 3540 ποβρωτέριο
825 3459 944 3540 primum
953 3458 1024 3519 οἰεεο
1035 3458 1130 3519 nidum
1140 3460 1363 3534 volitaredocent,
1374 3477 1465 3542 postca
1476 3483 1545 3542 pau·

144 3576 166 3627 ι,
178 3548 259 3630 παρὰ
271 3548 322 3630 μὲν
339 3549 388 3622 τὴν
405 3550 490 3632 ἀρχὴν
503 3549 631 3627 ἑπόμεναι
649 3551 697 3610 καί
716 3553 774 3611 διοι-
825 3551 853 3610 Ιο
867 3550 993 3630 longius:
1008 3550 1085 3611 initio
1100 3573 1145 3612 cos
1157 3566 1307 3630 sequuntur
1319 3567 1346 3612 et
1358 3566 1519 3634 supportant
1532 3598 1541 3629 ,

144 3666 192 3718 ιε,
206 3640 278 3721 perd
291 3640 415 3703 δὲταῦτα
428 3641 522 3710 αὐτοὺς
542 3646 645 3710 ἑαυτοῖς
657 3648 775 3725 ἀφιεῖσαι
826 3641 889 3702 dein
898 3643 1065 3704 adminiculo
1071 3666 1121 3703 suo
1135 3658 1204 3704 totos
1210 3644 1371 3706 destituunt.
1383 3647 1423 3704 lta
1432 3645 1545 3705 iaciebat

144 3732 307 3795 ttwntt
325 3734 440 3814 Χριστὸς
462 3733 585 3809 ἐποίησε,
606 3736 727 3817 καθάπερ
747 3739 774 3795 έν
826 3748 853 3793 et
866 3734 998 3795 Christus.
1011 3737 1043 3796 lu
1071 3735 1212 3796 Palaestina
1227 3737 1311 3815 enim,
1331 3737 1408 3816 quusi
1433 3737 1459 3797 in
1480 3737 1544 3798 nido

146 3826 324 3906 Παλαιστίνῃ
337 3826 443 3907 τρέφειν
455 3825 516 3896 τοίις
534 3829 669 3906 μαθητιίς·
681 3828 773 3901 ἐπειδὴ
827 3826 979 3887 nutricabat
990 3822 1139 3907 discipulos
1148 3851 1158 3906 γ
1183 3841 1211 3887 et
1230 3842 1374 3909 postquam
1390 3851 1436 3890 eos
1453 3831 1545 3892 volare

144 3940 164 3979 ιε
177 3917 284 3989 &idolo
296 3917 389 4000 περῶν
409 3919 456 3979 καὶ
468 3921 650 3990 διαῶαστοίζων
664 3920 774 3996 αὐτοὺς,
827 3918 920 3979 docuit
934 3940 1065 4001 presens,
1080 3933 1108 3980 ot
1120 3935 1236 4001 gestans,
1248 3921 1356 3983 tandem
1369 3922 1474 3984 dimisit
1491 3945 1545 4000 eos,

144 4032 184 4071 εεν
203 4014 242 4079 εἰς
257 4009 308 4085 τὴν
326 4010 483 4090 οἰκουμένην
505 4017 605 4085 τιτῆνοιι
615 4057 624 4089 ,
648 4013 775 4082 κελεύσας
829 4011 1021 4072 ntrolarentiu
1037 4014 1505 4094 totumorbem,dat0cismaudato,
1516 4030 1546 4076 ut

144 4110 165 4171 k
187 4104 329 4183 πλλεεχῶ
346 4106 464 4182 βοηθεῖν.
482 4103 537 4164 Καὶ
551 4103 593 4165 δτι
610 4105 689 4166 τοῦτό
703 4108 774 4166 ἐστιν
791 4112 811 4162 G
828 4104 1040 4165 sescideutidem
1049 4107 1236 4188 jurarent.Et
1246 4108 1319 4187 quod
1329 4110 1381 4169 boc
1391 4132 1487 4171 verum
1496 4110 1543 4184 sit,

144 4194 165 4255 ελ
184 4194 231 4255 tn
243 4194 294 4267 τὴν
308 4194 419 4274 δύναμιν
434 4200 513 4258 αὐτοῦ
531 4197 652 4276 μοίθουοι,
667 4197 774 4258 πάντων
826 4196 952 4276 quodque
965 4196 1026 4258 ideo
1048 4220 1092 4259 cos
1107 4200 1369 4278 omnibusnudatos,
1382 4217 1408 4263 et
1422 4224 1474 4262 una
1485 4217 1545 4262 tan-

144 4284 265 4365 ίμκεεσε,
287 4287 335 4347 καὶ
357 4287 537 4370 μονοχίτωνας
556 4288 715 4365 ἀπέστειλε,
728 4290 774 4350 καλ
828 4300 886 4347 tum
899 4290 1094 4351 vesteomictos
1108 4292 1221 4371 miserit,
1235 4307 1261 4353 et
1273 4294 1376 4373 absque
1385 4295 1544 4354 calceisam·

144 4378 273 4457 lnpkmn
287 4381 409 4441 ἐκέλευσε
424 4380 551 4460 βαδίζειν,
571 4384 653 4454 αὐτῆς
670 4374 714 4444 οὗν
726 4385 775 4454 τῆς
827 4379 923 4441 bulare
931 4382 1053 4462 jusserit,
1070 4397 1102 4443 ut
1121 4406 1197 4444 susm
1213 4386 1343 4446 virtutem
1353 4400 1379 4445 et
1400 4387 1547 4467 potentiam

144 4468 279 4539 ώιντες
292 4475 382 4553 σοφῶς
397 4472 530 4550 εἰσόμεθα.
551 4475 594 4535 Οὔ
611 4473 663 4555 γδρ
683 4477 775 4544 ἁπλῶς
828 4489 1026 4553 cognoscerent,
1041 4474 1112 4535 clare
1120 4477 1248 4556 sciemus,
1263 4478 1287 4538 si
1300 4479 1369 4539 illud
1384 4479 1489 4540 dictum
1498 4500 1546 4538 an·

144 4568 199 4629 εῖς·
225 4562 310 4642 ἄρατε
335 4563 476 4644 βαλάντιον
508 4565 554 4625 καὶ
581 4566 685 4648 πέραν,
715 4569 774 4628 ἀλλ’
827 4566 1022 4628 ἀίοοευν..Νοεε
1033 4567 1106 4628 enim
1117 4568 1280 4649 simpliciter
1289 4569 1363 4630 dixit
1373 4571 1412 4631 eis
1419 4617 1429 4650 ,
1445 4570 1546 4633 Tollite

157 4652 481 4738 αθεοδςτῶνπροτέρων,
501 4656 584 4726 οὕτως
599 4657 694 4719 εἰπών·
707 4658 774 4721 Ὅτε
828 4659 996 4740 marsupium
1007 4672 1034 4720 ct
1055 4680 1162 4740 peram,
1176 4661 1224 4721 sed
1239 4662 1363 4742 priorum
1389 4664 1546 4725 memorium

152 4747 229 4825 ispe&
238 4747 304 4827 ἄτερ
317 4748 460 4827 βαλαντίου
473 4749 520 4809 καὶ
530 4749 638 4831 πέρας,
652 4750 690 4829 μή
706 4775 774 4820 τινος
828 4750 978 4810 refricando
991 4751 1031 4810 sic
1043 4750 1160 4827 dicebat,
1175 4754 1249 4813 Cum
1260 4759 1404 4817 mitterem
1417 4777 1473 4817 vos
1483 4761 1547 4817 sine

144 4839 354 4911 amartetes,
385 4842 415 4900 οὐ
440 4841 528 4901 πάντα
554 4843 623 4920 μετὰ
652 4843 775 4925 ἀφθονίας
828 4848 979 4925 ruarsupio
992 4856 1021 4904 et
1031 4846 1278 4927 pera,aliquidne
1287 4848 1477 4909 deerattboe
1488 4863 1544 4927 est,

144 4932 212 5011 Ιβει,
237 4930 285 4992 καὶ
308 4932 410 5003 πολλῆς
434 4932 602 4994 ἀπελαέσετε
624 4934 774 5016 δαψιλείας,
828 4935 1019 4995 nonucomuia
1033 4934 1153 4995 ubertim
1169 4936 1249 4998 vobis
1266 4939 1423 5014 affluebant,
1446 4941 1547 5002 multu-

144 5021 270 5103 Ιοιίλομαι
284 5027 356 5102 ὑμᾶς
369 5023 416 5082 καὶ
430 5024 464 5083 δι’
480 5027 579 5084 ἑαυτῶν
593 5026 777 5106 ἀγωνίζεσθαι,
829 5027 1014 5107 quelargitotc
1027 5028 1211 5088 fruebamini?
1223 5029 1270 5089 sed
1283 5052 1355 5091 nunc
1368 5032 1431 5093 volo
1442 5055 1492 5094 vos
1500 5055 1548 5116 per

144 5114 273 5193 λμςιεαλ
285 5112 380 5184 πενίας
392 5124 486 5197 πεῖρεν
508 5117 616 5177 λαθεῖν·
638 5118 683 5178 διδ
701 5125 778 5180 τοῦτο
830 5118 965 5199 vosipsos
982 5133 1094 5192 certare,
1110 5133 1137 5178 et
1150 5135 1337 5202 paupertatem
1357 5126 1477 5206 experiri
1488 5149 1498 5204 3
1522 5141 1550 5188 et

144 5205 208 5281 Ιιε’λν
220 5207 346 5286 ἀνίγκην
354 5209 404 5267 oba
415 5208 472 5288 έγω
483 5216 529 5270 τοῦ
542 5210 673 5293 προτέρου
687 5209 777 5290 νόμου,
831 5223 972 5291 eapropter
985 5211 1045 5292 lege
1065 5210 1150 5291 priori
1173 5212 1315 5273 obstrictos
1337 5216 1412 5291 nolo,
1424 5218 1473 5279 sed
1484 5240 1549 5301 per-

144 5297 217 5383 ρίτιο
242 5299 293 5360 καὶ
325 5298 466 5379 βαλάντια
496 5301 566 5383 ῖχιιν
601 5302 647 5362 καὶ
680 5303 778 5385 πέραν,
795 5319 815 5367 n
832 5303 921 5384 mitto,
934 5317 964 5363 ιιι
980 5317 1006 5364 et
1019 5303 1187 5384 marsupium
1199 5318 1225 5368 et
1236 5326 1329 5387 ρειεοι
1341 5306 1551 5392 moretm
