<?xml version="1.0" encoding="UTF-8"?>
<!DOCTYPE html PUBLIC "-//W3C//DTD XHTML 1.0 Transitional//EN"
    "http://www.w3.org/TR/xhtml1/DTD/xhtml1-transitional.dtd">
<html xmlns="http://www.w3.org/1999/xhtml" xml:lang="en" lang="en">
 <head>
  <title>
</title>
<meta http-equiv="Content-Type" content="text/html;charset=utf-8" />
  <meta name='ocr-system' content='tesseract 3.04.00' />
  <meta name='ocr-capabilities' content='ocr_page ocr_carea ocr_par ocr_line ocrx_word'/>
</head>
<body>
  <div class='ocr_page' id='page_1' title='image "./sanctipatrisnos03chrygoog/sanctipatrisnos03chrygoog_0078.png"; bbox 0 0 3764 5992; ppageno 0'>
   <div class='ocr_carea' id='block_1_1' title="bbox 517 419 1710 510">
    <p class='ocr_par' dir='ltr' id='par_1_1' title="bbox 517 419 1710 510">
     <span class='ocr_line' id='line_1_1' title="bbox 517 419 1710 510; baseline 0.007 -28"><span class='ocrx_word' id='word_1_1' title='bbox 517 435 553 482; x_wconf 78' lang='grc' dir='ltr'><strong>ΙΝ</strong></span> <span class='ocrx_word' id='word_1_2' title='bbox 580 433 821 482; x_wconf 72' lang='lat' dir='ltr'><strong>PARALYTlCUM</strong></span> <span class='ocrx_word' id='word_1_3' title='bbox 847 435 1018 484; x_wconf 73' lang='lat' dir='ltr'><strong>nuutssuu</strong></span> <span class='ocrx_word' id='word_1_4' title='bbox 1045 438 1108 486; x_wconf 80' lang='lat' dir='ltr'><strong>PER</strong></span> <span class='ocrx_word' id='word_1_5' title='bbox 1134 437 1284 493; x_wconf 77' lang='lat' dir='ltr'><strong>ruerunt.</strong></span> <span class='ocrx_word' id='word_1_6' title='bbox 1665 419 1710 510; x_wconf 77' lang='lat'><strong>57</strong></span> 
     </span>
    </p>
   </div>
   <div class='ocr_carea' id='block_1_2' title="bbox 160 647 1872 5223">
    <p class='ocr_par' dir='ltr' id='par_1_2' title="bbox 160 647 1872 5223">
     <span class='ocr_line' id='line_1_2' title="bbox 160 647 1711 736; baseline 0.004 -26"><span class='ocrx_word' id='word_1_7' title='bbox 160 651 235 710; x_wconf 80' lang='grc' dir='ltr'>θύντα</span> <span class='ocrx_word' id='word_1_8' title='bbox 248 647 415 730; x_wconf 74' lang='grc' dir='ltr'>ἀρορήτως,</span> <span class='ocrx_word' id='word_1_9' title='bbox 432 651 494 707; x_wconf 88' lang='grc' dir='ltr'>κατ’</span> <span class='ocrx_word' id='word_1_10' title='bbox 508 651 606 711; x_wconf 76' lang='grc' dir='ltr'>ἐκεῖνον</span> <span class='ocrx_word' id='word_1_11' title='bbox 629 648 678 728; x_wconf 72' lang='grc' dir='ltr'><strong>ἔσῃ</strong></span> <span class='ocrx_word' id='word_1_12' title='bbox 703 651 747 710; x_wconf 81' lang='grc' dir='ltr'><strong>τὸν</strong></span> <span class='ocrx_word' id='word_1_13' title='bbox 771 650 883 710; x_wconf 80' lang='grc' dir='ltr'>ἄπιστον</span> <span class='ocrx_word' id='word_1_14' title='bbox 897 651 941 711; x_wconf 86' lang='grc' dir='ltr'><strong>τδν</strong></span> <span class='ocrx_word' id='word_1_15' title='bbox 994 658 1070 714; x_wconf 88' lang='lat' dir='ltr'><strong>sieut</strong></span> <span class='ocrx_word' id='word_1_16' title='bbox 1089 666 1116 714; x_wconf 88' lang='lat' dir='ltr'><strong>et</strong></span> <span class='ocrx_word' id='word_1_17' title='bbox 1132 659 1239 726; x_wconf 77' lang='lat' dir='ltr'><strong>ceteri,</strong></span> <span class='ocrx_word' id='word_1_18' title='bbox 1262 661 1314 736; x_wconf 85' lang='lat' dir='ltr'><strong>qui</strong></span> <span class='ocrx_word' id='word_1_19' title='bbox 1332 676 1411 735; x_wconf 91' lang='lat' dir='ltr'><strong>spem</strong></span> <span class='ocrx_word' id='word_1_20' title='bbox 1434 675 1495 713; x_wconf 87' lang='lat' dir='ltr'><strong>non</strong></span> <span class='ocrx_word' id='word_1_21' title='bbox 1517 657 1635 716; x_wconf 81' lang='lat' dir='ltr'><strong>babent.</strong></span> <span class='ocrx_word' id='word_1_22' title='bbox 1649 659 1711 716; x_wconf 89' lang='lat' dir='ltr'><strong>Non</strong></span> 
     </span>
     <span class='ocr_line' id='line_1_3' title="bbox 162 739 1709 826; baseline 0.005 -25"><span class='ocrx_word' id='word_1_23' title='bbox 162 743 307 821; x_wconf 74' lang='grc' dir='ltr'>αδαέχοντα</span> <span class='ocrx_word' id='word_1_24' title='bbox 322 739 428 799; x_wconf 80' lang='grc' dir='ltr'>ἐλπίδα</span> <span class='ocrx_word' id='word_1_25' title='bbox 439 741 620 810; x_wconf 75' lang='grc' dir='ltr'>ἀναπαίστοις.</span> <span class='ocrx_word' id='word_1_26' title='bbox 639 741 758 810; x_wconf 82' lang='grc' dir='ltr'>Ἐκεῖνος</span> <span class='ocrx_word' id='word_1_27' title='bbox 769 743 857 809; x_wconf 82' lang='grc' dir='ltr'>καλῶς</span> <span class='ocrx_word' id='word_1_28' title='bbox 872 749 940 822; x_wconf 86' lang='grc' dir='ltr'>θρη-</span> <span class='ocrx_word' id='word_1_29' title='bbox 993 744 1066 805; x_wconf 76' lang='lat' dir='ltr'><strong>dixit</strong></span> <span class='ocrx_word' id='word_1_30' title='bbox 1085 748 1127 806; x_wconf 89' lang='lat' dir='ltr'><strong>De</strong></span> <span class='ocrx_word' id='word_1_31' title='bbox 1150 746 1337 817; x_wconf 85' lang='lat' dir='ltr'><strong>morientibus,</strong></span> <span class='ocrx_word' id='word_1_32' title='bbox 1354 746 1402 807; x_wconf 89' lang='lat' dir='ltr'><strong>sed</strong></span> <span class='ocrx_word' id='word_1_33' title='bbox 1426 749 1473 806; x_wconf 88' lang='lat' dir='ltr'><strong>De</strong></span> <span class='ocrx_word' id='word_1_34' title='bbox 1487 749 1709 826; x_wconf 79' lang='lat' dir='ltr'><em>dormientibus,</em></span> 
     </span>
     <span class='ocr_line' id='line_1_4' title="bbox 162 831 1711 917; baseline 0.005 -26"><span class='ocrx_word' id='word_1_35' title='bbox 162 843 208 905; x_wconf 84' lang='grc' dir='ltr'>νεῖ,</span> <span class='ocrx_word' id='word_1_36' title='bbox 222 834 267 891; x_wconf 72' lang='lat' dir='ltr'><strong>ire</strong></span> <span class='ocrx_word' id='word_1_37' title='bbox 282 831 351 912; x_wconf 77' lang='grc' dir='ltr'>περί</span> <span class='ocrx_word' id='word_1_38' title='bbox 374 836 433 891; x_wconf 75' lang='grc' dir='ltr'><strong>τῶν</strong></span> <span class='ocrx_word' id='word_1_39' title='bbox 444 832 596 908; x_wconf 80' lang='grc' dir='ltr'>μελλόντων</span> <span class='ocrx_word' id='word_1_40' title='bbox 607 832 690 911; x_wconf 72' lang='grc' dir='ltr'>μηδὲν</span> <span class='ocrx_word' id='word_1_41' title='bbox 702 832 845 911; x_wconf 84' lang='grc' dir='ltr'>δυνάμενος</span> <span class='ocrx_word' id='word_1_42' title='bbox 864 837 939 914; x_wconf 82' lang='grc' dir='ltr'>φιλο·</span> <span class='ocrx_word' id='word_1_43' title='bbox 994 858 1118 896; x_wconf 90' lang='lat' dir='ltr'><strong>somnum</strong></span> <span class='ocrx_word' id='word_1_44' title='bbox 1131 858 1187 896; x_wconf 90' lang='lat' dir='ltr'><strong>esse</strong></span> <span class='ocrx_word' id='word_1_45' title='bbox 1199 851 1312 896; x_wconf 92' lang='lat' dir='ltr'><strong>mortem</strong></span> <span class='ocrx_word' id='word_1_46' title='bbox 1326 839 1478 898; x_wconf 83' lang='lat' dir='ltr'><strong>ostendens.</strong></span> <span class='ocrx_word' id='word_1_47' title='bbox 1497 841 1535 898; x_wconf 92' lang='lat' dir='ltr'><strong>Ut</strong></span> <span class='ocrx_word' id='word_1_48' title='bbox 1549 839 1633 917; x_wconf 81' lang='lat' dir='ltr'><strong>igitur</strong></span> <span class='ocrx_word' id='word_1_49' title='bbox 1647 860 1711 899; x_wconf 89' lang='lat' dir='ltr'><strong>cum</strong></span> 
     </span>
     <span class='ocr_line' id='line_1_5' title="bbox 163 921 1711 1009; baseline 0.005 -27"><span class='ocrx_word' id='word_1_50' title='bbox 163 934 258 1003; x_wconf 78' lang='grc' dir='ltr'>σορείν·</span> <span class='ocrx_word' id='word_1_51' title='bbox 275 922 310 983; x_wconf 74' lang='grc' dir='ltr'><strong>σὺ</strong></span> <span class='ocrx_word' id='word_1_52' title='bbox 327 921 359 982; x_wconf 72' lang='lat' dir='ltr'><strong>ot</strong></span> <span class='ocrx_word' id='word_1_53' title='bbox 372 927 389 982; x_wconf 86' lang='grc' dir='ltr'>δ</span> <span class='ocrx_word' id='word_1_54' title='bbox 404 922 539 989; x_wconf 79' lang='grc' dir='ltr'>τοσαύτας</span> <span class='ocrx_word' id='word_1_55' title='bbox 549 923 641 983; x_wconf 79' lang='grc' dir='ltr'>λαόὼν</span> <span class='ocrx_word' id='word_1_56' title='bbox 652 923 796 993; x_wconf 76' lang='grc' dir='ltr'>ἀποδείξεις</span> <span class='ocrx_word' id='word_1_57' title='bbox 815 925 877 1007; x_wconf 79' lang='grc' dir='ltr'>περί</span> <span class='ocrx_word' id='word_1_58' title='bbox 893 930 942 995; x_wconf 71' lang='grc' dir='ltr'>τῆς</span> <span class='ocrx_word' id='word_1_59' title='bbox 960 943 978 988; x_wconf 82' lang='grc' dir='ltr'>Ε</span> <span class='ocrx_word' id='word_1_60' title='bbox 994 929 1113 988; x_wconf 89' lang='lat' dir='ltr'><strong>dormire</strong></span> <span class='ocrx_word' id='word_1_61' title='bbox 1128 928 1272 1007; x_wconf 81' lang='lat' dir='ltr'><strong>quemdam</strong></span> <span class='ocrx_word' id='word_1_62' title='bbox 1284 929 1420 1005; x_wconf 89' lang='lat' dir='ltr'><strong>videmus,</strong></span> <span class='ocrx_word' id='word_1_63' title='bbox 1434 951 1487 988; x_wconf 91' lang='lat' dir='ltr'><strong>non</strong></span> <span class='ocrx_word' id='word_1_64' title='bbox 1498 930 1651 1009; x_wconf 88' lang='lat' dir='ltr'><strong>turbamur,</strong></span> <span class='ocrx_word' id='word_1_65' title='bbox 1664 951 1711 989; x_wconf 91' lang='lat' dir='ltr'><strong>ne-</strong></span> 
     </span>
     <span class='ocr_line' id='line_1_6' title="bbox 165 1015 1711 1099; baseline 0.003 -23"><span class='ocrx_word' id='word_1_66' title='bbox 165 1018 224 1095; x_wconf 76' lang='grc' dir='ltr'>μνιδ</span> <span class='ocrx_word' id='word_1_67' title='bbox 240 1023 329 1076; x_wconf 81' lang='grc' dir='ltr'>ταῦτα</span> <span class='ocrx_word' id='word_1_68' title='bbox 349 1018 441 1086; x_wconf 77' lang='grc' dir='ltr'>ζωῆς,</span> <span class='ocrx_word' id='word_1_69' title='bbox 453 1016 525 1082; x_wconf 84' lang='grc' dir='ltr'>τίνος</span> <span class='ocrx_word' id='word_1_70' title='bbox 546 1015 633 1075; x_wconf 72' lang='grc' dir='ltr'>ἕνεκεν</span> <span class='ocrx_word' id='word_1_71' title='bbox 654 1019 692 1085; x_wconf 83' lang='grc' dir='ltr'><strong>εἰς</strong></span> <span class='ocrx_word' id='word_1_72' title='bbox 704 1015 753 1088; x_wconf 81' lang='grc' dir='ltr'><strong>τλν</strong></span> <span class='ocrx_word' id='word_1_73' title='bbox 768 1015 849 1088; x_wconf 68' lang='grc' dir='ltr'>αὐτὴν</span> <span class='ocrx_word' id='word_1_74' title='bbox 864 1017 941 1076; x_wconf 74' lang='lat' dir='ltr'><strong>teot-</strong></span> <span class='ocrx_word' id='word_1_75' title='bbox 995 1040 1047 1097; x_wconf 91' lang='lat' dir='ltr'><strong>que</strong></span> <span class='ocrx_word' id='word_1_76' title='bbox 1061 1041 1172 1079; x_wconf 85' lang='lat' dir='ltr'><strong>moerore</strong></span> <span class='ocrx_word' id='word_1_77' title='bbox 1185 1020 1329 1094; x_wconf 83' lang='lat' dir='ltr'><strong>allicimur,</strong></span> <span class='ocrx_word' id='word_1_78' title='bbox 1344 1020 1423 1078; x_wconf 89' lang='lat' dir='ltr'><strong>illum</strong></span> <span class='ocrx_word' id='word_1_79' title='bbox 1444 1020 1522 1099; x_wconf 90' lang='lat' dir='ltr'><strong>plane</strong></span> <span class='ocrx_word' id='word_1_80' title='bbox 1543 1035 1711 1081; x_wconf 88' lang='lat' dir='ltr'><strong>resurrectu-</strong></span> 
     </span>
     <span class='ocr_line' id='line_1_7' title="bbox 163 1106 1711 1190; baseline 0.002 -24"><span class='ocrx_word' id='word_1_81' title='bbox 163 1134 226 1170; x_wconf 73' lang='lat' dir='ltr'><strong>ms</strong></span> <span class='ocrx_word' id='word_1_82' title='bbox 239 1106 336 1187; x_wconf 72' lang='grc' dir='ltr'>ἐκείνω</span> <span class='ocrx_word' id='word_1_83' title='bbox 357 1106 557 1180; x_wconf 74' lang='grc' dir='ltr'>καταπίοι-ταις,</span> <span class='ocrx_word' id='word_1_84' title='bbox 572 1108 625 1166; x_wconf 77' lang='grc' dir='ltr'>Διά</span> <span class='ocrx_word' id='word_1_85' title='bbox 646 1106 724 1166; x_wconf 83' lang='grc' dir='ltr'>τοῦτό</span> <span class='ocrx_word' id='word_1_86' title='bbox 740 1107 942 1188; x_wconf 77' lang='grc' dir='ltr'>ρηοι,Περίδὲ</span> <span class='ocrx_word' id='word_1_87' title='bbox 994 1130 1056 1169; x_wconf 88' lang='lat' dir='ltr'><strong>rum</strong></span> <span class='ocrx_word' id='word_1_88' title='bbox 1070 1125 1206 1190; x_wconf 82' lang='lat' dir='ltr'><strong>sperantes</strong></span> <span class='ocrx_word' id='word_1_89' title='bbox 1225 1110 1276 1168; x_wconf 88' lang='lat' dir='ltr'><strong>:ita</strong></span> <span class='ocrx_word' id='word_1_90' title='bbox 1292 1131 1354 1168; x_wconf 91' lang='lat' dir='ltr'><strong>cum</strong></span> <span class='ocrx_word' id='word_1_91' title='bbox 1377 1124 1490 1169; x_wconf 89' lang='lat' dir='ltr'><strong>mortem</strong></span> <span class='ocrx_word' id='word_1_92' title='bbox 1503 1111 1603 1169; x_wconf 90' lang='lat' dir='ltr'><strong>obiisse</strong></span> <span class='ocrx_word' id='word_1_93' title='bbox 1618 1132 1711 1189; x_wconf 90' lang='lat' dir='ltr'><strong>quem-</strong></span> 
     </span>
     <span class='ocr_line' id='line_1_8' title="bbox 165 1197 1710 1282; baseline 0 -21"><span class='ocrx_word' id='word_1_94' title='bbox 165 1197 431 1277; x_wconf 68' lang='grc' dir='ltr'>ὤιαειιοιμημύνων</span> <span class='ocrx_word' id='word_1_95' title='bbox 444 1200 477 1256; x_wconf 81' lang='grc' dir='ltr'>οὐ</span> <span class='ocrx_word' id='word_1_96' title='bbox 496 1199 605 1277; x_wconf 79' lang='grc' dir='ltr'>θέλομεν</span> <span class='ocrx_word' id='word_1_97' title='bbox 625 1202 693 1276; x_wconf 77' lang='grc' dir='ltr'>ὑμᾶς</span> <span class='ocrx_word' id='word_1_98' title='bbox 716 1202 834 1278; x_wconf 77' lang='grc' dir='ltr'>ἀγνοεῖν,</span> <span class='ocrx_word' id='word_1_99' title='bbox 844 1199 887 1258; x_wconf 87' lang='grc' dir='ltr'><strong>ίνα</strong></span> <span class='ocrx_word' id='word_1_100' title='bbox 904 1200 941 1277; x_wconf 80' lang='grc' dir='ltr'>μὴ</span> <span class='ocrx_word' id='word_1_101' title='bbox 993 1200 1057 1259; x_wconf 84' lang='lat' dir='ltr'><strong>dam</strong></span> <span class='ocrx_word' id='word_1_102' title='bbox 1071 1201 1204 1279; x_wconf 88' lang='lat' dir='ltr'><strong>videmus,</strong></span> <span class='ocrx_word' id='word_1_103' title='bbox 1220 1201 1290 1259; x_wconf 87' lang='lat' dir='ltr'><strong>nihil</strong></span> <span class='ocrx_word' id='word_1_104' title='bbox 1305 1201 1507 1282; x_wconf 82' lang='lat' dir='ltr'><strong>perturbemur,</strong></span> <span class='ocrx_word' id='word_1_105' title='bbox 1523 1221 1609 1279; x_wconf 88' lang='lat' dir='ltr'><strong>neque</strong></span> <span class='ocrx_word' id='word_1_106' title='bbox 1620 1202 1710 1261; x_wconf 87' lang='lat' dir='ltr'><strong>animo</strong></span> 
     </span>
     <span class='ocr_line' id='line_1_9' title="bbox 164 1287 1709 1371; baseline 0.003 -23"><span class='ocrx_word' id='word_1_107' title='bbox 164 1294 275 1361; x_wconf 75' lang='grc' dir='ltr'>λυπῆσθε</span> <span class='ocrx_word' id='word_1_108' title='bbox 285 1295 325 1357; x_wconf 79' lang='grc' dir='ltr'><strong>ὡς</strong></span> <span class='ocrx_word' id='word_1_109' title='bbox 340 1290 391 1349; x_wconf 82' lang='grc' dir='ltr'><strong>καὶ</strong></span> <span class='ocrx_word' id='word_1_110' title='bbox 408 1293 435 1349; x_wconf 82' lang='grc' dir='ltr'>οἱ</span> <span class='ocrx_word' id='word_1_111' title='bbox 452 1290 541 1349; x_wconf 83' lang='grc' dir='ltr'>λοιποί</span> <span class='ocrx_word' id='word_1_112' title='bbox 554 1295 580 1350; x_wconf 87' lang='lat' dir='ltr'><strong>ol</strong></span> <span class='ocrx_word' id='word_1_113' title='bbox 594 1289 632 1369; x_wconf 74' lang='grc' dir='ltr'><strong>μή</strong></span> <span class='ocrx_word' id='word_1_114' title='bbox 647 1291 750 1371; x_wconf 79' lang='grc' dir='ltr'>ἔχοντες</span> <span class='ocrx_word' id='word_1_115' title='bbox 765 1292 870 1351; x_wconf 73' lang='grc' dir='ltr'>ἐλπίδα.</span> <span class='ocrx_word' id='word_1_116' title='bbox 884 1295 943 1352; x_wconf 82' lang='grc' dir='ltr'><strong>Οὔκ</strong></span> <span class='ocrx_word' id='word_1_117' title='bbox 994 1287 1166 1351; x_wconf 85' lang='lat' dir='ltr'><strong>concidamus</strong></span> <span class='ocrx_word' id='word_1_118' title='bbox 1176 1292 1324 1370; x_wconf 81' lang='lat' dir='ltr'><strong>:siquidem</strong></span> <span class='ocrx_word' id='word_1_119' title='bbox 1346 1292 1398 1351; x_wconf 87' lang='lat' dir='ltr'><strong>hoc</strong></span> <span class='ocrx_word' id='word_1_120' title='bbox 1413 1313 1520 1370; x_wconf 91' lang='lat' dir='ltr'><strong>quoque</strong></span> <span class='ocrx_word' id='word_1_121' title='bbox 1534 1313 1642 1352; x_wconf 89' lang='lat' dir='ltr'><strong>somnus</strong></span> <span class='ocrx_word' id='word_1_122' title='bbox 1651 1307 1691 1352; x_wconf 87' lang='lat' dir='ltr'><strong>est</strong></span> <span class='ocrx_word' id='word_1_123' title='bbox 1699 1317 1709 1370; x_wconf 80' lang='lat'><em>3</em></span> 
     </span>
     <span class='ocr_line' id='line_1_10' title="bbox 165 1377 1712 1463; baseline 0.001 -22"><span class='ocrx_word' id='word_1_124' title='bbox 165 1379 432 1452; x_wconf 70' lang='grc' dir='ltr'>ἀαδτξςίίαινῆςδλ</span> <span class='ocrx_word' id='word_1_125' title='bbox 448 1380 538 1458; x_wconf 88' lang='grc' dir='ltr'>μόνον,</span> <span class='ocrx_word' id='word_1_126' title='bbox 552 1379 677 1440; x_wconf 75' lang='grc' dir='ltr'>ἀλλὰκαὶ</span> <span class='ocrx_word' id='word_1_127' title='bbox 691 1382 746 1441; x_wconf 87' lang='grc' dir='ltr'><strong>ἀπδ</strong></span> <span class='ocrx_word' id='word_1_128' title='bbox 758 1387 805 1454; x_wconf 79' lang='grc' dir='ltr'><strong>τῆς</strong></span> <span class='ocrx_word' id='word_1_129' title='bbox 818 1384 942 1450; x_wconf 77' lang='grc' dir='ltr'>Παλαιάς</span> <span class='ocrx_word' id='word_1_130' title='bbox 993 1383 1128 1463; x_wconf 87' lang='lat' dir='ltr'><strong>prolixior</strong></span> <span class='ocrx_word' id='word_1_131' title='bbox 1151 1383 1279 1460; x_wconf 88' lang='lat' dir='ltr'><strong>quidem,</strong></span> <span class='ocrx_word' id='word_1_132' title='bbox 1293 1382 1341 1442; x_wconf 90' lang='lat' dir='ltr'><strong>sed</strong></span> <span class='ocrx_word' id='word_1_133' title='bbox 1364 1396 1451 1441; x_wconf 90' lang='lat' dir='ltr'><strong>tamen</strong></span> <span class='ocrx_word' id='word_1_134' title='bbox 1476 1377 1594 1443; x_wconf 84' lang='lat' dir='ltr'><strong>somnus.</strong></span> <span class='ocrx_word' id='word_1_135' title='bbox 1616 1384 1712 1463; x_wconf 88' lang='lat' dir='ltr'><strong>ltaque</strong></span> 
     </span>
     <span class='ocr_line' id='line_1_11' title="bbox 165 1471 1711 1554; baseline 0.002 -23"><span class='ocrx_word' id='word_1_136' title='bbox 165 1472 246 1544; x_wconf 68' lang='grc' dir='ltr'>ίααντζν</span> <span class='ocrx_word' id='word_1_137' title='bbox 262 1476 325 1531; x_wconf 76' lang='grc' dir='ltr'>ἐστι</span> <span class='ocrx_word' id='word_1_138' title='bbox 342 1471 732 1551; x_wconf 71' lang='grc' dir='ltr'>λαόεὶνπαραμυθίαν.”οταν</span> <span class='ocrx_word' id='word_1_139' title='bbox 753 1473 805 1553; x_wconf 74' lang='grc' dir='ltr'>γὰρ</span> <span class='ocrx_word' id='word_1_140' title='bbox 827 1473 943 1554; x_wconf 76' lang='grc' dir='ltr'>ἀκούσῃς</span> <span class='ocrx_word' id='word_1_141' title='bbox 993 1474 1163 1534; x_wconf 78' lang='lat' dir='ltr'><strong>dormitionis</strong></span> <span class='ocrx_word' id='word_1_142' title='bbox 1176 1476 1283 1534; x_wconf 89' lang='lat' dir='ltr'><strong>nomine</strong></span> <span class='ocrx_word' id='word_1_143' title='bbox 1301 1476 1422 1553; x_wconf 84' lang='lat' dir='ltr'><strong>lugentes</strong></span> <span class='ocrx_word' id='word_1_144' title='bbox 1443 1474 1593 1533; x_wconf 85' lang='lat' dir='ltr'><strong>consolatus</strong></span> <span class='ocrx_word' id='word_1_145' title='bbox 1606 1489 1711 1550; x_wconf 88' lang='lat' dir='ltr'><strong>est,ae·</strong></span> 
     </span>
     <span class='ocr_line' id='line_1_12' title="bbox 165 1561 1711 1643; baseline 0.004 -23"><span class='ocrx_word' id='word_1_146' title='bbox 165 1562 277 1621; x_wconf 66' lang='grc' dir='ltr'>τοῖἸὼό</span> <span class='ocrx_word' id='word_1_147' title='bbox 296 1561 372 1638; x_wconf 80' lang='grc' dir='ltr'><strong>μετά</strong></span> <span class='ocrx_word' id='word_1_148' title='bbox 391 1561 443 1634; x_wconf 76' lang='grc' dir='ltr'><strong>τὴν</strong></span> <span class='ocrx_word' id='word_1_149' title='bbox 471 1567 525 1622; x_wconf 81' lang='grc' dir='ltr'><strong>τῶν</strong></span> <span class='ocrx_word' id='word_1_150' title='bbox 543 1562 692 1642; x_wconf 76' lang='grc' dir='ltr'>χρημάτων</span> <span class='ocrx_word' id='word_1_151' title='bbox 717 1563 862 1638; x_wconf 71' lang='grc' dir='ltr'>ἀποόολὴν,</span> <span class='ocrx_word' id='word_1_152' title='bbox 874 1565 942 1643; x_wconf 76' lang='grc' dir='ltr'>μετὰ</span> <span class='ocrx_word' id='word_1_153' title='bbox 993 1567 1158 1627; x_wconf 80' lang='lat' dir='ltr'><strong>cusationem</strong></span> <span class='ocrx_word' id='word_1_154' title='bbox 1177 1583 1268 1627; x_wconf 85' lang='lat' dir='ltr'><strong>autem</strong></span> <span class='ocrx_word' id='word_1_155' title='bbox 1290 1567 1442 1626; x_wconf 85' lang='lat' dir='ltr'><strong>infidelium</strong></span> <span class='ocrx_word' id='word_1_156' title='bbox 1461 1564 1597 1625; x_wconf 77' lang='lat' dir='ltr'><strong>refutavit.</strong></span> <span class='ocrx_word' id='word_1_157' title='bbox 1616 1566 1648 1625; x_wconf 89' lang='lat' dir='ltr'><strong>Si</strong></span> <span class='ocrx_word' id='word_1_158' title='bbox 1663 1567 1711 1626; x_wconf 91' lang='lat' dir='ltr'><strong>de·</strong></span> 
     </span>
     <span class='ocr_line' id='line_1_13' title="bbox 164 1653 1713 1740; baseline 0.005 -29"><span class='ocrx_word' id='word_1_159' title='bbox 164 1655 269 1726; x_wconf 68' lang='grc' dir='ltr'>τίντάιν</span> <span class='ocrx_word' id='word_1_160' title='bbox 285 1654 441 1732; x_wconf 81' lang='grc' dir='ltr'>βυυαολίων</span> <span class='ocrx_word' id='word_1_161' title='bbox 460 1653 608 1727; x_wconf 80' lang='grc' dir='ltr'>ἀπώλειαν,</span> <span class='ocrx_word' id='word_1_162' title='bbox 624 1659 673 1734; x_wconf 75' lang='lat' dir='ltr'><strong>o’os</strong></span> <span class='ocrx_word' id='word_1_163' title='bbox 694 1657 740 1715; x_wconf 81' lang='grc' dir='ltr'><strong>ἀνα</strong></span> <span class='ocrx_word' id='word_1_164' title='bbox 762 1657 808 1716; x_wconf 81' lang='grc' dir='ltr'><strong>καί</strong></span> <span class='ocrx_word' id='word_1_165' title='bbox 830 1656 876 1715; x_wconf 90' lang='grc' dir='ltr'>δύο</span> <span class='ocrx_word' id='word_1_166' title='bbox 897 1657 942 1716; x_wconf 80' lang='grc' dir='ltr'><strong>καί</strong></span> <span class='ocrx_word' id='word_1_167' title='bbox 994 1658 1117 1717; x_wconf 83' lang='lat' dir='ltr'><strong>sunctum</strong></span> <span class='ocrx_word' id='word_1_168' title='bbox 1147 1659 1316 1740; x_wconf 86' lang='lat' dir='ltr'><strong>impatienter</strong></span> <span class='ocrx_word' id='word_1_169' title='bbox 1347 1658 1435 1737; x_wconf 79' lang='lat' dir='ltr'><strong>luges,</strong></span> <span class='ocrx_word' id='word_1_170' title='bbox 1469 1656 1608 1716; x_wconf 83' lang='lat' dir='ltr'><strong>infidelem</strong></span> <span class='ocrx_word' id='word_1_171' title='bbox 1633 1657 1713 1719; x_wconf 86' lang='lat' dir='ltr'><strong>illum</strong></span> 
     </span>
     <span class='ocr_line' id='line_1_14' title="bbox 165 1744 1712 1861; baseline 0.003 -58"><span class='ocrx_word' id='word_1_172' title='bbox 165 1755 235 1861; x_wconf 72' lang='lat' dir='ltr'><strong>epte,</strong></span> <span class='ocrx_word' id='word_1_173' title='bbox 248 1747 312 1804; x_wconf 87' lang='grc' dir='ltr'>ἀλλ’</span> <span class='ocrx_word' id='word_1_174' title='bbox 328 1744 482 1826; x_wconf 81' lang='grc' dir='ltr'>ὁλόκληρον</span> <span class='ocrx_word' id='word_1_175' title='bbox 507 1747 589 1825; x_wconf 78' lang='grc' dir='ltr'>χορδν</span> <span class='ocrx_word' id='word_1_176' title='bbox 606 1747 775 1808; x_wconf 77' lang='grc' dir='ltr'>ἀποόαλόντα</span> <span class='ocrx_word' id='word_1_177' title='bbox 794 1748 896 1809; x_wconf 81' lang='grc' dir='ltr'>παίδων</span> <span class='ocrx_word' id='word_1_178' title='bbox 916 1753 942 1809; x_wconf 76' lang='grc' dir='ltr'><strong>ἰν</strong></span> <span class='ocrx_word' id='word_1_179' title='bbox 995 1749 1120 1828; x_wconf 86' lang='lat' dir='ltr'><strong>imitaris,</strong></span> <span class='ocrx_word' id='word_1_180' title='bbox 1146 1752 1193 1831; x_wconf 90' lang='lat' dir='ltr'><strong>qui</strong></span> <span class='ocrx_word' id='word_1_181' title='bbox 1220 1750 1421 1810; x_wconf 87' lang='lat' dir='ltr'><strong>resurrectionis</strong></span> <span class='ocrx_word' id='word_1_182' title='bbox 1444 1750 1525 1808; x_wconf 87' lang='lat' dir='ltr'><strong>fidem</strong></span> <span class='ocrx_word' id='word_1_183' title='bbox 1549 1748 1712 1809; x_wconf 85' lang='lat' dir='ltr'><strong>nonhabet.</strong></span> 
     </span>
     <span class='ocr_line' id='line_1_15' title="bbox 167 1836 1854 1928; baseline 0.003 -32"><span class='ocrx_word' id='word_1_184' title='bbox 167 1841 225 1914; x_wconf 76' lang='grc' dir='ltr'>π’πῷ</span> <span class='ocrx_word' id='word_1_185' title='bbox 244 1840 295 1906; x_wconf 75' lang='grc' dir='ltr'><strong>τῆς</strong></span> <span class='ocrx_word' id='word_1_186' title='bbox 312 1836 489 1907; x_wconf 75' lang='grc' dir='ltr'>ἡλιαίας”</span> <span class='ocrx_word' id='word_1_187' title='bbox 452 1860 492 1915; x_wconf 81' lang='grc' dir='ltr'><strong>τιρ</strong></span> <span class='ocrx_word' id='word_1_188' title='bbox 517 1837 606 1908; x_wconf 76' lang='grc' dir='ltr'>ἄνθει,</span> <span class='ocrx_word' id='word_1_189' title='bbox 628 1840 696 1916; x_wconf 72' lang='grc' dir='ltr'>μετὰ</span> <span class='ocrx_word' id='word_1_190' title='bbox 715 1840 845 1914; x_wconf 82' lang='grc' dir='ltr'>τοσαύτην</span> <span class='ocrx_word' id='word_1_191' title='bbox 856 1843 984 1928; x_wconf 57' lang='grc' dir='ltr'>ψυχῆςγ,</span> <span class='ocrx_word' id='word_1_192' title='bbox 996 1842 1045 1901; x_wconf 93' lang='lat' dir='ltr'><strong>llle</strong></span> <span class='ocrx_word' id='word_1_193' title='bbox 1054 1856 1125 1902; x_wconf 89' lang='lat' dir='ltr'><strong>recte</strong></span> <span class='ocrx_word' id='word_1_194' title='bbox 1134 1843 1218 1922; x_wconf 80' lang='lat' dir='ltr'><strong>luget</strong></span> <span class='ocrx_word' id='word_1_195' title='bbox 1227 1856 1320 1923; x_wconf 90' lang='lat' dir='ltr'><strong>utpote</strong></span> <span class='ocrx_word' id='word_1_196' title='bbox 1330 1863 1377 1920; x_wconf 86' lang='lat' dir='ltr'><strong>qur</strong></span> <span class='ocrx_word' id='word_1_197' title='bbox 1370 1840 1461 1900; x_wconf 86' lang='lat' dir='ltr'><strong>nrlul</strong></span> <span class='ocrx_word' id='word_1_198' title='bbox 1470 1840 1505 1901; x_wconf 89' lang='lat' dir='ltr'><strong>de</strong></span> <span class='ocrx_word' id='word_1_199' title='bbox 1518 1841 1599 1901; x_wconf 83' lang='lat' dir='ltr'><strong>rebus</strong></span> <span class='ocrx_word' id='word_1_200' title='bbox 1614 1839 1715 1901; x_wconf 82' lang='lat' dir='ltr'><strong>llrtnris</strong></span> <span class='ocrx_word' id='word_1_201' title='bbox 1848 1908 1854 1921; x_wconf 34' lang='grc' dir='ltr'>ι</span> 
     </span>
     <span class='ocr_line' id='line_1_16' title="bbox 167 1897 1816 2014; baseline 0.004 -30"><span class='ocrx_word' id='word_1_202' title='bbox 167 1897 310 2008; x_wconf 72' lang='grc' dir='ltr'>ἀρτίὴν,</span> <span class='ocrx_word' id='word_1_203' title='bbox 276 1950 329 1987; x_wconf 84' lang='grc' dir='ltr'><strong>ααν</strong></span> <span class='ocrx_word' id='word_1_204' title='bbox 342 1927 476 1986; x_wconf 79' lang='grc' dir='ltr'>ἁπάντων</span> <span class='ocrx_word' id='word_1_205' title='bbox 491 1927 674 2008; x_wconf 67' lang='lat' dir='ltr'><strong>interieram&lt;</strong></span> <span class='ocrx_word' id='word_1_206' title='bbox 683 1920 839 2010; x_wconf 75' lang='grc' dir='ltr'>ἦς,δυνιίση</span> <span class='ocrx_word' id='word_1_207' title='bbox 850 1931 945 2010; x_wconf 79' lang='grc' dir='ltr'>ῥαδίως</span> <span class='ocrx_word' id='word_1_208' title='bbox 962 1943 981 1988; x_wconf 81' lang='grc' dir='ltr'><strong>Α</strong></span> <span class='ocrx_word' id='word_1_209' title='bbox 996 1933 1182 2014; x_wconf 86' lang='lat' dir='ltr'><strong>philosophari</strong></span> <span class='ocrx_word' id='word_1_210' title='bbox 1199 1947 1293 2011; x_wconf 90' lang='lat' dir='ltr'><strong>queat:</strong></span> <span class='ocrx_word' id='word_1_211' title='bbox 1305 1947 1335 1992; x_wconf 91' lang='lat' dir='ltr'><strong>tu</strong></span> <span class='ocrx_word' id='word_1_212' title='bbox 1357 1952 1422 1992; x_wconf 81' lang='lat' dir='ltr'><strong>vero</strong></span> <span class='ocrx_word' id='word_1_213' title='bbox 1448 1932 1492 1991; x_wconf 91' lang='lat' dir='ltr'><strong>cui</strong></span> <span class='ocrx_word' id='word_1_214' title='bbox 1515 1945 1555 1991; x_wconf 95' lang='lat' dir='ltr'><strong>tot</strong></span> <span class='ocrx_word' id='word_1_215' title='bbox 1566 1931 1637 1991; x_wconf 78' lang='lat' dir='ltr'><strong>datae</strong></span> <span class='ocrx_word' id='word_1_216' title='bbox 1650 1944 1715 1991; x_wconf 86' lang='lat' dir='ltr'><strong>sunt</strong></span> <span class='ocrx_word' id='word_1_217' title='bbox 1766 1986 1771 1993; x_wconf 85' lang='grc'>,</span> <span class='ocrx_word' id='word_1_218' title='bbox 1813 1976 1816 1981; x_wconf 89' lang='grc'>-</span> 
     </span>
     <span class='ocr_line' id='line_1_17' title="bbox 168 2018 1716 2103; baseline 0.002 -24"><span class='ocrx_word' id='word_1_219' title='bbox 168 2020 246 2079; x_wconf 72' lang='grc' dir='ltr'>ἑαυτὸν</span> <span class='ocrx_word' id='word_1_220' title='bbox 260 2018 475 2090; x_wconf 63' lang='grc' dir='ltr'>ἀνακτήσασθαι</span> <span class='ocrx_word' id='word_1_221' title='bbox 489 2019 564 2078; x_wconf 82' lang='grc' dir='ltr'>ααλ’</span> <span class='ocrx_word' id='word_1_222' title='bbox 548 2029 704 2099; x_wconf 83' lang='grc' dir='ltr'>ανινεγκεῖν.</span> <span class='ocrx_word' id='word_1_223' title='bbox 719 2021 759 2081; x_wconf 79' lang='grc' dir='ltr'><strong>Σὺ</strong></span> <span class='ocrx_word' id='word_1_224' title='bbox 770 2024 917 2103; x_wconf 73' lang='grc' dir='ltr'>μὲνγὰρ,</span> <span class='ocrx_word' id='word_1_225' title='bbox 899 2049 965 2083; x_wconf 91' lang='grc' dir='ltr'><strong>αν·</strong></span> <span class='ocrx_word' id='word_1_226' title='bbox 996 2025 1031 2084; x_wconf 89' lang='lat' dir='ltr'><strong>de</strong></span> <span class='ocrx_word' id='word_1_227' title='bbox 1044 2026 1134 2084; x_wconf 85' lang='lat' dir='ltr'><strong>lutura</strong></span> <span class='ocrx_word' id='word_1_228' title='bbox 1144 2026 1201 2085; x_wconf 87' lang='lat' dir='ltr'><strong>rita</strong></span> <span class='ocrx_word' id='word_1_229' title='bbox 1211 2025 1459 2098; x_wconf 83' lang='lat' dir='ltr'><strong>demonstrationes,</strong></span> <span class='ocrx_word' id='word_1_230' title='bbox 1466 2044 1549 2103; x_wconf 85' lang='lat' dir='ltr'><strong>quam</strong></span> <span class='ocrx_word' id='word_1_231' title='bbox 1559 2025 1594 2082; x_wconf 94' lang='lat' dir='ltr'><strong>ob</strong></span> <span class='ocrx_word' id='word_1_232' title='bbox 1605 2044 1716 2082; x_wconf 84' lang='lat' dir='ltr'><strong>causam</strong></span> 
     </span>
     <span class='ocr_line' id='line_1_18' title="bbox 169 2110 1714 2195; baseline 0.005 -28"><span class='ocrx_word' id='word_1_233' title='bbox 169 2116 260 2190; x_wconf 80' lang='grc' dir='ltr'>θρωτι,</span> <span class='ocrx_word' id='word_1_234' title='bbox 275 2110 326 2168; x_wconf 72' lang='lat' dir='ltr'><strong>ml</strong></span> <span class='ocrx_word' id='word_1_235' title='bbox 340 2110 587 2190; x_wconf 77' lang='grc' dir='ltr'>παρηκολούθησας</span> <span class='ocrx_word' id='word_1_236' title='bbox 610 2115 789 2192; x_wconf 80' lang='grc' dir='ltr'>ἀρρωστοῦντι</span> <span class='ocrx_word' id='word_1_237' title='bbox 802 2138 841 2195; x_wconf 86' lang='grc' dir='ltr'>τῳ</span> <span class='ocrx_word' id='word_1_238' title='bbox 821 2114 945 2187; x_wconf 82' lang='grc' dir='ltr'>παιδί,</span> <span class='ocrx_word' id='word_1_239' title='bbox 996 2117 1024 2177; x_wconf 86' lang='grc' dir='ltr'><strong>ἰιι</strong></span> <span class='ocrx_word' id='word_1_240' title='bbox 1040 2118 1162 2177; x_wconf 88' lang='lat' dir='ltr'><strong>eamdem</strong></span> <span class='ocrx_word' id='word_1_241' title='bbox 1176 2139 1238 2177; x_wconf 89' lang='lat' dir='ltr'><strong>cum</strong></span> <span class='ocrx_word' id='word_1_242' title='bbox 1252 2117 1299 2176; x_wconf 90' lang='lat' dir='ltr'><strong>illo</strong></span> <span class='ocrx_word' id='word_1_243' title='bbox 1313 2116 1526 2176; x_wconf 88' lang='lat' dir='ltr'><strong>imbecillitatem</strong></span> <span class='ocrx_word' id='word_1_244' title='bbox 1540 2115 1714 2176; x_wconf 72' lang='lat' dir='ltr'><strong>devolveris?</strong></span> 
     </span>
     <span class='ocr_line' id='line_1_19' title="bbox 169 2194 1716 2290; baseline 0.004 -29"><span class='ocrx_word' id='word_1_245' title='bbox 169 2203 202 2261; x_wconf 78' lang='lat' dir='ltr'><strong>ui</strong></span> <span class='ocrx_word' id='word_1_246' title='bbox 213 2202 451 2279; x_wconf 72' lang='grc' dir='ltr'>κατακλινόμενον</span> <span class='ocrx_word' id='word_1_247' title='bbox 464 2201 511 2260; x_wconf 79' lang='grc' dir='ltr'>ἐπὶ</span> <span class='ocrx_word' id='word_1_248' title='bbox 524 2207 573 2274; x_wconf 74' lang='grc' dir='ltr'><strong>τῆς</strong></span> <span class='ocrx_word' id='word_1_249' title='bbox 586 2202 677 2274; x_wconf 80' lang='grc' dir='ltr'>κλίνης</span> <span class='ocrx_word' id='word_1_250' title='bbox 691 2194 756 2272; x_wconf 80' lang='grc' dir='ltr'>ιίδες</span> <span class='ocrx_word' id='word_1_251' title='bbox 766 2251 774 2279; x_wconf 97' lang='grc'><strong>,</strong></span> <span class='ocrx_word' id='word_1_252' title='bbox 786 2205 832 2264; x_wconf 81' lang='grc' dir='ltr'><strong>καὶ</strong></span> <span class='ocrx_word' id='word_1_253' title='bbox 844 2204 945 2285; x_wconf 82' lang='grc' dir='ltr'>ἔσχατα</span> <span class='ocrx_word' id='word_1_254' title='bbox 997 2212 1142 2290; x_wconf 80' lang='lat' dir='ltr'><strong>Propterea</strong></span> <span class='ocrx_word' id='word_1_255' title='bbox 1152 2210 1229 2284; x_wconf 85' lang='lat' dir='ltr'><strong>dicit,</strong></span> <span class='ocrx_word' id='word_1_256' title='bbox 1239 2212 1284 2269; x_wconf 88' lang='lat' dir='ltr'><strong>De</strong></span> <span class='ocrx_word' id='word_1_257' title='bbox 1294 2211 1504 2269; x_wconf 79' lang='lat' dir='ltr'><strong>dormientibus</strong></span> <span class='ocrx_word' id='word_1_258' title='bbox 1517 2209 1653 2267; x_wconf 80' lang='lat' dir='ltr'><strong>nolumus</strong></span> <span class='ocrx_word' id='word_1_259' title='bbox 1660 2228 1716 2267; x_wconf 84' lang='lat' dir='ltr'><strong>uos</strong></span> 
     </span>
     <span class='ocr_line' id='line_1_20' title="bbox 169 2292 1716 2380; baseline 0.005 -29"><span class='ocrx_word' id='word_1_260' title='bbox 169 2293 335 2375; x_wconf 64' lang='grc' dir='ltr'>ρθσγγύμτνον</span> <span class='ocrx_word' id='word_1_261' title='bbox 359 2293 475 2374; x_wconf 74' lang='grc' dir='ltr'>ῥήματα</span> <span class='ocrx_word' id='word_1_262' title='bbox 504 2292 638 2370; x_wconf 75' lang='grc' dir='ltr'>ἤκουσας,</span> <span class='ocrx_word' id='word_1_263' title='bbox 658 2295 704 2356; x_wconf 81' lang='grc' dir='ltr'><strong>καί</strong></span> <span class='ocrx_word' id='word_1_264' title='bbox 722 2295 770 2364; x_wconf 89' lang='grc' dir='ltr'>τδις</span> <span class='ocrx_word' id='word_1_265' title='bbox 793 2298 945 2365; x_wconf 84' lang='grc' dir='ltr'>τελευταίας</span> <span class='ocrx_word' id='word_1_266' title='bbox 997 2305 1143 2380; x_wconf 78' lang='lat' dir='ltr'><strong>ignorare,</strong></span> <span class='ocrx_word' id='word_1_267' title='bbox 1159 2315 1191 2361; x_wconf 95' lang='lat' dir='ltr'><strong>ut</strong></span> <span class='ocrx_word' id='word_1_268' title='bbox 1212 2323 1271 2360; x_wconf 90' lang='lat' dir='ltr'><strong>non</strong></span> <span class='ocrx_word' id='word_1_269' title='bbox 1290 2304 1515 2372; x_wconf 77' lang='lat' dir='ltr'><strong>contristemini,</strong></span> <span class='ocrx_word' id='word_1_270' title='bbox 1530 2304 1605 2359; x_wconf 89' lang='lat' dir='ltr'><strong>sieut</strong></span> <span class='ocrx_word' id='word_1_271' title='bbox 1619 2313 1648 2359; x_wconf 90' lang='lat' dir='ltr'><strong>et</strong></span> <span class='ocrx_word' id='word_1_272' title='bbox 1660 2322 1716 2358; x_wconf 87' lang='lat' dir='ltr'><strong>eoe-</strong></span> 
     </span>
     <span class='ocr_line' id='line_1_21' title="bbox 170 2384 1716 2475; baseline 0.001 -28"><span class='ocrx_word' id='word_1_273' title='bbox 170 2389 323 2448; x_wconf 79' lang='grc' dir='ltr'>ίναπνίοντα</span> <span class='ocrx_word' id='word_1_274' title='bbox 334 2384 481 2465; x_wconf 84' lang='grc' dir='ltr'>παρίστης</span> <span class='ocrx_word' id='word_1_275' title='bbox 492 2387 640 2462; x_wconf 74' lang='grc' dir='ltr'>ἀναπνοὰς,</span> <span class='ocrx_word' id='word_1_276' title='bbox 656 2389 700 2447; x_wconf 82' lang='grc' dir='ltr'><strong>καί</strong></span> <span class='ocrx_word' id='word_1_277' title='bbox 715 2391 832 2458; x_wconf 82' lang='grc' dir='ltr'>καθεῖλες</span> <span class='ocrx_word' id='word_1_278' title='bbox 846 2391 946 2469; x_wconf 83' lang='grc' dir='ltr'>δρθαλ-</span> <span class='ocrx_word' id='word_1_279' title='bbox 999 2397 1064 2466; x_wconf 89' lang='lat' dir='ltr'><strong>teri,</strong></span> <span class='ocrx_word' id='word_1_280' title='bbox 1083 2398 1134 2475; x_wconf 84' lang='lat' dir='ltr'><strong>qui</strong></span> <span class='ocrx_word' id='word_1_281' title='bbox 1152 2415 1231 2474; x_wconf 88' lang='lat' dir='ltr'><strong>spem</strong></span> <span class='ocrx_word' id='word_1_282' title='bbox 1255 2414 1313 2451; x_wconf 89' lang='lat' dir='ltr'><strong>nou</strong></span> <span class='ocrx_word' id='word_1_283' title='bbox 1339 2395 1459 2451; x_wconf 77' lang='lat' dir='ltr'><strong>liabent.</strong></span> <span class='ocrx_word' id='word_1_284' title='bbox 1478 2394 1571 2469; x_wconf 86' lang='lat' dir='ltr'><strong>Neque</strong></span> <span class='ocrx_word' id='word_1_285' title='bbox 1592 2412 1657 2451; x_wconf 84' lang='lat' dir='ltr'><strong>vero</strong></span> <span class='ocrx_word' id='word_1_286' title='bbox 1680 2411 1716 2449; x_wconf 86' lang='lat' dir='ltr'><strong>ex</strong></span> 
     </span>
     <span class='ocr_line' id='line_1_22' title="bbox 170 2479 1717 2561; baseline 0.001 -24"><span class='ocrx_word' id='word_1_287' title='bbox 170 2480 237 2556; x_wconf 72' lang='lat' dir='ltr'><strong>pole,</strong></span> <span class='ocrx_word' id='word_1_288' title='bbox 262 2479 313 2538; x_wconf 81' lang='grc' dir='ltr'><strong>καὶ</strong></span> <span class='ocrx_word' id='word_1_289' title='bbox 359 2479 535 2546; x_wconf 80' lang='grc' dir='ltr'>συνίαλεισας</span> <span class='ocrx_word' id='word_1_290' title='bbox 564 2480 672 2559; x_wconf 88' lang='grc' dir='ltr'>στόμα·</span> <span class='ocrx_word' id='word_1_291' title='bbox 703 2485 800 2551; x_wconf 71' lang='grc' dir='ltr'>ἐκεῖνος</span> <span class='ocrx_word' id='word_1_292' title='bbox 830 2482 858 2542; x_wconf 77' lang='grc' dir='ltr'><strong>δὲ</strong></span> <span class='ocrx_word' id='word_1_293' title='bbox 887 2482 945 2543; x_wconf 80' lang='grc' dir='ltr'>οὐδὲ</span> <span class='ocrx_word' id='word_1_294' title='bbox 999 2486 1077 2544; x_wconf 78' lang='lat' dir='ltr'><strong>Novo</strong></span> <span class='ocrx_word' id='word_1_295' title='bbox 1093 2483 1270 2561; x_wconf 89' lang='lat' dir='ltr'><strong>tantum,scd</strong></span> <span class='ocrx_word' id='word_1_296' title='bbox 1287 2483 1367 2542; x_wconf 90' lang='lat' dir='ltr'><strong>etiam</strong></span> <span class='ocrx_word' id='word_1_297' title='bbox 1382 2504 1417 2542; x_wconf 85' lang='lat' dir='ltr'><strong>ex</strong></span> <span class='ocrx_word' id='word_1_298' title='bbox 1427 2482 1521 2544; x_wconf 89' lang='lat' dir='ltr'><strong>Veteri</strong></span> <span class='ocrx_word' id='word_1_299' title='bbox 1542 2484 1717 2541; x_wconf 86' lang='lat' dir='ltr'><strong>Testamento</strong></span> 
     </span>
     <span class='ocr_line' id='line_1_23' title="bbox 170 2564 1719 2656; baseline 0.001 -28"><span class='ocrx_word' id='word_1_300' title='bbox 170 2571 277 2647; x_wconf 78' lang='grc' dir='ltr'>παρίστη</span> <span class='ocrx_word' id='word_1_301' title='bbox 293 2573 524 2652; x_wconf 62' lang='grc' dir='ltr'>ψινρορριγοθσι,</span> <span class='ocrx_word' id='word_1_302' title='bbox 546 2575 595 2630; x_wconf 83' lang='grc' dir='ltr'>οὐκ</span> <span class='ocrx_word' id='word_1_303' title='bbox 613 2564 679 2632; x_wconf 71' lang='grc' dir='ltr'>εἶδεν</span> <span class='ocrx_word' id='word_1_304' title='bbox 700 2574 870 2646; x_wconf 72' lang='grc' dir='ltr'>ἐκπνέοντας,</span> <span class='ocrx_word' id='word_1_305' title='bbox 888 2576 946 2633; x_wconf 88' lang='grc' dir='ltr'>ἀλλ’</span> <span class='ocrx_word' id='word_1_306' title='bbox 1000 2597 1141 2656; x_wconf 86' lang='lat' dir='ltr'><strong>possumus</strong></span> <span class='ocrx_word' id='word_1_307' title='bbox 1166 2575 1374 2635; x_wconf 86' lang='lat' dir='ltr'><strong>consolationem</strong></span> <span class='ocrx_word' id='word_1_308' title='bbox 1404 2572 1524 2632; x_wconf 87' lang='lat' dir='ltr'><strong>haurire.</strong></span> <span class='ocrx_word' id='word_1_309' title='bbox 1550 2573 1620 2631; x_wconf 91' lang='lat' dir='ltr'><strong>Cum</strong></span> <span class='ocrx_word' id='word_1_310' title='bbox 1645 2572 1719 2630; x_wconf 90' lang='lat' dir='ltr'><strong>euim</strong></span> 
     </span>
     <span class='ocr_line' id='line_1_24' title="bbox 170 2654 1719 2747; baseline 0.001 -27"><span class='ocrx_word' id='word_1_311' title='bbox 170 2654 311 2744; x_wconf 77' lang='grc' dir='ltr'>ιίςίγίνετυ</span> <span class='ocrx_word' id='word_1_312' title='bbox 330 2662 422 2742; x_wconf 80' lang='grc' dir='ltr'>πόρος</span> <span class='ocrx_word' id='word_1_313' title='bbox 440 2671 523 2722; x_wconf 74' lang='grc' dir='ltr'>πᾶσιν</span> <span class='ocrx_word' id='word_1_314' title='bbox 544 2669 562 2736; x_wconf 81' lang='grc' dir='ltr'><strong>ἡ</strong></span> <span class='ocrx_word' id='word_1_315' title='bbox 586 2664 674 2736; x_wconf 84' lang='grc' dir='ltr'>οίκία,</span> <span class='ocrx_word' id='word_1_316' title='bbox 695 2667 740 2725; x_wconf 79' lang='grc' dir='ltr'><strong>καί</strong></span> <span class='ocrx_word' id='word_1_317' title='bbox 765 2664 809 2726; x_wconf 76' lang='grc' dir='ltr'>ἐπὶ</span> <span class='ocrx_word' id='word_1_318' title='bbox 831 2669 878 2738; x_wconf 79' lang='grc' dir='ltr'><strong>τῆς</strong></span> <span class='ocrx_word' id='word_1_319' title='bbox 898 2667 947 2724; x_wconf 85' lang='grc' dir='ltr'><strong>αύ-</strong></span> <span class='ocrx_word' id='word_1_320' title='bbox 1000 2667 1054 2727; x_wconf 84' lang='lat' dir='ltr'><strong>tob</strong></span> <span class='ocrx_word' id='word_1_321' title='bbox 1062 2666 1141 2726; x_wconf 85' lang='lat' dir='ltr'><strong>audis</strong></span> <span class='ocrx_word' id='word_1_322' title='bbox 1155 2680 1216 2747; x_wconf 91' lang='lat' dir='ltr'><strong>post</strong></span> <span class='ocrx_word' id='word_1_323' title='bbox 1228 2664 1403 2747; x_wconf 85' lang='lat' dir='ltr'><strong>pecuniarum</strong></span> <span class='ocrx_word' id='word_1_324' title='bbox 1410 2664 1555 2743; x_wconf 86' lang='lat' dir='ltr'><strong>jacturam,</strong></span> <span class='ocrx_word' id='word_1_325' title='bbox 1563 2676 1623 2743; x_wconf 89' lang='lat' dir='ltr'><strong>post</strong></span> <span class='ocrx_word' id='word_1_326' title='bbox 1635 2663 1719 2722; x_wconf 91' lang='lat' dir='ltr'><strong>inter·</strong></span> 
     </span>
     <span class='ocr_line' id='line_1_25' title="bbox 170 2748 1718 2837; baseline -0.001 -25"><span class='ocrx_word' id='word_1_327' title='bbox 170 2760 206 2826; x_wconf 68' lang='grc' dir='ltr'><strong>τῆς</strong></span> <span class='ocrx_word' id='word_1_328' title='bbox 223 2754 365 2833; x_wconf 80' lang='grc' dir='ltr'>τραπέζης</span> <span class='ocrx_word' id='word_1_329' title='bbox 385 2751 533 2833; x_wconf 79' lang='grc' dir='ltr'>ἐγαίραλος</span> <span class='ocrx_word' id='word_1_330' title='bbox 554 2755 653 2832; x_wconf 80' lang='grc' dir='ltr'>ὁμοίοις</span> <span class='ocrx_word' id='word_1_331' title='bbox 670 2756 716 2816; x_wconf 81' lang='grc' dir='ltr'><strong>καλ</strong></span> <span class='ocrx_word' id='word_1_332' title='bbox 740 2748 807 2834; x_wconf 84' lang='grc' dir='ltr'>αἷμα</span> <span class='ocrx_word' id='word_1_333' title='bbox 821 2756 947 2837; x_wconf 79' lang='grc' dir='ltr'>ἀκίχυτο,</span> <span class='ocrx_word' id='word_1_334' title='bbox 1002 2753 1072 2813; x_wconf 91' lang='lat' dir='ltr'><strong>itum</strong></span> <span class='ocrx_word' id='word_1_335' title='bbox 1085 2768 1277 2825; x_wconf 88' lang='lat' dir='ltr'><strong>armentorum,</strong></span> <span class='ocrx_word' id='word_1_336' title='bbox 1297 2774 1350 2812; x_wconf 94' lang='lat' dir='ltr'><strong>non</strong></span> <span class='ocrx_word' id='word_1_337' title='bbox 1373 2773 1457 2810; x_wconf 90' lang='lat' dir='ltr'><strong>unum</strong></span> <span class='ocrx_word' id='word_1_338' title='bbox 1476 2766 1502 2810; x_wconf 89' lang='lat' dir='ltr'><strong>et</strong></span> <span class='ocrx_word' id='word_1_339' title='bbox 1517 2752 1595 2830; x_wconf 90' lang='lat' dir='ltr'><strong>duos,</strong></span> <span class='ocrx_word' id='word_1_340' title='bbox 1609 2774 1641 2812; x_wconf 88' lang='lat' dir='ltr'><strong>ac</strong></span> <span class='ocrx_word' id='word_1_341' title='bbox 1654 2766 1718 2827; x_wconf 90' lang='lat' dir='ltr'><strong>tres,</strong></span> 
     </span>
     <span class='ocr_line' id='line_1_26' title="bbox 169 2842 1720 2931; baseline -0.001 -25"><span class='ocrx_word' id='word_1_342' title='bbox 169 2848 202 2906; x_wconf 79' lang='lat' dir='ltr'><strong>ui</strong></span> <span class='ocrx_word' id='word_1_343' title='bbox 225 2846 316 2920; x_wconf 73' lang='grc' dir='ltr'>ξύλα,</span> <span class='ocrx_word' id='word_1_344' title='bbox 349 2845 399 2904; x_wconf 77' lang='grc' dir='ltr'><strong>καί</strong></span> <span class='ocrx_word' id='word_1_345' title='bbox 427 2845 564 2925; x_wconf 78' lang='grc' dir='ltr'>κέραμος,</span> <span class='ocrx_word' id='word_1_346' title='bbox 587 2848 633 2908; x_wconf 83' lang='grc' dir='ltr'><strong>καὶ</strong></span> <span class='ocrx_word' id='word_1_347' title='bbox 664 2849 753 2923; x_wconf 80' lang='grc' dir='ltr'>κόνις,</span> <span class='ocrx_word' id='word_1_348' title='bbox 780 2850 826 2908; x_wconf 79' lang='grc' dir='ltr'><strong>καί</strong></span> <span class='ocrx_word' id='word_1_349' title='bbox 854 2851 950 2931; x_wconf 84' lang='grc' dir='ltr'>σάρκες</span> <span class='ocrx_word' id='word_1_350' title='bbox 1001 2845 1194 2925; x_wconf 76' lang='lat' dir='ltr'><strong>sedinugrum</strong></span> <span class='ocrx_word' id='word_1_351' title='bbox 1204 2860 1301 2904; x_wconf 88' lang='lat' dir='ltr'><strong>coetum</strong></span> <span class='ocrx_word' id='word_1_352' title='bbox 1312 2844 1433 2904; x_wconf 86' lang='lat' dir='ltr'><strong>filiorum</strong></span> <span class='ocrx_word' id='word_1_353' title='bbox 1447 2842 1476 2903; x_wconf 89' lang='lat' dir='ltr'><strong>in</strong></span> <span class='ocrx_word' id='word_1_354' title='bbox 1490 2843 1548 2924; x_wconf 87' lang='lat' dir='ltr'><strong>ipso</strong></span> <span class='ocrx_word' id='word_1_355' title='bbox 1558 2844 1643 2904; x_wconf 79' lang='lat' dir='ltr'><strong>atatis</strong></span> <span class='ocrx_word' id='word_1_356' title='bbox 1653 2845 1720 2906; x_wconf 81' lang='lat' dir='ltr'><strong>llore</strong></span> 
     </span>
     <span class='ocr_line' id='line_1_27' title="bbox 170 2935 1720 3040; baseline 0.001 -45"><span class='ocrx_word' id='word_1_357' title='bbox 170 2938 399 3017; x_wconf 70' lang='grc' dir='ltr'>διατετμημέναι,</span> <span class='ocrx_word' id='word_1_358' title='bbox 431 2937 479 2996; x_wconf 79' lang='grc' dir='ltr'><strong>καί</strong></span> <span class='ocrx_word' id='word_1_359' title='bbox 504 2938 593 2998; x_wconf 82' lang='grc' dir='ltr'>πάντα</span> <span class='ocrx_word' id='word_1_360' title='bbox 616 2940 713 3019; x_wconf 80' lang='grc' dir='ltr'>ὁμοίως</span> <span class='ocrx_word' id='word_1_361' title='bbox 740 2941 857 3022; x_wconf 75' lang='grc' dir='ltr'>ἀφύρετο.</span> <span class='ocrx_word' id='word_1_362' title='bbox 876 2943 949 3002; x_wconf 87' lang='grc' dir='ltr'>Ἀλλ’</span> <span class='ocrx_word' id='word_1_363' title='bbox 1001 2938 1133 3016; x_wconf 86' lang='lat' dir='ltr'><strong>amisisse,</strong></span> <span class='ocrx_word' id='word_1_364' title='bbox 1148 2951 1208 3040; x_wconf 87' lang='lat' dir='ltr'><strong>post</strong></span> <span class='ocrx_word' id='word_1_365' title='bbox 1222 2951 1323 2996; x_wconf 85' lang='lat' dir='ltr'><strong>tantam</strong></span> <span class='ocrx_word' id='word_1_366' title='bbox 1336 2936 1421 2996; x_wconf 88' lang='lat' dir='ltr'><strong>animi</strong></span> <span class='ocrx_word' id='word_1_367' title='bbox 1438 2935 1577 3013; x_wconf 84' lang='lat' dir='ltr'><strong>virtutem,</strong></span> <span class='ocrx_word' id='word_1_368' title='bbox 1595 2937 1720 3015; x_wconf 83' lang='lat' dir='ltr'><strong>quamvis</strong></span> 
     </span>
     <span class='ocr_line' id='line_1_28' title="bbox 169 3027 1720 3115; baseline -0.003 -25"><span class='ocrx_word' id='word_1_369' title='bbox 169 3031 313 3109; x_wconf 78' lang='grc' dir='ltr'>ίμιοςμιτά</span> <span class='ocrx_word' id='word_1_370' title='bbox 332 3053 452 3090; x_wconf 83' lang='grc' dir='ltr'>τοιαυτα</span> <span class='ocrx_word' id='word_1_371' title='bbox 474 3028 519 3089; x_wconf 80' lang='grc' dir='ltr'><strong>καί</strong></span> <span class='ocrx_word' id='word_1_372' title='bbox 537 3039 654 3093; x_wconf 82' lang='grc' dir='ltr'>τοσαῦτα</span> <span class='ocrx_word' id='word_1_373' title='bbox 674 3035 723 3093; x_wconf 83' lang='grc' dir='ltr'>οὐκ</span> <span class='ocrx_word' id='word_1_374' title='bbox 737 3033 928 3115; x_wconf 77' lang='grc' dir='ltr'>ἐθρηνησιν,’</span> <span class='ocrx_word' id='word_1_375' title='bbox 902 3057 949 3094; x_wconf 88' lang='grc' dir='ltr'>ουκ</span> <span class='ocrx_word' id='word_1_376' title='bbox 1001 3029 1122 3088; x_wconf 88' lang='lat' dir='ltr'><strong>omnium</strong></span> <span class='ocrx_word' id='word_1_377' title='bbox 1141 3029 1178 3088; x_wconf 92' lang='lat' dir='ltr'><strong>sis</strong></span> <span class='ocrx_word' id='word_1_378' title='bbox 1192 3028 1407 3102; x_wconf 87' lang='lat' dir='ltr'><strong>infirmissimus,</strong></span> <span class='ocrx_word' id='word_1_379' title='bbox 1422 3027 1501 3085; x_wconf 79' lang='lat' dir='ltr'><strong>facile</strong></span> <span class='ocrx_word' id='word_1_380' title='bbox 1513 3041 1630 3108; x_wconf 77' lang='lat' dir='ltr'><strong>teipsum</strong></span> <span class='ocrx_word' id='word_1_381' title='bbox 1644 3029 1720 3087; x_wconf 88' lang='lat' dir='ltr'><strong>refo-</strong></span> 
     </span>
     <span class='ocr_line' id='line_1_29' title="bbox 169 3118 1719 3207; baseline -0.003 -24"><span class='ocrx_word' id='word_1_382' title='bbox 169 3123 395 3195; x_wconf 80' lang='grc' dir='ltr'>ἀτεδυσπέτηστν,</span> <span class='ocrx_word' id='word_1_383' title='bbox 410 3120 520 3182; x_wconf 80' lang='grc' dir='ltr'>ἀλλά’</span> <span class='ocrx_word' id='word_1_384' title='bbox 493 3145 519 3180; x_wconf 90' lang='grc' dir='ltr'><strong>τι</strong></span> <span class='ocrx_word' id='word_1_385' title='bbox 534 3146 632 3202; x_wconf 75' lang='grc' dir='ltr'>φησιν,</span> <span class='ocrx_word' id='word_1_386' title='bbox 647 3124 800 3207; x_wconf 89' lang='grc' dir='ltr'>ὉΚύριος</span> <span class='ocrx_word' id='word_1_387' title='bbox 810 3126 948 3197; x_wconf 61' lang='lat' dir='ltr'><strong>truteno</strong></span> <span class='ocrx_word' id='word_1_388' title='bbox 1001 3119 1094 3179; x_wconf 88' lang='lat' dir='ltr'><strong>cillare</strong></span> <span class='ocrx_word' id='word_1_389' title='bbox 1109 3118 1209 3200; x_wconf 88' lang='lat' dir='ltr'><strong>poteris</strong></span> <span class='ocrx_word' id='word_1_390' title='bbox 1229 3140 1261 3177; x_wconf 89' lang='lat' dir='ltr'><strong>ac</strong></span> <span class='ocrx_word' id='word_1_391' title='bbox 1282 3119 1399 3182; x_wconf 80' lang='lat' dir='ltr'><strong>relicere</strong></span> <span class='ocrx_word' id='word_1_392' title='bbox 1416 3119 1492 3177; x_wconf 71' lang='lat' dir='ltr'><strong>Nam</strong></span> <span class='ocrx_word' id='word_1_393' title='bbox 1515 3133 1545 3176; x_wconf 89' lang='lat' dir='ltr'><strong>tu</strong></span> <span class='ocrx_word' id='word_1_394' title='bbox 1567 3119 1719 3198; x_wconf 88' lang='lat' dir='ltr'><strong>quidem,o</strong></span> 
     </span>
     <span class='ocr_line' id='line_1_30' title="bbox 168 3206 1751 3297; baseline -0.002 -24"><span class='ocrx_word' id='word_1_395' title='bbox 168 3216 251 3297; x_wconf 72' lang='grc' dir='ltr'>Κύριος</span> <span class='ocrx_word' id='word_1_396' title='bbox 264 3212 417 3294; x_wconf 77' lang='grc' dir='ltr'>ἀφείλετο,</span> <span class='ocrx_word' id='word_1_397' title='bbox 429 3216 467 3281; x_wconf 74' lang='grc' dir='ltr'><strong>ὣς</strong></span> <span class='ocrx_word' id='word_1_398' title='bbox 481 3237 520 3271; x_wconf 91' lang='grc' dir='ltr'><strong>τω</strong></span> <span class='ocrx_word' id='word_1_399' title='bbox 500 3214 624 3297; x_wconf 76' lang='grc' dir='ltr'>”Κυρίρ</span> <span class='ocrx_word' id='word_1_400' title='bbox 637 3214 778 3287; x_wconf 74' lang='grc' dir='ltr'>ἔδοξεν,“</span> <span class='ocrx_word' id='word_1_401' title='bbox 750 3239 817 3276; x_wconf 73' lang='grc' dir='ltr'>ουτω</span> <span class='ocrx_word' id='word_1_402' title='bbox 830 3240 876 3276; x_wconf 73' lang='grc' dir='ltr'><strong>και</strong></span> <span class='ocrx_word' id='word_1_403' title='bbox 866 3215 985 3296; x_wconf 62' lang='lat' dir='ltr'><strong>{pi-B</strong></span> <span class='ocrx_word' id='word_1_404' title='bbox 1000 3208 1098 3285; x_wconf 89' lang='lat' dir='ltr'><strong>homo,</strong></span> <span class='ocrx_word' id='word_1_405' title='bbox 1111 3208 1319 3290; x_wconf 76' lang='lat' dir='ltr'><strong>agrotantifilio</strong></span> <span class='ocrx_word' id='word_1_406' title='bbox 1331 3206 1454 3283; x_wconf 79' lang='lat' dir='ltr'><strong>adfuisti,</strong></span> <span class='ocrx_word' id='word_1_407' title='bbox 1472 3208 1698 3270; x_wconf 89' lang='lat' dir='ltr'><strong>decumbentem</strong></span> <span class='ocrx_word' id='word_1_408' title='bbox 1690 3233 1719 3270; x_wconf 92' lang='lat' dir='ltr'><strong>1n</strong></span> <span class='ocrx_word' id='word_1_409' title='bbox 1749 3215 1751 3221; x_wconf 79' lang='grc'>’</span> 
     </span>
     <span class='ocr_line' id='line_1_31' title="bbox 167 3301 1719 3385; baseline -0.003 -19"><span class='ocrx_word' id='word_1_410' title='bbox 167 3329 229 3366; x_wconf 88' lang='grc' dir='ltr'>ατο·</span> <span class='ocrx_word' id='word_1_411' title='bbox 243 3306 288 3377; x_wconf 79' lang='grc' dir='ltr'><strong>τίη</strong></span> <span class='ocrx_word' id='word_1_412' title='bbox 303 3304 339 3364; x_wconf 87' lang='grc' dir='ltr'>τδ</span> <span class='ocrx_word' id='word_1_413' title='bbox 358 3304 449 3382; x_wconf 78' lang='grc' dir='ltr'>ὄνομα</span> <span class='ocrx_word' id='word_1_414' title='bbox 472 3326 519 3364; x_wconf 87' lang='grc' dir='ltr'><strong>του</strong></span> <span class='ocrx_word' id='word_1_415' title='bbox 500 3305 630 3385; x_wconf 60' lang='grc' dir='ltr'>*Κυρίου</span> <span class='ocrx_word' id='word_1_416' title='bbox 651 3307 825 3385; x_wconf 81' lang='grc' dir='ltr'>εύλογημίνον</span> <span class='ocrx_word' id='word_1_417' title='bbox 839 3309 877 3374; x_wconf 82' lang='grc' dir='ltr'><strong>εἰς</strong></span> <span class='ocrx_word' id='word_1_418' title='bbox 888 3304 948 3376; x_wconf 86' lang='grc' dir='ltr'>τους</span> <span class='ocrx_word' id='word_1_419' title='bbox 998 3302 1068 3362; x_wconf 90' lang='lat' dir='ltr'><strong>lecto</strong></span> <span class='ocrx_word' id='word_1_420' title='bbox 1078 3302 1183 3374; x_wconf 77' lang='lat' dir='ltr'><strong>vidisti,</strong></span> <span class='ocrx_word' id='word_1_421' title='bbox 1197 3315 1332 3382; x_wconf 85' lang='lat' dir='ltr'><strong>postrema</strong></span> <span class='ocrx_word' id='word_1_422' title='bbox 1342 3301 1424 3361; x_wconf 84' lang='lat' dir='ltr'><strong>verba</strong></span> <span class='ocrx_word' id='word_1_423' title='bbox 1439 3302 1618 3381; x_wconf 81' lang='lat' dir='ltr'><strong>proferentem</strong></span> <span class='ocrx_word' id='word_1_424' title='bbox 1627 3301 1719 3362; x_wconf 89' lang='lat' dir='ltr'><strong>audu</strong></span> 
     </span>
     <span class='ocr_line' id='line_1_32' title="bbox 167 3391 1717 3482; baseline -0.003 -26"><span class='ocrx_word' id='word_1_425' title='bbox 167 3403 265 3465; x_wconf 76' lang='grc' dir='ltr'>ιίῦνας.</span> <span class='ocrx_word' id='word_1_426' title='bbox 275 3395 398 3469; x_wconf 79' lang='grc' dir='ltr'>Ταύτην</span> <span class='ocrx_word' id='word_1_427' title='bbox 410 3395 457 3454; x_wconf 82' lang='grc' dir='ltr'><strong>καί</strong></span> <span class='ocrx_word' id='word_1_428' title='bbox 479 3401 557 3474; x_wconf 74' lang='grc' dir='ltr'>ἡμεῖς</span> <span class='ocrx_word' id='word_1_429' title='bbox 574 3401 614 3479; x_wconf 81' lang='grc' dir='ltr'><strong>ἀρ’</strong></span> <span class='ocrx_word' id='word_1_430' title='bbox 629 3400 788 3482; x_wconf 77' lang='grc' dir='ltr'>ἑκάστῳ</span> <span class='ocrx_word' id='word_1_431' title='bbox 752 3424 804 3458; x_wconf 91' lang='grc' dir='ltr'><strong>των</strong></span> <span class='ocrx_word' id='word_1_432' title='bbox 829 3400 948 3478; x_wconf 65' lang='lat' dir='ltr'><strong>cupim-</strong></span> <span class='ocrx_word' id='word_1_433' title='bbox 1000 3394 1045 3470; x_wconf 89' lang='lat' dir='ltr'><strong>sti,</strong></span> <span class='ocrx_word' id='word_1_434' title='bbox 1060 3408 1086 3454; x_wconf 91' lang='lat' dir='ltr'><strong>et</strong></span> <span class='ocrx_word' id='word_1_435' title='bbox 1100 3406 1250 3453; x_wconf 86' lang='lat' dir='ltr'><strong>extremum</strong></span> <span class='ocrx_word' id='word_1_436' title='bbox 1269 3391 1388 3451; x_wconf 88' lang='lat' dir='ltr'><strong>halitum</strong></span> <span class='ocrx_word' id='word_1_437' title='bbox 1413 3392 1552 3454; x_wconf 82' lang='lat' dir='ltr'><strong>exhalanti</strong></span> <span class='ocrx_word' id='word_1_438' title='bbox 1575 3393 1717 3467; x_wconf 90' lang='lat' dir='ltr'><strong>adstitisti,</strong></span> 
     </span>
     <span class='ocr_line' id='line_1_33' title="bbox 167 3484 1718 3603; baseline -0.004 -53"><span class='ocrx_word' id='word_1_439' title='bbox 167 3490 253 3603; x_wconf 72' lang='grc' dir='ltr'>τύπων</span> <span class='ocrx_word' id='word_1_440' title='bbox 269 3494 342 3565; x_wconf 77' lang='grc' dir='ltr'>ἡμῖν</span> <span class='ocrx_word' id='word_1_441' title='bbox 357 3484 537 3567; x_wconf 73' lang='grc' dir='ltr'>φθεγγωαεθα</span> <span class='ocrx_word' id='word_1_442' title='bbox 550 3488 599 3562; x_wconf 70' lang='grc' dir='ltr'><strong>τὴν</strong></span> <span class='ocrx_word' id='word_1_443' title='bbox 612 3490 710 3570; x_wconf 73' lang='grc' dir='ltr'>φωνην,</span> <span class='ocrx_word' id='word_1_444' title='bbox 725 3489 949 3573; x_wconf 78' lang='grc' dir='ltr'>κᾶνζημίσχρη</span> <span class='ocrx_word' id='word_1_445' title='bbox 1000 3485 1155 3567; x_wconf 87' lang='lat' dir='ltr'><strong>depressisti</strong></span> <span class='ocrx_word' id='word_1_446' title='bbox 1169 3485 1273 3562; x_wconf 90' lang='lat' dir='ltr'><strong>oculos,</strong></span> <span class='ocrx_word' id='word_1_447' title='bbox 1294 3499 1322 3544; x_wconf 91' lang='lat' dir='ltr'><strong>et</strong></span> <span class='ocrx_word' id='word_1_448' title='bbox 1335 3506 1365 3544; x_wconf 91' lang='lat' dir='ltr'><strong>os</strong></span> <span class='ocrx_word' id='word_1_449' title='bbox 1386 3485 1559 3544; x_wconf 85' lang='lat' dir='ltr'><strong>conclusisti:</strong></span> <span class='ocrx_word' id='word_1_450' title='bbox 1573 3486 1659 3545; x_wconf 78' lang='lat' dir='ltr'><strong>atille</strong></span> <span class='ocrx_word' id='word_1_451' title='bbox 1672 3507 1718 3545; x_wconf 89' lang='lat' dir='ltr'><strong>ne</strong></span> 
     </span>
     <span class='ocr_line' id='line_1_34' title="bbox 168 3574 1718 3690; baseline -0.001 -51.841"><span class='ocrx_word' id='word_1_452' title='bbox 168 3579 335 3657; x_wconf 69' lang='grc' dir='ltr'>μαι-ωηκαλ</span> <span class='ocrx_word' id='word_1_453' title='bbox 355 3577 493 3656; x_wconf 76' lang='grc' dir='ltr'>σωμάτων</span> <span class='ocrx_word' id='word_1_454' title='bbox 515 3580 666 3690; x_wconf 69' lang='grc' dir='ltr'>ἀρρωστία,</span> <span class='ocrx_word' id='word_1_455' title='bbox 687 3582 733 3642; x_wconf 81' lang='grc' dir='ltr'><strong>καί</strong></span> <span class='ocrx_word' id='word_1_456' title='bbox 752 3583 821 3663; x_wconf 79' lang='grc' dir='ltr'>ἐπήρ</span> <span class='ocrx_word' id='word_1_457' title='bbox 823 3606 881 3655; x_wconf 91' lang='grc' dir='ltr'>εια,</span> <span class='ocrx_word' id='word_1_458' title='bbox 903 3582 948 3642; x_wconf 80' lang='grc' dir='ltr'><strong>καί</strong></span> <span class='ocrx_word' id='word_1_459' title='bbox 1000 3599 1175 3658; x_wconf 82' lang='lat' dir='ltr'><strong>queanrmam</strong></span> <span class='ocrx_word' id='word_1_460' title='bbox 1186 3576 1377 3636; x_wconf 80' lang='lat' dir='ltr'><strong>exhalantibus</strong></span> <span class='ocrx_word' id='word_1_461' title='bbox 1386 3574 1507 3650; x_wconf 80' lang='lat' dir='ltr'><strong>adluit</strong></span> <span class='ocrx_word' id='word_1_462' title='bbox 1495 3597 1542 3635; x_wconf 92' lang='lat' dir='ltr'><strong>nec</strong></span> <span class='ocrx_word' id='word_1_463' title='bbox 1552 3591 1718 3657; x_wconf 78' lang='lat' dir='ltr'><strong>exspirantes</strong></span> 
     </span>
     <span class='ocr_line' id='line_1_35' title="bbox 168 3667 1718 3783; baseline -0.004 -48"><span class='ocrx_word' id='word_1_464' title='bbox 168 3671 339 3783; x_wconf 58' lang='grc' dir='ltr'>παοραπία,</span> <span class='ocrx_word' id='word_1_465' title='bbox 364 3669 417 3729; x_wconf 72' lang='grc' dir='ltr'>κᾶν</span> <span class='ocrx_word' id='word_1_466' title='bbox 434 3674 580 3729; x_wconf 59' lang='lat' dir='ltr'><strong>ittam*</strong></span> <span class='ocrx_word' id='word_1_467' title='bbox 544 3696 597 3731; x_wconf 85' lang='grc' dir='ltr'><strong>των</strong></span> <span class='ocrx_word' id='word_1_468' title='bbox 620 3674 792 3757; x_wconf 81' lang='grc' dir='ltr'>ἀνθρωπίνων</span> <span class='ocrx_word' id='word_1_469' title='bbox 813 3674 946 3754; x_wconf 81' lang='grc' dir='ltr'>συμόαίνη</span> <span class='ocrx_word' id='word_1_470' title='bbox 999 3670 1217 3751; x_wconf 77' lang='lat' dir='ltr'><strong>aspexit,re1um</strong></span> <span class='ocrx_word' id='word_1_471' title='bbox 1225 3682 1426 3771; x_wconf 88' lang='lat' dir='ltr'><strong>tamquamuno</strong></span> <span class='ocrx_word' id='word_1_472' title='bbox 1442 3667 1718 3729; x_wconf 88' lang='lat' dir='ltr'><strong>conditisuntomnes</strong></span> 
     </span>
     <span class='ocr_line' id='line_1_36' title="bbox 167 3759 1717 3847; baseline -0.001 -25"><span class='ocrx_word' id='word_1_473' title='bbox 167 3787 257 3837; x_wconf 81' lang='grc' dir='ltr'>ααιων,</span> <span class='ocrx_word' id='word_1_474' title='bbox 269 3769 361 3822; x_wconf 81' lang='grc' dir='ltr'>ταῦτα</span> <span class='ocrx_word' id='word_1_475' title='bbox 374 3760 516 3840; x_wconf 75' lang='grc' dir='ltr'>λέγωμεν·</span> <span class='ocrx_word' id='word_1_476' title='bbox 530 3760 673 3845; x_wconf 85' lang='grc' dir='ltr'>ΟΚύριος</span> <span class='ocrx_word' id='word_1_477' title='bbox 692 3767 803 3841; x_wconf 77' lang='grc' dir='ltr'>ἔδωκεν,</span> <span class='ocrx_word' id='word_1_478' title='bbox 823 3771 838 3826; x_wconf 84' lang='grc' dir='ltr'>δ</span> <span class='ocrx_word' id='word_1_479' title='bbox 853 3765 948 3847; x_wconf 90' lang='grc' dir='ltr'>Κύριος</span> <span class='ocrx_word' id='word_1_480' title='bbox 963 3777 964 3781; x_wconf 77' lang='grc'>’</span> <span class='ocrx_word' id='word_1_481' title='bbox 999 3762 1122 3843; x_wconf 89' lang='lat' dir='ltr'><strong>sepulcro</strong></span> <span class='ocrx_word' id='word_1_482' title='bbox 1141 3759 1245 3819; x_wconf 77' lang='lat' dir='ltr'><strong>adibus</strong></span> <span class='ocrx_word' id='word_1_483' title='bbox 1262 3760 1326 3835; x_wconf 89' lang='lat' dir='ltr'><strong>suis,</strong></span> <span class='ocrx_word' id='word_1_484' title='bbox 1337 3772 1363 3817; x_wconf 92' lang='lat' dir='ltr'><strong>et</strong></span> <span class='ocrx_word' id='word_1_485' title='bbox 1378 3759 1406 3817; x_wconf 90' lang='lat' dir='ltr'><strong>in</strong></span> <span class='ocrx_word' id='word_1_486' title='bbox 1421 3759 1515 3818; x_wconf 88' lang='lat' dir='ltr'><strong>eadem</strong></span> <span class='ocrx_word' id='word_1_487' title='bbox 1529 3780 1618 3819; x_wconf 90' lang='lat' dir='ltr'><strong>mensa</strong></span> <span class='ocrx_word' id='word_1_488' title='bbox 1639 3782 1717 3820; x_wconf 89' lang='lat' dir='ltr'><strong>cerc-</strong></span> 
     </span>
     <span class='ocr_line' id='line_1_37' title="bbox 166 3849 1717 3935; baseline 0 -22"><span class='ocrx_word' id='word_1_489' title='bbox 166 3855 298 3935; x_wconf 74' lang='grc' dir='ltr'>ἀρείλετο·</span> <span class='ocrx_word' id='word_1_490' title='bbox 317 3857 357 3919; x_wconf 74' lang='grc' dir='ltr'><strong>ὥς</strong></span> <span class='ocrx_word' id='word_1_491' title='bbox 378 3854 420 3931; x_wconf 80' lang='grc' dir='ltr'>τῷ</span> <span class='ocrx_word' id='word_1_492' title='bbox 446 3851 538 3935; x_wconf 83' lang='grc' dir='ltr'>Κυρίῳ</span> <span class='ocrx_word' id='word_1_493' title='bbox 558 3854 652 3933; x_wconf 80' lang='grc' dir='ltr'>ἔδοξεν,</span> <span class='ocrx_word' id='word_1_494' title='bbox 666 3856 734 3917; x_wconf 78' lang='grc' dir='ltr'>οὕτω</span> <span class='ocrx_word' id='word_1_495' title='bbox 758 3858 803 3916; x_wconf 84' lang='grc' dir='ltr'><strong>καὶ</strong></span> <span class='ocrx_word' id='word_1_496' title='bbox 824 3855 948 3935; x_wconf 81' lang='grc' dir='ltr'>ἐγένετο·</span> <span class='ocrx_word' id='word_1_497' title='bbox 999 3854 1080 3913; x_wconf 88' lang='lat' dir='ltr'><strong>hrum</strong></span> <span class='ocrx_word' id='word_1_498' title='bbox 1095 3852 1196 3935; x_wconf 89' lang='lat' dir='ltr'><strong>pariter</strong></span> <span class='ocrx_word' id='word_1_499' title='bbox 1206 3864 1232 3910; x_wconf 88' lang='lat' dir='ltr'><strong>et</strong></span> <span class='ocrx_word' id='word_1_500' title='bbox 1245 3849 1355 3931; x_wconf 79' lang='lat' dir='ltr'><strong>sanguis</strong></span> <span class='ocrx_word' id='word_1_501' title='bbox 1366 3850 1541 3930; x_wconf 80' lang='lat' dir='ltr'><strong>fundebatur,</strong></span> <span class='ocrx_word' id='word_1_502' title='bbox 1556 3865 1582 3911; x_wconf 90' lang='lat' dir='ltr'><strong>et</strong></span> <span class='ocrx_word' id='word_1_503' title='bbox 1594 3852 1680 3933; x_wconf 79' lang='lat' dir='ltr'><strong>ligna,</strong></span> <span class='ocrx_word' id='word_1_504' title='bbox 1691 3867 1717 3913; x_wconf 92' lang='lat' dir='ltr'><strong>et</strong></span> 
     </span>
     <span class='ocr_line' id='line_1_38' title="bbox 167 3941 1717 4026; baseline -0.001 -20"><span class='ocrx_word' id='word_1_505' title='bbox 167 3947 245 4018; x_wconf 80' lang='grc' dir='ltr'>ιίητθ</span> <span class='ocrx_word' id='word_1_506' title='bbox 261 3947 353 4022; x_wconf 66' lang='grc' dir='ltr'>ὄνομα</span> <span class='ocrx_word' id='word_1_507' title='bbox 378 3941 481 4022; x_wconf 76' lang='grc' dir='ltr'>Κυρίου</span> <span class='ocrx_word' id='word_1_508' title='bbox 498 3947 671 4026; x_wconf 74' lang='grc' dir='ltr'>εὐλογημένοι</span> <span class='ocrx_word' id='word_1_509' title='bbox 696 3953 732 4017; x_wconf 81' lang='grc' dir='ltr'><strong>εἷς</strong></span> <span class='ocrx_word' id='word_1_510' title='bbox 754 3948 815 4016; x_wconf 80' lang='grc' dir='ltr'>τοδς</span> <span class='ocrx_word' id='word_1_511' title='bbox 839 3951 946 4017; x_wconf 86' lang='grc' dir='ltr'>αἰῶνας.</span> <span class='ocrx_word' id='word_1_512' title='bbox 999 3945 1113 4026; x_wconf 73' lang='lat' dir='ltr'><strong>tegula,</strong></span> <span class='ocrx_word' id='word_1_513' title='bbox 1127 3959 1154 4003; x_wconf 91' lang='lat' dir='ltr'><strong>et</strong></span> <span class='ocrx_word' id='word_1_514' title='bbox 1169 3943 1271 4024; x_wconf 82' lang='lat' dir='ltr'><strong>pulvis,</strong></span> <span class='ocrx_word' id='word_1_515' title='bbox 1294 3954 1320 4001; x_wconf 92' lang='lat' dir='ltr'><strong>et</strong></span> <span class='ocrx_word' id='word_1_516' title='bbox 1340 3962 1432 4002; x_wconf 89' lang='lat' dir='ltr'><strong>carnes</strong></span> <span class='ocrx_word' id='word_1_517' title='bbox 1453 3943 1612 4018; x_wconf 78' lang='lat' dir='ltr'><strong>concisa,ct</strong></span> <span class='ocrx_word' id='word_1_518' title='bbox 1626 3945 1717 4004; x_wconf 83' lang='lat' dir='ltr'><strong>omnia</strong></span> 
     </span>
     <span class='ocr_line' id='line_1_39' title="bbox 166 4035 1718 4121; baseline -0.003 -21"><span class='ocrx_word' id='word_1_519' title='bbox 166 4036 290 4100; x_wconf 75' lang='grc' dir='ltr'>Ἇνοίτω</span> <span class='ocrx_word' id='word_1_520' title='bbox 314 4036 554 4118; x_wconf 76' lang='grc' dir='ltr'>φιλοσοφησωμεν,</span> <span class='ocrx_word' id='word_1_521' title='bbox 574 4041 783 4103; x_wconf 61' lang='lat' dir='ltr'><strong>mittentium</strong></span> <span class='ocrx_word' id='word_1_522' title='bbox 803 4042 948 4121; x_wconf 83' lang='grc' dir='ltr'>πεισόμεθα</span> <span class='ocrx_word' id='word_1_523' title='bbox 1000 4038 1100 4119; x_wconf 90' lang='lat' dir='ltr'><strong>pariter</strong></span> <span class='ocrx_word' id='word_1_524' title='bbox 1123 4035 1312 4095; x_wconf 89' lang='lat' dir='ltr'><strong>miscebantur.</strong></span> <span class='ocrx_word' id='word_1_525' title='bbox 1336 4035 1530 4095; x_wconf 90' lang='lat' dir='ltr'><strong>Verumtamen</strong></span> <span class='ocrx_word' id='word_1_526' title='bbox 1554 4048 1615 4116; x_wconf 90' lang='lat' dir='ltr'><strong>post</strong></span> <span class='ocrx_word' id='word_1_527' title='bbox 1638 4050 1678 4095; x_wconf 89' lang='lat' dir='ltr'><strong>tot</strong></span> <span class='ocrx_word' id='word_1_528' title='bbox 1691 4050 1718 4095; x_wconf 88' lang='lat' dir='ltr'><strong>et</strong></span> 
     </span>
     <span class='ocr_line' id='line_1_40' title="bbox 167 4124 1718 4241; baseline -0.002 -51"><span class='ocrx_word' id='word_1_529' title='bbox 167 4153 251 4203; x_wconf 75' lang='grc' dir='ltr'>κακον,</span> <span class='ocrx_word' id='word_1_530' title='bbox 271 4128 326 4188; x_wconf 71' lang='grc' dir='ltr'><strong>κᾶν</strong></span> <span class='ocrx_word' id='word_1_531' title='bbox 348 4125 438 4241; x_wconf 83' lang='grc' dir='ltr'>μυρία</span> <span class='ocrx_word' id='word_1_532' title='bbox 457 4128 619 4211; x_wconf 75' lang='grc' dir='ltr'>πάσχωμεν·</span> <span class='ocrx_word' id='word_1_533' title='bbox 636 4136 694 4194; x_wconf 87' lang='grc' dir='ltr'>ἀλλ’</span> <span class='ocrx_word' id='word_1_534' title='bbox 709 4134 784 4193; x_wconf 86' lang='grc' dir='ltr'>ἔσται</span> <span class='ocrx_word' id='word_1_535' title='bbox 800 4137 934 4212; x_wconf 77' lang='grc' dir='ltr'>μεῖζον</span> <span class='ocrx_word' id='word_1_536' title='bbox 901 4159 948 4205; x_wconf 82' lang='grc' dir='ltr'><strong>της</strong></span> <span class='ocrx_word' id='word_1_537' title='bbox 999 4143 1073 4188; x_wconf 87' lang='lat' dir='ltr'><strong>tanta</strong></span> <span class='ocrx_word' id='word_1_538' title='bbox 1083 4127 1154 4186; x_wconf 85' lang='lat' dir='ltr'><strong>mala</strong></span> <span class='ocrx_word' id='word_1_539' title='bbox 1169 4148 1222 4185; x_wconf 89' lang='lat' dir='ltr'><strong>non</strong></span> <span class='ocrx_word' id='word_1_540' title='bbox 1236 4124 1318 4198; x_wconf 86' lang='lat' dir='ltr'><strong>luxit,</strong></span> <span class='ocrx_word' id='word_1_541' title='bbox 1340 4125 1659 4217; x_wconf 83' lang='lat' dir='ltr'><strong>nonimpatientertulit:</strong></span> <span class='ocrx_word' id='word_1_542' title='bbox 1668 4126 1718 4187; x_wconf 89' lang='lat' dir='ltr'><strong>sed</strong></span> 
     </span>
     <span class='ocr_line' id='line_1_41' title="bbox 168 4219 1865 4303; baseline 0.004 -30"><span class='ocrx_word' id='word_1_543' title='bbox 168 4222 258 4298; x_wconf 77' lang='grc' dir='ltr'>ζημίας</span> <span class='ocrx_word' id='word_1_544' title='bbox 275 4219 440 4301; x_wconf 74' lang='grc' dir='ltr'>τὸαίρδος,</span> <span class='ocrx_word' id='word_1_545' title='bbox 459 4221 608 4283; x_wconf 78' lang='grc' dir='ltr'>πλείωτῶν</span> <span class='ocrx_word' id='word_1_546' title='bbox 623 4224 759 4284; x_wconf 71' lang='grc' dir='ltr'>καχῶνςλ</span> <span class='ocrx_word' id='word_1_547' title='bbox 781 4224 860 4303; x_wconf 69' lang='lat' dir='ltr'><strong>ipae</strong></span> <span class='ocrx_word' id='word_1_548' title='bbox 850 4251 883 4296; x_wconf 82' lang='grc' dir='ltr'><strong>α,</strong></span> <span class='ocrx_word' id='word_1_549' title='bbox 904 4223 948 4284; x_wconf 76' lang='grc' dir='ltr'><strong>διὰ</strong></span> <span class='ocrx_word' id='word_1_550' title='bbox 1001 4221 1069 4301; x_wconf 80' lang='lat' dir='ltr'><strong>quid</strong></span> <span class='ocrx_word' id='word_1_551' title='bbox 1083 4220 1298 4278; x_wconf 76' lang='lat' dir='ltr'><strong>a1t⁰Domruus</strong></span> <span class='ocrx_word' id='word_1_552' title='bbox 1313 4219 1403 4295; x_wconf 81' lang='lat' dir='ltr'><strong>dedit,</strong></span> <span class='ocrx_word' id='word_1_553' title='bbox 1420 4220 1566 4278; x_wconf 87' lang='lat' dir='ltr'><strong>Dominus</strong></span> <span class='ocrx_word' id='word_1_554' title='bbox 1581 4221 1714 4292; x_wconf 79' lang='lat' dir='ltr'><strong>abstulit,</strong></span> <span class='ocrx_word' id='word_1_555' title='bbox 1724 4242 1777 4289; x_wconf 67' lang='lat' dir='ltr'><strong>rot</strong></span> <span class='ocrx_word' id='word_1_556' title='bbox 1792 4257 1813 4287; x_wconf 71' lang='grc' dir='ltr'><strong>ι</strong></span> <span class='ocrx_word' id='word_1_557' title='bbox 1826 4256 1865 4287; x_wconf 76' lang='lat'><strong>21</strong></span> 
     </span>
     <span class='ocr_line' id='line_1_42' title="bbox 169 4310 1717 4396; baseline -0.001 -25"><span class='ocrx_word' id='word_1_558' title='bbox 169 4316 215 4371; x_wconf 78' lang='grc' dir='ltr'><strong>πἰν</strong></span> <span class='ocrx_word' id='word_1_559' title='bbox 237 4310 488 4393; x_wconf 73' lang='grc' dir='ltr'>ρημείτωντυύτων</span> <span class='ocrx_word' id='word_1_560' title='bbox 503 4311 565 4373; x_wconf 82' lang='grc' dir='ltr'>ίλεω</span> <span class='ocrx_word' id='word_1_561' title='bbox 589 4316 717 4378; x_wconf 85' lang='grc' dir='ltr'>τδνΘεδν</span> <span class='ocrx_word' id='word_1_562' title='bbox 735 4320 838 4396; x_wconf 80' lang='grc' dir='ltr'>σεαυτῷ</span> <span class='ocrx_word' id='word_1_563' title='bbox 855 4320 949 4388; x_wconf 83' lang='grc' dir='ltr'>ποιῶν,</span> <span class='ocrx_word' id='word_1_564' title='bbox 1000 4314 1215 4372; x_wconf 87' lang='lat' dir='ltr'><strong>sicutDomino</strong></span> <span class='ocrx_word' id='word_1_565' title='bbox 1227 4310 1352 4390; x_wconf 82' lang='lat' dir='ltr'><strong>placuit,</strong></span> <span class='ocrx_word' id='word_1_566' title='bbox 1376 4313 1420 4369; x_wconf 83' lang='lat' dir='ltr'><strong>ita</strong></span> <span class='ocrx_word' id='word_1_567' title='bbox 1435 4312 1669 4391; x_wconf 84' lang='lat' dir='ltr'><strong>etfnetumest:</strong></span> <span class='ocrx_word' id='word_1_568' title='bbox 1678 4315 1717 4372; x_wconf 88' lang='lat' dir='ltr'><strong>sit</strong></span> 
     </span>
     <span class='ocr_line' id='line_1_43' title="bbox 169 4403 1718 4489; baseline 0 -26"><span class='ocrx_word' id='word_1_569' title='bbox 169 4403 372 4487; x_wconf 75' lang='grc' dir='ltr'>τίιντυραννίδα</span> <span class='ocrx_word' id='word_1_570' title='bbox 395 4404 615 4485; x_wconf 74' lang='grc' dir='ltr'>ἀποαρσιόμενος.</span> <span class='ocrx_word' id='word_1_571' title='bbox 629 4407 716 4488; x_wconf 82' lang='grc' dir='ltr'>Ὁμοῦ</span> <span class='ocrx_word' id='word_1_572' title='bbox 735 4408 787 4489; x_wconf 72' lang='grc' dir='ltr'>γὰρ</span> <span class='ocrx_word' id='word_1_573' title='bbox 809 4406 950 4487; x_wconf 70' lang='grc' dir='ltr'>ἐφθέγξατο</span> <span class='ocrx_word' id='word_1_574' title='bbox 1003 4427 1107 4465; x_wconf 90' lang='lat' dir='ltr'><strong>nomen</strong></span> <span class='ocrx_word' id='word_1_575' title='bbox 1118 4406 1241 4464; x_wconf 86' lang='lat' dir='ltr'><strong>Domini</strong></span> <span class='ocrx_word' id='word_1_576' title='bbox 1255 4403 1467 4461; x_wconf 83' lang='lat' dir='ltr'><strong>benedictum</strong></span> <span class='ocrx_word' id='word_1_577' title='bbox 1456 4423 1488 4460; x_wconf 86' lang='grc' dir='ltr'><strong>ιιι</strong></span> <span class='ocrx_word' id='word_1_578' title='bbox 1507 4403 1628 4462; x_wconf 77' lang='lat' dir='ltr'><strong>sucula.</strong></span> <span class='ocrx_word' id='word_1_579' title='bbox 1641 4403 1718 4468; x_wconf 87' lang='lat' dir='ltr'><strong>Hanc</strong></span> 
     </span>
     <span class='ocr_line' id='line_1_44' title="bbox 169 4492 1718 4577; baseline -0.003 -18"><span class='ocrx_word' id='word_1_580' title='bbox 169 4501 304 4577; x_wconf 71' lang='grc' dir='ltr'>ηηλῶατα</span> <span class='ocrx_word' id='word_1_581' title='bbox 321 4496 360 4556; x_wconf 76' lang='grc' dir='ltr'>τὰ</span> <span class='ocrx_word' id='word_1_582' title='bbox 377 4495 490 4576; x_wconf 75' lang='grc' dir='ltr'>ῥήματα</span> <span class='ocrx_word' id='word_1_583' title='bbox 507 4505 606 4575; x_wconf 73' lang='grc' dir='ltr'>ταῦτα,</span> <span class='ocrx_word' id='word_1_584' title='bbox 620 4501 666 4560; x_wconf 83' lang='grc' dir='ltr'><strong>καί</strong></span> <span class='ocrx_word' id='word_1_585' title='bbox 687 4501 781 4569; x_wconf 79' lang='grc' dir='ltr'>εὐθέως</span> <span class='ocrx_word' id='word_1_586' title='bbox 806 4500 949 4571; x_wconf 73' lang='grc' dir='ltr'>ἀπεπίδη-</span> <span class='ocrx_word' id='word_1_587' title='bbox 967 4509 986 4557; x_wconf 87' lang='lat' dir='ltr'>C</span> <span class='ocrx_word' id='word_1_588' title='bbox 1002 4518 1050 4555; x_wconf 91' lang='lat' dir='ltr'><strong>nos</strong></span> <span class='ocrx_word' id='word_1_589' title='bbox 1064 4514 1173 4574; x_wconf 90' lang='lat' dir='ltr'><strong>quoque</strong></span> <span class='ocrx_word' id='word_1_590' title='bbox 1193 4513 1287 4555; x_wconf 87' lang='lat' dir='ltr'><strong>vocem</strong></span> <span class='ocrx_word' id='word_1_591' title='bbox 1302 4492 1329 4552; x_wconf 92' lang='lat' dir='ltr'><strong>in</strong></span> <span class='ocrx_word' id='word_1_592' title='bbox 1345 4492 1460 4573; x_wconf 79' lang='lat' dir='ltr'><strong>singulis</strong></span> <span class='ocrx_word' id='word_1_593' title='bbox 1477 4514 1537 4571; x_wconf 85' lang='lat' dir='ltr'><strong>quae</strong></span> <span class='ocrx_word' id='word_1_594' title='bbox 1556 4493 1634 4553; x_wconf 91' lang='lat' dir='ltr'><strong>nobis</strong></span> <span class='ocrx_word' id='word_1_595' title='bbox 1647 4494 1718 4554; x_wconf 85' lang='lat' dir='ltr'><strong>acci·</strong></span> 
     </span>
     <span class='ocr_line' id='line_1_45' title="bbox 170 4583 1718 4667; baseline -0.003 -17"><span class='ocrx_word' id='word_1_596' title='bbox 170 4614 211 4650; x_wconf 83' lang='grc' dir='ltr'><strong>σιν</strong></span> <span class='ocrx_word' id='word_1_597' title='bbox 228 4595 243 4648; x_wconf 85' lang='grc' dir='ltr'>δ</span> <span class='ocrx_word' id='word_1_598' title='bbox 262 4589 406 4656; x_wconf 62' lang='lat' dir='ltr'><strong>indiciue·</strong></span> <span class='ocrx_word' id='word_1_599' title='bbox 425 4588 526 4663; x_wconf 71' lang='lat' dir='ltr'><strong>iulum</strong></span> <span class='ocrx_word' id='word_1_600' title='bbox 546 4591 574 4652; x_wconf 76' lang='grc' dir='ltr'><strong>δὲ</strong></span> <span class='ocrx_word' id='word_1_601' title='bbox 591 4595 829 4667; x_wconf 79' lang='grc' dir='ltr'>ἀποιτηδήσαντος,</span> <span class='ocrx_word' id='word_1_602' title='bbox 854 4591 900 4658; x_wconf 77' lang='grc' dir='ltr'><strong>καί</strong></span> <span class='ocrx_word' id='word_1_603' title='bbox 918 4591 948 4650; x_wconf 81' lang='grc' dir='ltr'>τὸ</span> <span class='ocrx_word' id='word_1_604' title='bbox 1002 4586 1261 4667; x_wconf 87' lang='lat' dir='ltr'><strong>duntproferamus,</strong></span> <span class='ocrx_word' id='word_1_605' title='bbox 1273 4583 1330 4644; x_wconf 89' lang='lat' dir='ltr'><strong>sive</strong></span> <span class='ocrx_word' id='word_1_606' title='bbox 1349 4584 1523 4664; x_wconf 88' lang='lat' dir='ltr'><strong>pecuniarum</strong></span> <span class='ocrx_word' id='word_1_607' title='bbox 1531 4585 1649 4664; x_wconf 86' lang='lat' dir='ltr'><strong>jactura,</strong></span> <span class='ocrx_word' id='word_1_608' title='bbox 1660 4585 1718 4646; x_wconf 91' lang='lat' dir='ltr'><strong>sive</strong></span> 
     </span>
     <span class='ocr_line' id='line_1_46' title="bbox 169 4673 1717 4781; baseline 0.001 -47"><span class='ocrx_word' id='word_1_609' title='bbox 169 4687 213 4753; x_wconf 60' lang='grc' dir='ltr'><strong>τῆς</strong></span> <span class='ocrx_word' id='word_1_610' title='bbox 232 4681 349 4759; x_wconf 61' lang='lat' dir='ltr'><strong>impia&lt;</strong></span> <span class='ocrx_word' id='word_1_611' title='bbox 373 4682 452 4760; x_wconf 79' lang='grc' dir='ltr'>νέφος</span> <span class='ocrx_word' id='word_1_612' title='bbox 472 4681 672 4760; x_wconf 74' lang='grc' dir='ltr'>ἀπελαύνεται,</span> <span class='ocrx_word' id='word_1_613' title='bbox 691 4684 737 4745; x_wconf 69' lang='grc' dir='ltr'><strong>καὶ</strong></span> <span class='ocrx_word' id='word_1_614' title='bbox 764 4689 789 4744; x_wconf 80' lang='grc' dir='ltr'><strong>σί</strong></span> <span class='ocrx_word' id='word_1_615' title='bbox 814 4682 948 4748; x_wconf 83' lang='grc' dir='ltr'>θλίόοντες</span> <span class='ocrx_word' id='word_1_616' title='bbox 1002 4677 1125 4781; x_wconf 88' lang='lat' dir='ltr'><strong>corporis</strong></span> <span class='ocrx_word' id='word_1_617' title='bbox 1135 4673 1294 4751; x_wconf 87' lang='lat' dir='ltr'><strong>infirmitas,</strong></span> <span class='ocrx_word' id='word_1_618' title='bbox 1308 4674 1367 4733; x_wconf 84' lang='lat' dir='ltr'><strong>sive</strong></span> <span class='ocrx_word' id='word_1_619' title='bbox 1382 4675 1555 4751; x_wconf 86' lang='lat' dir='ltr'><strong>contumelia,</strong></span> <span class='ocrx_word' id='word_1_620' title='bbox 1570 4675 1717 4736; x_wconf 84' lang='lat' dir='ltr'><strong>sivecalu-</strong></span> 
     </span>
     <span class='ocr_line' id='line_1_47' title="bbox 171 4764 1719 4885; baseline -0.001 -54"><span class='ocrx_word' id='word_1_621' title='bbox 171 4780 237 4851; x_wconf 67' lang='grc' dir='ltr'>ἡμᾶς</span> <span class='ocrx_word' id='word_1_622' title='bbox 253 4769 448 4885; x_wconf 71' lang='grc' dir='ltr'>δραπετεύωσι</span> <span class='ocrx_word' id='word_1_623' title='bbox 461 4773 602 4854; x_wconf 81' lang='grc' dir='ltr'>λογισμοί,</span> <span class='ocrx_word' id='word_1_624' title='bbox 615 4775 953 4852; x_wconf 78' lang='grc' dir='ltr'>συνεκπηδῶντεςέκείνῳ,</span> <span class='ocrx_word' id='word_1_625' title='bbox 1004 4769 1092 4843; x_wconf 87' lang='lat' dir='ltr'><strong>mnia,</strong></span> <span class='ocrx_word' id='word_1_626' title='bbox 1104 4767 1161 4828; x_wconf 89' lang='lat' dir='ltr'><strong>sive</strong></span> <span class='ocrx_word' id='word_1_627' title='bbox 1176 4765 1293 4847; x_wconf 86' lang='lat' dir='ltr'><strong>quodvis</strong></span> <span class='ocrx_word' id='word_1_628' title='bbox 1306 4764 1382 4825; x_wconf 91' lang='lat' dir='ltr'><strong>aliud</strong></span> <span class='ocrx_word' id='word_1_629' title='bbox 1396 4765 1545 4825; x_wconf 89' lang='lat' dir='ltr'><strong>humanum</strong></span> <span class='ocrx_word' id='word_1_630' title='bbox 1559 4768 1660 4828; x_wconf 88' lang='lat' dir='ltr'><strong>malum</strong></span> <span class='ocrx_word' id='word_1_631' title='bbox 1672 4790 1719 4830; x_wconf 89' lang='lat' dir='ltr'><strong>ac</strong></span> 
     </span>
     <span class='ocr_line' id='line_1_48' title="bbox 173 4841 1872 4952; baseline 0.005 -36"><span class='ocrx_word' id='word_1_632' title='bbox 173 4865 214 4924; x_wconf 69' lang='lat' dir='ltr'><strong>ui</strong></span> <span class='ocrx_word' id='word_1_633' title='bbox 230 4864 296 4947; x_wconf 57' lang='grc' dir='ltr'>πρὸς</span> <span class='ocrx_word' id='word_1_634' title='bbox 307 4863 491 4932; x_wconf 72' lang='grc' dir='ltr'>παίτοιςπθσι</span> <span class='ocrx_word' id='word_1_635' title='bbox 503 4866 551 4924; x_wconf 79' lang='grc' dir='ltr'><strong>καὶ</strong></span> <span class='ocrx_word' id='word_1_636' title='bbox 573 4871 627 4927; x_wconf 80' lang='grc' dir='ltr'><strong>τῶν</strong></span> <span class='ocrx_word' id='word_1_637' title='bbox 640 4869 752 4928; x_wconf 73' lang='grc' dir='ltr'>ἐνταῦθα</span> <span class='ocrx_word' id='word_1_638' title='bbox 772 4870 887 4946; x_wconf 81' lang='grc' dir='ltr'>ἀγαθῶν,</span> <span class='ocrx_word' id='word_1_639' title='bbox 907 4865 950 4924; x_wconf 77' lang='grc' dir='ltr'><strong>καί</strong></span> <span class='ocrx_word' id='word_1_640' title='bbox 1004 4861 1170 4937; x_wconf 84' lang='lat' dir='ltr'><strong>ciderit,1sta</strong></span> <span class='ocrx_word' id='word_1_641' title='bbox 1180 4858 1465 4933; x_wconf 87' lang='lat' dir='ltr'><strong>dicamus,Dominus</strong></span> <span class='ocrx_word' id='word_1_642' title='bbox 1474 4860 1565 4931; x_wconf 82' lang='lat' dir='ltr'><strong>dedit,</strong></span> <span class='ocrx_word' id='word_1_643' title='bbox 1574 4841 1720 4923; x_wconf 86' lang='lat' dir='ltr'><strong>Dominus</strong></span> <span class='ocrx_word' id='word_1_644' title='bbox 1737 4893 1839 4952; x_wconf 74' lang='lat' dir='ltr'><strong>Exempt</strong></span> <span class='ocrx_word' id='word_1_645' title='bbox 1841 4909 1872 4936; x_wconf 83' lang='grc'>,,,,</span> 
     </span>
     <span class='ocr_line' id='line_1_49' title="bbox 175 4951 1850 5039; baseline 0.001 -25"><span class='ocrx_word' id='word_1_646' title='bbox 175 4958 379 5037; x_wconf 73' lang='grc' dir='ltr'>τίνάνοθρανῷ</span> <span class='ocrx_word' id='word_1_647' title='bbox 394 4956 516 5039; x_wconf 74' lang='grc' dir='ltr'>ἐπιτεύξῃ</span> <span class='ocrx_word' id='word_1_648' title='bbox 537 4958 654 5020; x_wconf 76' lang='grc' dir='ltr'>πάντων.</span> <span class='ocrx_word' id='word_1_649' title='bbox 677 4960 781 5021; x_wconf 82' lang='grc' dir='ltr'><strong>Καὶ</strong></span> <span class='ocrx_word' id='word_1_650' title='bbox 756 4983 787 5020; x_wconf 90' lang='grc' dir='ltr'><strong>το</strong></span> <span class='ocrx_word' id='word_1_651' title='bbox 805 4958 953 5039; x_wconf 81' lang='grc' dir='ltr'>ὑπόδειγμα</span> <span class='ocrx_word' id='word_1_652' title='bbox 1006 4955 1152 5015; x_wconf 84' lang='lat' dir='ltr'><strong>abstulit:</strong></span> <span class='ocrx_word' id='word_1_653' title='bbox 1168 4955 1242 5011; x_wconf 87' lang='lat' dir='ltr'><strong>siout</strong></span> <span class='ocrx_word' id='word_1_654' title='bbox 1266 4951 1396 5009; x_wconf 89' lang='lat' dir='ltr'><strong>Domino</strong></span> <span class='ocrx_word' id='word_1_655' title='bbox 1415 4951 1539 5029; x_wconf 86' lang='lat' dir='ltr'><strong>placuit,</strong></span> <span class='ocrx_word' id='word_1_656' title='bbox 1555 4955 1599 5011; x_wconf 86' lang='lat' dir='ltr'><strong>ita</strong></span> <span class='ocrx_word' id='word_1_657' title='bbox 1621 4967 1650 5014; x_wconf 91' lang='lat' dir='ltr'><strong>et</strong></span> <span class='ocrx_word' id='word_1_658' title='bbox 1667 4957 1720 5036; x_wconf 83' lang='lat' dir='ltr'><strong>sa·</strong></span> <span class='ocrx_word' id='word_1_659' title='bbox 1731 4962 1805 5019; x_wconf 69' lang='lat' dir='ltr'><strong>patim</strong></span> <span class='ocrx_word' id='word_1_660' title='bbox 1778 4961 1850 5001; x_wconf 54' lang='lat' dir='ltr'><strong>‘nim</strong></span> 
     </span>
     <span class='ocr_line' id='line_1_50' title="bbox 180 5042 1753 5127; baseline -0.001 -19"><span class='ocrx_word' id='word_1_661' title='bbox 180 5047 414 5127; x_wconf 73' lang='grc' dir='ltr'>ἀοηαλλςάπδτοῦ</span> <span class='ocrx_word' id='word_1_662' title='bbox 429 5048 509 5124; x_wconf 74' lang='lat' dir='ltr'><strong>tin,</strong></span> <span class='ocrx_word' id='word_1_663' title='bbox 528 5050 639 5109; x_wconf 83' lang='grc' dir='ltr'><strong>ἀπὸ</strong></span> <span class='ocrx_word' id='word_1_664' title='bbox 602 5076 655 5111; x_wconf 88' lang='grc' dir='ltr'><strong>των</strong></span> <span class='ocrx_word' id='word_1_665' title='bbox 670 5051 924 5124; x_wconf 86' lang='grc' dir='ltr'>ἀποστολων,δ</span> <span class='ocrx_word' id='word_1_666' title='bbox 864 5049 889 5110; x_wconf 80' lang='lat' dir='ltr'><strong>ol</strong></span> <span class='ocrx_word' id='word_1_667' title='bbox 910 5049 954 5110; x_wconf 85' lang='grc' dir='ltr'>διδι</span> <span class='ocrx_word' id='word_1_668' title='bbox 1006 5061 1086 5106; x_wconf 86' lang='lat' dir='ltr'><strong>ctum</strong></span> <span class='ocrx_word' id='word_1_669' title='bbox 1099 5057 1161 5104; x_wconf 88' lang='lat' dir='ltr'><strong>est</strong></span> <span class='ocrx_word' id='word_1_670' title='bbox 1173 5047 1211 5103; x_wconf 91' lang='lat' dir='ltr'><strong>sit</strong></span> <span class='ocrx_word' id='word_1_671' title='bbox 1233 5062 1338 5100; x_wconf 89' lang='lat' dir='ltr'><strong>nomen</strong></span> <span class='ocrx_word' id='word_1_672' title='bbox 1352 5042 1476 5100; x_wconf 89' lang='lat' dir='ltr'><strong>Domini</strong></span> <span class='ocrx_word' id='word_1_673' title='bbox 1496 5044 1703 5105; x_wconf 74' lang='lat' dir='ltr'><strong>benedictum</strong></span> <span class='ocrx_word' id='word_1_674' title='bbox 1691 5071 1753 5106; x_wconf 88' lang='lat' dir='ltr'><strong>m</strong></span> 
     </span>
     <span class='ocr_line' id='line_1_51' title="bbox 181 5130 1725 5223; baseline -0.001 -23"><span class='ocrx_word' id='word_1_675' title='bbox 181 5137 301 5200; x_wconf 79' lang='grc' dir='ltr'>τδνΘιδν</span> <span class='ocrx_word' id='word_1_676' title='bbox 319 5141 623 5223; x_wconf 70' lang='grc' dir='ltr'>καταφρονήσαντες</span> <span class='ocrx_word' id='word_1_677' title='bbox 586 5167 640 5203; x_wconf 84' lang='grc' dir='ltr'><strong>των</strong></span> <span class='ocrx_word' id='word_1_678' title='bbox 654 5146 767 5205; x_wconf 83' lang='grc' dir='ltr'>ίνταυθα</span> <span class='ocrx_word' id='word_1_679' title='bbox 784 5145 936 5217; x_wconf 86' lang='grc' dir='ltr'>δεινων,</span> <span class='ocrx_word' id='word_1_680' title='bbox 901 5167 953 5202; x_wconf 89' lang='grc' dir='ltr'><strong>των</strong></span> <span class='ocrx_word' id='word_1_681' title='bbox 1006 5137 1125 5199; x_wconf 79' lang='lat' dir='ltr'><strong>seculo.</strong></span> <span class='ocrx_word' id='word_1_682' title='bbox 1143 5136 1183 5193; x_wconf 91' lang='lat' dir='ltr'><strong>lta</strong></span> <span class='ocrx_word' id='word_1_683' title='bbox 1207 5154 1231 5192; x_wconf 84' lang='grc' dir='ltr'><strong>ει</strong></span> <span class='ocrx_word' id='word_1_684' title='bbox 1223 5130 1482 5213; x_wconf 87' lang='lat' dir='ltr'><strong>philosophemur,</strong></span> <span class='ocrx_word' id='word_1_685' title='bbox 1501 5134 1572 5194; x_wconf 88' lang='lat' dir='ltr'><strong>nihil</strong></span> <span class='ocrx_word' id='word_1_686' title='bbox 1597 5159 1725 5218; x_wconf 88' lang='lat' dir='ltr'><strong>umquam</strong></span> 
     </span>
    </p>
   </div>
   <div class='ocr_carea' id='block_1_3' title="bbox 187 5221 1727 5374">
    <p class='ocr_par' dir='ltr' id='par_1_3' title="bbox 187 5221 1727 5374">
     <span class='ocr_line' id='line_1_52' title="bbox 187 5221 1727 5367; baseline 0.002 -80"><span class='ocrx_word' id='word_1_687' title='bbox 187 5231 290 5291; x_wconf 80' lang='grc' dir='ltr'>αἀινίοιν</span> <span class='ocrx_word' id='word_1_688' title='bbox 305 5232 564 5315; x_wconf 79' lang='grc' dir='ltr'>ίπίτοχονάγαθῶν.</span> <span class='ocrx_word' id='word_1_689' title='bbox 579 5235 738 5316; x_wconf 85' lang='grc' dir='ltr'>Πειθώμεθα</span> <span class='ocrx_word' id='word_1_690' title='bbox 754 5235 851 5311; x_wconf 87' lang='grc' dir='ltr'>τοίνυν,</span> <span class='ocrx_word' id='word_1_691' title='bbox 867 5260 912 5295; x_wconf 86' lang='grc' dir='ltr'><strong>και</strong></span> <span class='ocrx_word' id='word_1_692' title='bbox 927 5238 954 5296; x_wconf 83' lang='grc' dir='ltr'><strong>ἐν</strong></span> <span class='ocrx_word' id='word_1_693' title='bbox 1007 5229 1071 5289; x_wconf 90' lang='lat' dir='ltr'><strong>mali</strong></span> <span class='ocrx_word' id='word_1_694' title='bbox 1095 5225 1242 5308; x_wconf 88' lang='lat' dir='ltr'><strong>patiemur,</strong></span> <span class='ocrx_word' id='word_1_695' title='bbox 1266 5221 1358 5309; x_wconf 69' lang='lat' dir='ltr'><strong>licet</strong></span> <span class='ocrx_word' id='word_1_696' title='bbox 1350 5243 1489 5285; x_wconf 82' lang='lat' dir='ltr'><strong>innumera</strong></span> <span class='ocrx_word' id='word_1_697' title='bbox 1512 5227 1665 5367; x_wconf 72' lang='lat' dir='ltr'><strong>patiar5uur:</strong></span> <span class='ocrx_word' id='word_1_698' title='bbox 1680 5232 1727 5290; x_wconf 90' lang='lat' dir='ltr'><strong>scd</strong></span> 
     </span>
     <span class='ocr_line' id='line_1_53' title="bbox 358 5334 511 5374; baseline 0.014 -2"><span class='ocrx_word' id='word_1_699' title='bbox 358 5334 428 5374; x_wconf 80' lang='grc' dir='ltr'>τοι.</span> <span class='ocrx_word' id='word_1_700' title='bbox 456 5336 511 5374; x_wconf 90' lang='grc' dir='ltr'>ιιι.</span> 
     </span>
    </p>
   </div>
   <div class='ocr_carea' id='block_1_4' title="bbox 0 0 1899 5992">
    <p class='ocr_par' dir='ltr' id='par_1_4' title="bbox 0 0 1899 5992">
     <span class='ocr_line' id='line_1_54' title="bbox 0 0 1899 5992; baseline 0 0"><span class='ocrx_word' id='word_1_701' title='bbox 0 0 1899 5992; x_wconf 95' lang='lat' dir='ltr'><strong> </strong></span> 
     </span>
    </p>
   </div>
  </div>
 </body>
</html>
