3764 5992
48 379 122 454 658
382 395 411 443 s.
438 392 580 442 ioannis
605 389 787 440 ciinrsosr.
817 391 972 439 ancusae.
1001 389 1270 439 consrinriror.

47 547 80 587 ao
93 523 225 585 donatore
242 514 357 601 digdam
375 517 528 578 doctrinam
541 514 645 579 Judaeis
658 535 690 576 nc
702 535 770 605 gen-
825 516 997 597 σπείραντος·
1013 515 1106 595 Ὑμεῖς
1119 515 1180 596 γὰρ,
1194 516 1285 597 ρησλν,
1299 512 1362 575 ίστὲ
1377 515 1461 592 σῶμα
1475 514 1599 594 Χριστοῖ,

47 617 144 677 tssibos
169 612 312 674 ridendam
334 610 520 692 propinarin13
542 608 589 687 qui
617 603 770 667 inntmsras
824 608 995 687 καλμέληίκ
1014 609 1124 692 μέρους·
1142 607 1284 686 μᾶλλονδὲ
1302 607 1492 688 τίιριλονεεκῶ
1513 629 1598 688 παρα-

47 708 153 768 animas
170 705 364 778 demerserunt,
381 716 463 781 atque
477 701 616 766 innumera
635 712 691 758 toto
706 697 771 757 orbe
825 705 924 774 στῆσαι
936 701 984 775 τήν
996 700 1092 781 μανίαν
1108 703 1207 770 αὐτῶν,
1225 703 1423 781 ίρμηνευθῆναε
1441 699 1481 776 μή
1494 700 1600 777 δυναμί·

48 797 190 879 nauiragia
204 797 361 871 effecerunt,
372 795 419 873 qui
433 807 538 853 tantum
554 789 711 851 incendium
723 812 770 850 ex·
825 818 872 868 νην
885 795 970 876 λόγῳς
985 795 1070 868 πόσην
1083 793 1170 856 τοίνυν
1183 792 1232 854 οίεε
1249 793 1454 866 ὑποστήσεσθαι
1474 797 1600 872 τιμωρίαν

50 891 217 966 citarunt,ac
232 888 333 948 Christi
347 907 446 968 eorpus
457 885 605 961 sciderunt,
613 899 639 944 et
651 884 772 944 membra
824 886 884 947 τότε
897 887 958 955 τούς
974 889 1110 967 λυμεῶνας
1121 886 1227 954 τούτους
1240 885 1286 946 καὶ
1304 884 1484 966 αίμοόόρονςς
1499 884 1536 942 Et
1554 882 1602 963 γὰρ

2 984 153 1045 subiacet
164 983 227 1043 inde
237 981 413 1063 abjecerunt:
430 981 488 1041 Vos
501 979 584 1053 enim,
595 977 694 1056 inquit,
704 981 773 1037 estis
825 982 850 1039 οί
869 977 907 1057 μή
930 977 1077 1060 θρέψαντας
1096 983 1228 1038 πεινῶντα
1240 977 1286 1037 τδν
1305 974 1445 1057 Χριστδν,
1467 974 1538 1054 μετὰ
1560 979 1602 1033 ee}

51 1099 155 1160 corpus
166 1079 288 1150 Christi,
301 1088 329 1135 et
345 1078 525 1134 membraex
533 1071 772 1153 parte5imorero
789 1094 808 1140 ι)
826 1069 949 1131 δεαύόλου
972 1071 1192 1139 καταδικάζονταε
1208 1073 1247 1151 τῷ
1270 1068 1334 1148 πυρί
1359 1071 1400 1149 τῷ
1421 1066 1603 1147 aeetae-ot

51 1169 128 1252 quid·
138 1191 233 1230 eorum
254 1169 383 1243 furorem,
395 1166 443 1244 qui
458 1164 536 1225 nullo
552 1185 673 1224 sermone
684 1162 772 1243 expli·
826 1162 871 1222 καί
886 1165 957 1242 λιμῶ
971 1161 1134 1244 παραδόντες
1147 1166 1271 1242 μοναχῶν
1286 1159 1332 1220 καί
1345 1157 1493 1242 παρθένων
1505 1158 1605 1239 χορούς,

53 1263 110 1324 cari
127 1274 224 1344 potest,
239 1259 392 1340 exprimere
406 1256 557 1318 contendo?
572 1269 700 1334 quantam
711 1275 770 1336 poe·
827 1255 872 1315 καὶ
893 1253 1073 1333 ίνδεδυμένους
1092 1253 1290 1334 γυμνώσαντες,
1304 1252 1352 1312 καί
1366 1250 1459 1321 ξένους
1477 1251 1558 1316 ὄντας
1578 1255 1605 1312 σί

52 1354 262 1437 nampestiferos
271 1350 336 1410 istos
343 1371 375 1410 ac
382 1348 570 1428 sanguinarios
579 1346 772 1406 hominessub·
828 1347 907 1426 μόνον
928 1346 965 1426 μὴ
991 1345 1195 1426 συναγαγόντες,
1215 1344 1351 1405 ἀλλὰκαὶ
1372 1343 1540 1414 ἐλάσαντες,
1563 1344 1607 1402 καί

51 1448 276 1508 iturostuncesse
288 1441 447 1502 existimas?
457 1443 529 1502 Nam
543 1438 622 1518 siqui
632 1438 771 1498 Christum
828 1442 1026 1520 ἀρρωστοῦντας
1043 1441 1072 1499 ού
1087 1438 1165 1518 μόνον
1182 1440 1229 1498 ούκ
1242 1435 1469 1516 ἐπισκεψάμενοι,
1483 1433 1608 1494 ἀλλὰκαὶ

50 1540 214 1601 esurientem
234 1556 287 1595 non
305 1534 441 1611 aluerunt,
457 1531 619 1613 sempiterno
637 1529 694 1609 igni
708 1550 772 1590 cum
827 1532 961 1592 ἐπιπλεῖον
973 1529 1172 1612 συντρίψαντες,
1186 1529 1232 1589 καλ
1249 1532 1279 1590 ού
1294 1527 1374 1608 μόνον
1389 1527 1554 1605 δεδεμένονς
1566 1529 1608 1586 σιέκ

51 1630 163 1691 diabolo
174 1628 340 1689 addicuntur
353 1649 359 1682 ι
371 1625 419 1705 qui
434 1625 629 1684 monachorum
640 1635 667 1682 et
680 1622 771 1703 virgi-
827 1623 932 1700 ἰδόντες,
943 1624 1012 1685 snt
1029 1623 1075 1683 καί
1087 1622 1244 1702 λελυμένους
1257 1625 1294 1689 είς
1313 1619 1509 1700 δεσμωτήριον
1520 1642 1608 1703 παρα·

52 1744 120 1783 num
128 1742 220 1802 greges
229 1721 256 1778 in
267 1721 365 1777 famem
376 1718 556 1798 conjecerunt,
565 1729 592 1776 et
600 1715 710 1776 vestitos
721 1736 772 1774 nu·
826 1717 1001 1786 σκευάσαντες
1011 1715 1183 1795 ἐμύαλέσθαε,
1193 1715 1314 1789 ἐννόησον
1329 1714 1398 1788 ὅσην
1409 1714 1608 1786 ὑποστήσαντα

52 1813 195 1888 darunt,et
204 1830 315 1894 peregre
323 1823 431 1889 agentes
441 1829 496 1867 non
504 1806 584 1867 modo
595 1828 649 1866 non
658 1806 773 1888 college·
800 1852 802 1860 .
826 1808 966 1892 τιμωρίαν.
978 1810 1048 1869 Τότε
1069 1809 1154 1867 τοίνυν
1172 1809 1231 1888 ὄψει
1252 1805 1346 1876 αὐτούς
1368 1806 1608 1885 ἅπατηγανεζομέ-

52 1918 128 1980 runt,
137 1903 183 1964 sed
196 1902 276 1961 etiam
290 1899 462 1981 expulerunt,
473 1912 500 1959 et
513 1899 608 1959 morbo
621 1897 773 1959 laborantes
827 1924 900 1975 νους,
917 1901 1149 1979 κατακαιομίνους,
1162 1898 1322 1980 δεδεμένους,
1335 1898 1399 1967 τοδε
1414 1899 1532 1967 όδόντας
1546 1898 1608 1980 βρύ-

53 2016 106 2055 non
117 1992 198 2054 modo
211 2013 264 2051 non
278 1991 432 2066 visitarunt,
440 1989 575 2050 sedetiam
588 1991 773 2051 vehementius
826 2016 933 2073 χοντας,
950 1991 1168 2074 ὀλοφυρομένους,
1178 1993 1309 2066 Ιοένόυητα
1322 1991 1421 2052 λσεπδν
1438 1997 1608 2072 θρηνοῦντας,

54 2086 221 2165 afflixerunt,
233 2097 259 2144 et
275 2105 328 2143 non
347 2082 428 2143 medo
446 2083 483 2143 ad
495 2104 540 2143 eos
554 2083 600 2162 qui
617 2083 645 2143 in
658 2083 773 2144 vinculis
826 2085 872 2145 καὶ
893 2088 1015 2166 ἄνιυρελῆ
1036 2091 1228 2164 μετανοοῦντας
1248 2084 1294 2144 καί
1319 2085 1442 2164 ἀκερδῆ,
1454 2082 1578 2162 καθάπερ
1595 2087 1607 2140 ί

53 2180 129 2239 mant
142 2200 199 2238 sese
212 2198 264 2238 non
279 2176 459 2253 contulerunt,
478 2176 620 2236 sedetiam
640 2189 670 2234 ut
690 2176 709 2236 ii
724 2176 772 2255 qui
790 2203 811 2250 ρ,
826 2176 950 2244 πλούσιος
965 2181 1071 2245 ἐκεῖνος.
1085 2176 1218 2258 ’ίλίνονταί
1228 2200 1257 2236 σε
1275 2176 1320 2236 καλ
1334 2168 1411 2236 οὗτοι
1430 2176 1518 2235 πάλιν
1532 2177 1561 2233 έν
1577 2177 1607 2252 τῇ

53 2270 134 2330 liberi
146 2291 178 2329 ac
190 2268 272 2329 soluti
286 2282 360 2327 erant
374 2267 403 2327 in
417 2289 551 2328 carcerem
564 2267 771 2348 conjicerentur,
827 2269 947 2352 μακαρία
967 2269 1040 2342 λήξει
1061 2268 1158 2348 ἐκείνη
1171 2275 1440 2350 στερονηροροῶσαν,
1466 2266 1538 2344 μετὰ
1559 2269 1607 2324 τῶν

54 2381 163 2442 operam
185 2360 328 2438 dederunt,
344 2373 456 2439 quantas
476 2380 569 2440 poenas
590 2350 688 2417 luituri
709 2359 773 2436 sint,
827 2361 946 2444 ἀγγέλων
968 2359 1137 2443 χορεύουσαν,
1158 2364 1196 2441 τῷ
1213 2363 1323 2442 Χριστῷ
1344 2358 1608 2438 συμὸασιλεύωσαν,

54 2452 155 2532 cogites
165 2451 239 2512 lieet.
251 2453 326 2511 Tum
341 2450 426 2531 igitur
439 2472 484 2528 eos
499 2450 615 2510 flammis
628 2451 774 2510 exeroeia-
827 2453 872 2514 καί
888 2454 1028 2534 βοήσονται
1041 2451 1128 2513 πολλὰ
1143 2453 1189 2512 καλ
1203 2451 1373 2534 θρηνήσουσι,
1387 2449 1607 2533 μεταγινώσκωρ

54 2557 133 2605 εοεαε
147 2544 351 2623 conflagrantes,
359 2542 608 2619 vinctos,dentibus
618 2541 772 2620 stridentes,
826 2569 870 2616 τες
892 2549 932 2627 ἐφ’
955 2537 993 2614 οἷς
1006 2544 1062 2613 ιἐἰς
1086 2543 1116 2604 σί
1136 2543 1310 2625 παρῴνησαν,
1330 2543 1378 2603 καί
1399 2542 1545 2623 ἱκετηρίαν
1570 2563 1608 2599 σοι

54 2632 156 2697 imstra
168 2618 452 2710 lamentantes,inntdi
462 2634 538 2693 luctu
551 2655 580 2693 se
592 2632 774 2709 conficientes,
826 2638 1018 2720 προστιθέντες,
1031 2637 1077 2698 καί
1100 2637 1174 2697 ἐλέου
1193 2635 1358 2716 μεμνημένοι
1378 2635 1430 2696 καί
1456 2637 1607 2718 ρελανθρω·

14 2774 17 2778 -
55 2741 136 2806 atque
146 2726 240 2785 divitis
247 2726 322 2785 illius
332 2725 361 2784 in
370 2724 635 2798 modum‚incassum
643 2724 771 2805 poeniten·
826 2732 903 2808 πίας,
914 2730 960 2792 καί
973 2729 1045 2792 οὐδὲν
1056 2729 1130 2792 ἔσται
1143 2731 1224 2791 πλέον
1241 2732 1338 2797 αὐτοῖς,

55 2831 95 2880 tes
105 2819 222 2881 ridebis.
235 2821 275 2878 Ac
288 2838 397 2877 rursum
409 2832 436 2876 te
444 2817 486 2877 illi
500 2818 527 2876 in
535 2815 622 2876 beatis
632 2815 688 2876 illis
703 2815 775 2877 sedi-

12 2977 15 2982 ,
53 2912 107 2972 bus
116 2916 243 2971 coronam
258 2923 417 2991 gestantem,
430 2929 493 2968 cum
505 2907 609 2989 angelis
622 2907 774 2989 tripudian-

54 3017 120 3079 εει,
132 3018 212 3082 atque
221 3023 282 3062 cum
298 3001 407 3060 Christo
417 3015 573 3080 regnantem
586 3000 728 3075 videbunt,
742 3020 774 3060 ac

53 3095 225 3154 veliementer
235 3093 425 3152 exclamabunt
438 3105 465 3175 et
477 3090 664 3172 ingemiscent,
679 3104 773 3151 eontu-

55 3186 208 3258 meliarum,
222 3205 289 3264 quas
311 3183 362 3243 tibi
381 3184 545 3261 inusserunt,
560 3183 728 3265 prenitentes,
741 3205 773 3244 ac

19 3331 21 3335 .
53 3277 190 3360 supplices
199 3276 306 3356 libellos
314 3275 366 3335 tibi
380 3276 530 3351 offerentes,
545 3275 773 3335 misericordiam·

53 3390 107 3448 que
114 3383 140 3429 et
150 3368 347 3442 humanitatem
358 3382 432 3427 triam
444 3368 580 3432 incassum
590 3355 773 3449 implorantes.
810 3430 822 3470 ⁸

96 3465 144 3520 tt.
168 3461 231 3520 Haec
241 3461 325 3540 igitur
335 3461 423 3520 omnia
434 3475 523 3531 tecum¹
537 3460 775 3540 consideransque
784 3433 813 3534 δή
870 3465 965 3523 Ταῦτα
978 3453 1022 3522 οδε
1040 3461 1145 3523 ἅπαντα
1161 3463 1316 3543 λογιζομένη
1329 3463 1413 3546 ἔπρδε
1427 3469 1554 3546 συνεχῶς
1570 3487 1615 3525 σου

55 3553 153 3615 animae
164 3567 217 3612 tuae
227 3567 357 3634 perpetuo
370 3552 463 3612 aceine
473 3576 481 3609 ε
492 3553 584 3631 sicque
593 3553 667 3613 hunc
679 3554 776 3636 pulve·
829 3561 862 3637 τῇ
876 3559 960 3637 ψυχῇ,
973 3554 1019 3614 καλ
1033 3553 1079 3626 τήν
1094 3555 1188 3614 ’κονίαν
1208 3555 1256 3628 (al.
1277 3556 1364 3635 κόνιν)
1377 3557 1485 3631 ταύτην
1511 3560 1616 3617 διασκε·

1 3673 48 3716 ota·
58 3668 114 3707 rem
128 3645 263 3706 discutere
280 3645 389 3726 poteris.
402 3645 539 3719 Quoniam
553 3658 654 3718 autem,
672 3660 701 3704 ut
715 3647 776 3725 qui·
830 3646 909 3707 δύσαε
926 3646 1033 3725 δυνήσῃ.
1046 3645 1158 3719 Ἐπειδὴ
1173 3646 1200 3706 δέ
1214 3646 1361 3730 καλῖτερόν
1374 3650 1480 3709 ἔστιτὸ
1496 3648 1618 3727 μοίλιοτύ

17 3738 123 3797 ¹³¹·deut
143 3759 202 3796 mea
224 3737 316 3816 opinio
338 3738 398 3811 fert,
412 3735 488 3795 aliud
510 3736 622 3815 quidem
638 3751 689 3816 est,
703 3738 776 3817 qood
831 3762 861 3799 σε
878 3739 987 3810 ὀδυνῶν,
1003 3740 1039 3804 ὡς
1056 3736 1139 3816 ἔγωγε
1150 3728 1239 3813 οἶμαι,
1254 3738 1315 3819 ρέρε
1328 3739 1374 3798 καί
1384 3741 1476 3800 τούτω
1490 3744 1617 3821 τῶλογε·

8 3798 50 3900 „fb
60 3843 86 3889 te
99 3827 246 3910 prasertim
260 3827 336 3919 angit
344 3841 370 3886 et
380 3828 528 3900 excruciat,
537 3849 587 3906 age
596 3828 661 3887 huic
670 3850 786 3915 quoque
831 3832 892 3909 σμῷ
904 3827 1145 3905 κατασκευάσωμεν
1158 3829 1189 3888 τδ
1207 3830 1347 3911 ρύρμακον
1365 3831 1438 3908 μετὰ
1457 3799 1524 3892 τῶν·
1542 3835 1620 3914 εἰρη-

10 3921 50 3964 d0·
59 3916 215 3998 cogitationi
229 3938 278 3995 per
292 3938 334 3991 ea,
351 3939 410 3994 quae
424 3916 498 3979 dicta
512 3931 575 3976 sunt
590 3932 616 3977 et
632 3941 692 3996 qoae
705 3941 778 3980 nunc
831 3920 916 3999 μόνων
928 3921 974 3979 καί
989 3919 1060 3980 ύνῶν
1074 3923 1193 3998 ἐροῦμεν.
1205 3922 1258 3981 Καί
1268 3922 1320 4005 γὰρ
1331 3915 1411 4003 οἶμαί
1426 3948 1459 3985 σε
1478 3927 1576 4006 ἀλγεῖν
1591 3924 1620 3982 ού

58 4005 158 4068 dicturi
168 4002 456 4083 sumus,pharmacum
465 4005 714 4083 paremussstenim
723 4027 777 4066 non
832 4010 877 4071 δεδι
894 4017 979 4070 ταῦτα
998 4011 1086 4089 μόνον,
1109 4012 1178 4072 ἀλλὰ
1198 4013 1243 4072 καλ
1263 4012 1307 4073 δεδι
1325 4015 1357 4074 τὸ
1376 4015 1554 4098 κεχωρίσθαι
1573 4018 1621 4087 τ’ής

58 4099 94 4160 ob
104 4097 170 4156 baec
189 4108 295 4154 tantum
312 4093 379 4152 mihi
395 4093 423 4151 in
438 4091 531 4151 dolore
547 4095 649 4153 versari
662 4096 775 4175 rideris,
833 4101 962 4170 οὔδονοίος
976 4107 1024 4173 τῆς
1042 4103 1184 4182 ἡμετέρας,
1205 4104 1251 4163 καὶ
1264 4111 1341 4165 τοῦτο
1363 4107 1501 4178 διηνεκῶς
1515 4113 1622 4191 θρηνεῖν

56 4185 353 4277 sedetiam,quodame
361 4184 412 4245 rili
420 4184 585 4243 homunculo
593 4187 712 4264 sejuncta
722 4188 776 4246 sis:
833 4215 881 4266 σε,
906 4193 952 4252 καί
973 4194 1038 4275 πρδς
1060 4193 1179 4261 ἅπαντας
1204 4195 1312 4275 λέγειν·
1334 4198 1383 4255 οὐκ
1410 4198 1551 4277 ἀκούομεν
1575 4203 1623 4271 τῆς

56 4280 181 4360 illudque
195 4280 297 4358 lugere,
311 4289 392 4354 atque
403 4272 478 4356 apud
490 4295 583 4333 omnes
596 4272 686 4335 dicere
697 4300 703 4332 :
715 4277 778 4336 Lin-
833 4281 952 4364 γλήνη-ης
966 4283 1082 4357 ἐκείνης,
1094 4285 1153 4345 οὐδὲ
1167 4286 1335 4364 ἀπολαύομεν
1353 4292 1403 4360 νῆς
1423 4290 1562 4361 συνήθως
1585 4292 1623 4349 δν.

56 4395 139 4453 guam
149 4372 226 4431 illam
237 4391 290 4430 non
302 4367 438 4442 audimus,
446 4387 494 4428 nec
504 4386 604 4444 ea,qua
615 4366 777 4446 solebamus,
834 4374 987 4444 densabitur,
999 4374 1068 4434 ἀλλὰ
1079 4379 1105 4434 έν
1115 4376 1188 4458 λιμῷ
1203 4379 1455 4457 κατακεκλείσμεθα
1467 4403 1475 4417 ·
1492 4383 1544 4441 καί
1558 4382 1624 4462 ὅπερ

57 4465 179 4525 doctrina
187 4464 314 4537 fruimur,
325 4480 418 4521 verum
426 4460 497 4518 same
505 4479 659 4518 mercemur
670 4483 677 4515 ε
690 4460 777 4539 quod-
796 4484 815 4530 n
833 4465 977 4539 ἠπείλησεν
999 4470 1013 4525 ὁ
1033 4466 1102 4535 Θεὸς
1124 4476 1179 4535 τοῖς
1198 4468 1334 4550 Ἑὸραίοες
1360 4470 1443 4547 τότε,
1471 4478 1557 4534 τοῦτο
1578 4480 1623 4533 νῦν

2 4591 47 4626 ην,
58 4581 111 4639 que
121 4561 195 4619 Deus
208 4555 329 4614 Hebraeis
338 4552 476 4632 quondam
489 4552 656 4623 minabatur,
665 4550 695 4611 id
705 4573 778 4613 nunc
833 4553 1009 4633 ὑπομένομεν,
1023 4559 1052 4616 ού
1067 4559 1145 4633 λιμδν
1160 4561 1250 4638 οίρτου,
1263 4560 1323 4620 οὐδὲ
1334 4560 1415 4641 δίψαν
1430 4563 1543 4639 ὕδατος,
1553 4563 1625 4625 ἀλλὰ

58 4651 189 4734 patimur,
202 4667 297 4727 nempe
310 4666 363 4703 non
378 4644 457 4724 panis
469 4644 578 4719 samem,
592 4663 640 4701 nec
652 4643 776 4721 aquaesi-
833 4645 912 4722 λεμδν
932 4647 1002 4715 θείας
1021 4647 1202 4717 διδασκαλίας.
1223 4650 1259 4710 Τί
1278 4641 1323 4710 ούν
1341 4657 1423 4730 ἡμεῖς
1443 4655 1516 4731 πρὸς
1537 4661 1625 4714 ταῦτα

58 4743 121 4819 tim,
132 4743 179 4801 sed
191 4740 291 4799 divinae
303 4735 432 4794 doctrine
444 4735 551 4793 famem.
563 4731 639 4807 Quid
648 4732 732 4813 igitur
741 4733 777 4792 ad
835 4739 958 4815 ίροῶμενς
970 4736 1038 4797 Ὀτι
1058 4740 1176 4816 μα’λεστα
1191 4740 1238 4818 μέν
1252 4741 1337 4810 ἔξεστί
1360 4766 1403 4802 σοε
1421 4744 1471 4802 καὶ
1497 4746 1625 4804 ἁπάντων

58 4836 117 4894 haec
137 4830 277 4910 dicemus?
298 4825 436 4887 Nimirum
459 4823 530 4884 illud
552 4823 682 4901 maxime,
704 4823 778 4900 quod
834 4831 911 4904 ἡμῶν
923 4829 1023 4904 ὁμιλεῖν
1038 4837 1093 4896 τοῖς
1114 4831 1225 4909 βεύλίοις
1238 4841 1291 4898 τοῖς
1301 4833 1456 4913 ἡμετέροις.
1468 4837 1528 4895 Καὶ
1546 4842 1626 4915 ἡμεῖς

59 4925 110 4986 tibi
122 4925 203 4983 etiam
219 4921 298 4981 nohis
312 4917 468 4977 absentibus
481 4916 510 4975 in
522 4915 657 4975 librorum
671 4927 777 4973 nosno-
835 4919 863 4976 δὲ
875 4918 992 4991 σπουδήν
1004 4920 1179 4999 ποιησόμεθα,
1199 4922 1230 4982 ἂν
1252 4925 1478 5004 ίετετυγχοίνωμεν
1492 4941 1627 5010 γραμμαέ

60 5037 122 5076 rum
135 5015 248 5074 lectione
258 5008 362 5073 versari
377 5009 449 5068 licet.
459 5008 516 5066 Nos
527 5026 645 5086 quoque,
657 5004 679 5064 si
691 5005 777 5064 tabel·
833 5007 964 5087 τηρόρων,
983 5019 1100 5090 συνεχεῖς
1120 5036 1161 5072 σοι
1174 5013 1220 5073 καί
1233 5014 1335 5081 πυκνὰς
1354 5016 1400 5075 καλ
1417 5017 1533 5098 μακρδες
1551 5018 1625 5095 πύμ-

97 5192 108 5223 ι
125 5172 189 5222 Tres
200 5171 258 5220 Mss
274 5178 371 5225 ἀνόνητα
385 5173 469 5228 λοιπόν,
483 5160 550 5214 Editi
563 5171 677 5220 ἀνόνητον.
872 5161 884 5197 ¹³
902 5163 957 5216 Duo
969 5163 1026 5215 Μες,
1041 5174 1070 5225 21,-
1083 5173 1106 5218 ,ᾗ
1118 5172 1273 5241 ggmpggmo·
