3810 6000
196 377 266 448 810
531 391 561 438 S·
590 390 729 439 JOANNlS
756 362 938 438 cflnt'sos'r.
970 389 1128 437 AliClllEP.
1157 368 1437 469 cohspnnnnor.

196 521 275 596 lions,
286 530 403 577 errantes
415 517 443 576 in
454 516 527 578 viam
541 514 680 589 reducens,
693 513 813 593 perditos
825 498 919 592 requi:
970 516 1019 585 τη”ς
1031 514 1093 571 ὁδοῦ
1111 509 1200 571 πυκνά
1216 509 1334 588 πέμπων
1347 508 1381 568 τά
1397 506 1568 586 γράμματα,
1581 508 1637 567 isui

199 632 261 671 rens
276 623 302 669 et
321 609 468 683 inveniens,
484 606 623 667 universas
634 604 738 666 diaboli
752 604 842 686 copias
856 626 917 665 con·
972 604 1112 681 ἐθαύμασα
1125 606 1182 669 πῶς
1192 605 1245 660 τῶν
1260 600 1324 681 περὶ
1334 601 1380 659 τὸν
1397 598 1494 680 κύριόν
1505 622 1558 676 μου
1571 598 1641 658 τὸντ

201 699 358 761 cidens.Est
371 699 442 758 enim
453 695 522 756 mibi
543 708 692 777 perspecta,
702 695 780 770 mihi,
796 695 918 775 inquam,
972 716 1017 752 τον
1030 693 1076 752 καὶ
1087 690 1278 752 εθλαάέστατον
1295 690 1433 751 Θεόδοτον
1448 689 1494 748 τὸν
1508 688 1640 772 πρεσὸύτε

202 805 339 873 perspecta
361 803 400 849 est
422 788 507 849 animi
527 789 568 847 tui
585 787 740 867 vigilantia,
757 788 854 848 mentis
867 801 921 846 tuae
974 772 1162 867 ραγινσμένων,
1176 785 1224 842 οὔκ
1236 780 1416 848 ἐπέσταλκας.
1435 778 1488 839 'lo'
1503 772 1551 840 οὖν
1565 778 1603 857 μὴ
1615 803 1641 840 τι

202 905 266 943 eura
277 896 302 942 et
315 871 479 958 sollicitudo,
493 880 634 961 sagacitas,
647 879 824 958 concinnitas,
837 880 929 940 comi*
973 881 1079 955 γῶμεν,
1095 876 1133 955 μὴ
1150 877 1287 955 δεχόμενοι
1301 873 1458 955 γράμματα
1471 877 1523 944 τῆς
1537 876 1587 943 σῆς
1599 894 1641 951 πιμ

202 989 254 1052 tas,
268 972 414 1047 fortitudo,
433 971 528 1049 robur,
551 970 708 1031 constantia.
725 970 817 1043 Quare
839 991 921 1049 quam
974 972 998 1028 sl
1011 959 1064 1029 οἷόν
1078 992 1108 1027 τε
1121 960 1156 1049 ᾗ,
1171 967 1250 1026 ι’καθ’
1260 967 1378 1039 ἑκάστην
1397 965 1484 1043 μονὴν
1501 965 1595 1043 πέμπε
1605 969 1641 1042 igr

203 1063 348 1146 saepissime
370 1063 455 1125 velim
474 1062 512 1122 ad
529 1082 578 1122 nos
596 1060 698 1122 scribas
710 1086 717 1120 ι
727 1076 808 1141 atque
828 1062 921 1141 etiam,
974 1065 1031 1140 χῶς
1043 1059 1200 1134 ἐπιστολάς,
1215 1059 1259 1118 θνα
1272 1057 1455 1137 μανθάνωμεν
1469 1055 1556 1117 πόσον
1572 1080 1601 1116 τε
1612 1078 1641 1138 πρ

203 1155 361 1235 priusquam
374 1154 402 1213 in
416 1153 583 1214 Puoeniciam
596 1153 762 1234 perveneris,
776 1172 813 1213 ex
828 1153 923 1213 itinere
975 1157 1023 1224 τῆς
1036 1154 1105 1226 ὁδοῦ,
1118 1151 1165 1212 καί
1178 1154 1201 1211 εἰ
1214 1150 1328 1224 πλησίον
1343 1150 1460 1229 γέγονας
1473 1153 1532 1208 τῶν
1547 1152 1641 1229 μαρῖννι

203 1248 353 1325 frequentes
365 1246 401 1306 ad
415 1267 464 1305 nos
478 1245 571 1305 literas
587 1245 687 1312 mittas,
703 1243 837 1324 siquidem
851 1265 923 1305 nunc
940 1249 959 1297 C
975 1243 1052 1302 Πάνυ
1066 1242 1118 1323 γάρ
1136 1245 1316 1322 μεριμνῶμεν,
1329 1240 1382 1328 καίΝ
1391 1241 1574 1321 φροντίζομεν
1585 1262 1593 1277 ·
1606 1240 1641 1299 κά

205 1357 310 1417 qnoque
324 1338 437 1397 miratus
447 1359 508 1397 sum
519 1351 556 1416 te,
572 1358 634 1397 cum
652 1335 779 1397 dominus
789 1357 866 1399 muts
880 1359 922 1397 re·
977 1340 1045 1413 μεθα
1057 1340 1141 1394 ταῦτα
1161 1335 1220 1393 καθ’
1241 1332 1357 1405 ἑκάστην
1378 1330 1490 1411 ἡμέραν
1514 1331 1641 1410 μανθάνω

203 1428 413 1489 verendissimus
423 1449 454 1487 ac
465 1428 682 1508 religiosissimus
693 1427 853 1490 Theodotus
862 1450 922 1510 pre·
975 1420 1020 1488 siv
1044 1426 1129 1500 εἰδὼς,
1150 1425 1225 1506 κύριέ
1250 1423 1301 1504 μοι
1324 1423 1498 1503 τιμιώτατα,
1524 1423 1633 1503 χάρισαι

204 1520 298 1600 sbytcr
307 1520 363 1580 buc
372 1519 457 1595 venit,
468 1518 537 1579 nihil
546 1519 582 1578 ad
591 1540 639 1580 nos
652 1520 795 1580 literarum
803 1518 920 1580 dedisse.
975 1523 1041 1599 ἡμῖν
1055 1518 1183 1599 μεγίστην
1196 1516 1245 1589 τὴν
1266 1516 1364 1598 χάριν,
1381 1516 1431 1576 καί
1444 1513 1544 1598 πρίνῆ
1564 1516 1641 1576 dall

204 1611 337 1682 Quocirca
346 1632 379 1671 ne
388 1610 643 1670 rursuseonomine
655 1610 777 1671 dolorem
788 1611 924 1692 concipia-
975 1612 1081 1672 ἐπειδὰν
1104 1609 1235 1689 ἀπέλθῃς,
1259 1616 1378 1688 συνεχεῖς
1401 1607 1526 1687 πέμπων
1544 1607 1641 1667 immol

205 1723 277 1773 mus,
295 1701 368 1781 quod
383 1701 472 1761 nullas
489 1701 537 1760 abs
558 1714 584 1760 te
603 1700 695 1760 literas
714 1700 889 1782 accipiamus,
899 1701 923 1794 si
975 1702 1063 1762 πάντα
1083 1706 1147 1780 ἡμῖν
1168 1702 1271 1775 δηλῶν,
1294 1700 1338 1759 ἵνα
1363 1699 1413 1759 tto
1435 1699 1487 1777 μὲν
1512 1696 1641 1779 αανυρθάρ

205 1793 265 1852 fieri
272 1806 368 1875 potest,
374 1815 408 1855 ex
418 1792 532 1872 singulis
544 1792 625 1853 etiam
635 1792 821 1853 mansionibus
829 1792 866 1853 ad
876 1813 923 1853 nos
974 1794 1122 1875 χαίρωμεν,
1134 1793 1179 1853 καί
1190 1791 1394 1873 εὐφραινώμεθα
1405 1814 1412 1828 ·
1426 1790 1460 1850 ἀν
1475 1789 1507 1851 dl
1518 1791 1641 1869 καλάμου

204 1885 301 1961 scribe,
316 1897 347 1943 ut
357 1897 490 1963 quantum
507 1882 557 1944 via
569 1884 737 1964 processeris,
752 1897 778 1947 et
791 1904 857 1945 num
864 1885 922 1965 jam
974 1886 1081 1967 τρόπῳ,
1100 1884 1146 1944 καί
1162 1884 1236 1963 πάσῃ
1259 1885 1363 1962 σπουδῇ
1384 1879 1549 1962 πειρώμεθα
1564 1881 1629 1942 stet

204 1975 285 2035 abiis
300 1977 355 2035 oris
367 1974 441 2035 haud
452 1975 548 2057 procul
556 1975 605 2049 sis,
615 1975 809 2054 intelligamus.
820 1976 853 2039 In
866 1997 922 2036 ma-
975 1979 1017 2036 Οὐ
1035 1976 1087 2058 γὰρ
1101 1975 1272 2056 ἡσυχάσαμεν
1285 1973 1332 2034 καὶ
1349 1975 1385 2032 δι’
1406 1976 1534 2048 ἑαυτῶν,
1549 1973 1595 2033 καὶ
1606 1973 1637 2031 δι’

202 2086 256 2147 gna
269 2067 340 2127 enim
352 2088 417 2127 eura
426 2081 453 2127 et
463 2066 747 2128 sollicitudinesurnus
758 2066 923 2146 ratqnebaec
976 2059 1013 2128 ὧν
1027 2068 1057 2128 ἂν
1072 2059 1125 2129 οἶόν
1141 2091 1171 2126 τε
1189 2058 1221 2147 ᾖ,
1235 2074 1312 2126 τοῦτο
1332 2069 1496 2138 ποιοῦντες,
1511 2065 1564 2125 κάν
1583 2085 1641 2145 μυρι

202 2156 322 2237 quotidie
336 2159 404 2219 seire
414 2159 548 2239 cupimus.
559 2158 627 2231 Qua
637 2179 701 2218 eum
709 2157 921 2235 noris,reveren·
976 2163 1014 2227 είς
1036 2159 1084 2234 τὴν
1111 2156 1391 2218 Κωνσταντινοάπολιν
1417 2160 1584 2217 ἀποστεῖλαι
1608 2154 1641 2234 θάιΙ

203 2248 314 2309 dissime
332 2248 449 2328 domine,
462 2249 515 2310 hoe
528 2250 597 2317 mibi
612 2271 661 2330 pro
672 2271 779 2310 summo
791 2248 922 2310 beneficio
976 2250 1078 2322 πολλήν
1091 2272 1133 2310 σοι
1145 2249 1265 2329 γενέσθαι
1278 2246 1327 2320 τὴν
1339 2246 1480 2320 εὐκολίαν,
1494 2246 1557 2307 οὐδὲ
1570 2250 1641 2305 τοῖσι

204 2340 328 2416 concede,
343 2355 374 2400 ut
394 2356 457 2402 ante
472 2341 620 2401 discessum
635 2354 729 2416 tuum,
748 2352 830 2419 atquo
841 2339 922 2400 etiam
939 2342 960 2388 Ι)
976 2339 1120 2418 εησόμεθα.
1133 2338 1219 2399 Ταῦτ’
1236 2331 1280 2399 οὖν
1297 2338 1391 2412 εἰδὼς,
1407 2337 1444 2397 ris
1458 2338 1538 2418 παρὰ
1552 2342 1641 2398 eamd

203 2446 263 2511 post
274 2431 432 2508 discessum,
446 2432 553 2493 crebras
565 2432 658 2493 literas
671 2431 779 2508 mittas,
794 2451 923 2510 curesque
975 2437 1052 2511 ἡμῖν,
1065 2431 1114 2504 τὴν
1127 2429 1283 2510 ἀγρυπνίαν,
1293 2429 1340 2489 καὶ
1350 2429 1402 2500 τὴν
1416 2429 1555 2502 σπουδήν.
1568 2427 1641 2489 Κθνί

204 2537 233 2582 nt
245 2523 335 2585 omnia
344 2523 461 2584 sciamus
472 2548 479 2582 τ
489 2545 543 2603 quo
555 2523 577 2584 si
587 2545 629 2584 res
640 2543 800 2605 prosperum
812 2543 922 2584 cursum
976 2522 1060 2603 δεήσῃ
1083 2524 1282 2593 ἀποσταλῆναι,
1299 2521 1345 2580 καί
1368 2525 1451 2579 τοῦτο
1473 2520 1594 2593 δήλωσον
1611 2523 1641 2597 ig

202 2629 318 2692 teneant,
332 2614 433 2695 gaudio
448 2636 479 2675 ac
492 2615 630 2696 voluptate
644 2614 812 2674 afficiamur:
822 2613 864 2673 sin
875 2634 923 2672 au·
975 2619 1028 2674 εῶν
1043 2613 1183 2695 λειψάνων
1199 2611 1227 2673 δὲ
1245 2611 1332 2672 ένεκεν
1351 2616 1408 2671 τῶν
1422 2612 1513 2693 ἁγίων
1537 2611 1641 2695 papula

202 2719 256 2765 tem
276 2705 470 2787 impedimenta
484 2705 662 2787 objiciantur,
676 2705 751 2765 omni
773 2704 876 2767 ratione
890 2725 923 2765 ae
976 2729 1068 2786 ριμνος
1081 2705 1125 2766 ἔσο
1135 2727 1143 2743 ·
1155 2704 1201 2764 καί
1211 2703 1263 2785 γάρ
1274 2702 1370 2770 εὐθέως
1381 2702 1538 2763 ἀπάστεελα
1551 2701 1641 2784 sioni

204 2797 380 2859 studioeade
392 2797 482 2860 medio
499 2797 594 2859 tollere
605 2797 734 2857 nitamur.
746 2797 839 2875 Neque
850 2795 923 2857 enim
974 2797 1020 2857 τὸν
1043 2794 1232 2856 εθλαάέσεατον
1255 2792 1439 2874 πρεσάάτερυν
1462 2795 1510 2854 τὸν
1535 2793 1641 2875 Τερίνπ

112 2907 118 2917 ·
202 2904 264 2949 ante
285 2890 512 2970 conquiescemus,
528 2910 611 2967 quam
632 2902 660 2948 et
679 2909 729 2969 per
750 2908 810 2967 nos,
828 2900 855 2947 et
874 2908 923 2969 per
974 2889 1020 2949 τὸν
1031 2887 1120 2969 κύριόν
1133 2887 1251 2966 μονθτὸν
1263 2886 1464 2945 εθλαάέστατον
1478 2882 1641 2946 tatami

202 2980 281 3058 alios,
297 2981 321 3041 si
342 2981 402 3040 fieri
426 2981 523 3061 possit,
545 2980 598 3040 boc
619 2980 797 3055 effecerimus,
817 2977 923 3040 etiarnsi
974 2978 1019 3039 τὸν
1033 2978 1200 3059 Ἆραὸισσοθ.
1218 2979 1302 3045 Αὐτὸς
1314 2976 1368 3057 γὰρ
1382 2976 1443 3058 έχει
1457 2976 1506 3036 καί
1521 2981 1641 3059 ἀναμριεί

203 3071 302 3131 millies
316 3072 360 3134 vel
374 3072 402 3131 in
416 3072 510 3131 urbem
523 3071 847 3151 constantinopolitanam
859 3070 925 3130 mit·
976 3072 1022 3135 καὶ
1042 3070 1143 3145 πολλά,
1157 3070 1202 3130 καί
1225 3069 1287 3130 τίσω
1307 3069 1405 3145 ὀλίγων
1425 3072 1540 3150 ἡμερῶν
1563 3071 1641 3128 dm

203 3176 258 3221 tere
272 3182 376 3222 necesse
387 3163 431 3238 sit,
441 3182 495 3241 quo
509 3162 599 3221 omnia
614 3161 665 3221 tibi
679 3162 759 3221 valde
768 3183 853 3242 prona
862 3162 925 3222 red-
976 3187 1018 3225 σοι
1031 3169 1116 3224 ταῦτα
1130 3166 1167 3228 εἰς
1179 3162 1228 3234 τὴν
1244 3161 1387 3233 Φοινίκην.
1405 3160 1504 3232 Μηδὲν
1523 3160 1608 3221 τοίνυν
1624 3158 1641 3219 A

203 3251 314 3329 damus,
328 3274 361 3312 ne
375 3251 406 3312 id
424 3251 534 3332 quidem
548 3252 636 3311 facere
652 3251 845 3315 recusabimus.
860 3253 924 3314 Hac
975 3256 1058 3317 νέσθω
1081 3260 1134 3315 τῶν
1154 3250 1228 3332 παρά
1249 3258 1297 3325 τῆς
1313 3257 1362 3324 σῆς
1381 3252 1550 3330 τιμιότητος.
1566 3247 1641 3328 Tisi

202 3343 288 3423 igitur
301 3365 364 3404 cum
378 3344 427 3404 tibi
441 3358 503 3405 nota
519 3344 584 3418 sint,
598 3366 658 3423 (μισ
672 3345 713 3403 tui
729 3345 848 3404 muneris
862 3358 924 3409 sunt
975 3352 1051 3425 ἡμῶν
1078 3353 1140 3428 ὁρᾷς
1160 3351 1217 3426 μεθ’
1237 3345 1301 3421 ὅσης
1321 3343 1507 3424 πεπλήρωται
1529 3348 1578 3414 τῆς
1599 3364 1641 3425 πρε

204 3436 282 3496 nobis
294 3444 403 3518 praesta,
419 3436 588 3517 vigilantiam
603 3457 634 3495 ae
645 3436 824 3516 diligentiam.
841 3436 923 3510 Quod
941 3450 959 3498 Ε
975 3442 1108 3514 Σπεῦσον,
1121 3439 1165 3498 ἵνα
1181 3438 1233 3517 πρθ
1253 3443 1299 3495 τοῦ
1315 3439 1451 3516 χειμῶνος
1466 3438 1579 3516 δυνηθῇς
1591 3433 1635 3501 ele

204 3528 226 3587 si
242 3528 338 3588 iratres
352 3529 433 3588 etiam
446 3527 518 3587 mitti
533 3542 657 3608 oportere
669 3540 757 3609 putes,
771 3527 802 3587 id
817 3550 923 3607 qnoque
975 3558 1035 3613 γους
1050 3531 1192 3607 ἐκκλησίας
1206 3530 1362 3610 ἀπαρτίσαι.

202 3620 627 3681 [nesciamDesanctorumvero
637 3621 923 3701 martyrumreliqniis

203 3711 261 3770 sine
273 3733 337 3770 eura
350 3724 407 3771 esto
419 3735 426 3768 ι
436 3710 577 3771 confestim
596 3711 667 3771 enim
689 3711 922 3791 religiosissimum

203 3803 345 3862 dominum
355 3825 445 3863 meum
459 3804 647 3884 presbyterum
658 3805 816 3865 Terentium
828 3805 864 3865 ad
873 3804 922 3865 do-

204 3894 309 3953 minum
321 3915 410 3954 meum
424 3894 578 3974 piissimum
592 3895 715 3954 Otreium
730 3896 851 3956 Arabissi
865 3898 921 3978 epi-

205 4005 315 4066 scopum
327 3985 398 4044 misi.
408 3987 478 4044 Nam
492 3986 552 4066 ipse
560 3999 586 4045 et
596 3987 695 4046 multas
706 4001 732 4046 et
746 3988 858 4050 minime
869 3988 922 4047 du-

203 4077 262 4136 bias
276 4076 366 4150 habet,
375 4098 441 4155 quas
453 4076 547 4157 patrois
556 4076 654 4136 diebus
668 4077 695 4136 in
707 4078 875 4139 Phoenicium
886 4081 922 4138 ad

204 4181 230 4225 te
243 4169 388 4229 mittemus.
403 4170 494 4242 Quare
515 4168 549 4228 da
570 4189 691 4249 operam,
712 4192 745 4230 ne
765 4171 855 4233 officio
876 4185 923 4232 tuo

204 4260 259 4319 ulla
278 4283 313 4320 ex
333 4275 410 4341 parte
430 4260 511 4320 desis.
529 4261 599 4319 Nam
619 4282 679 4339 quae
700 4263 784 4323 nostri
803 4264 923 4324 muneris

204 4366 281 4429 sunt,
296 4368 395 4432 quanta
416 4375 479 4412 rum
502 4353 585 4413 animi
608 4354 804 4434 promtitudine
816 4370 922 4437 praeste·

205 4465 274 4521 murs,
289 4445 376 4505 vides.
391 4445 496 4505 Festina
516 4445 615 4524 itaque,
631 4460 661 4505 ut
674 4460 736 4505 ante
750 4447 865 4507 hiemem
881 4468 923 4506 ee-

204 4536 310 4612 elesias,
325 4559 384 4616 quae
397 4538 455 4597 sine
469 4551 536 4598 tecto
548 4551 624 4616 sunt,
635 4538 765 4619 perlicere
778 4559 870 4617 queas.

237 4697 250 4733 Β
268 4693 397 4763 [Saritai
409 4698 453 4748 σῖάν
464 4719 502 4761 τε,
514 4696 607 4745 omisso
618 4696 654 4762 ᾗ]
664 4702 720 4749 Καθ’
732 4701 830 4757 ἑκάστην
838 4710 918 4766 μονήν,
931 4717 964 4748 ex
989 4705 1071 4753 άιασαῡ.
1085 4696 1167 4751 Vatic.
1182 4704 1301 4752 ίπίσκσπον
1314 4695 1424 4769 dephtca.
1439 4695 1517 4749 Satil.
1529 4683 1641 4763 thqffd

203 4774 312 4840 singulis
321 4771 582 4826 mansionibusnmt
593 4774 619 4822 in
630 4775 766 4825 itinerario
777 4773 897 4826 Antonini
908 4794 965 4841 pas-
990 4779 1020 4826 ln
1034 4773 1103 4825 Edit.
1116 4773 1202 4825 blorel.
1220 4789 1301 4845 Τρήῐου
1313 4773 1389 4826 malo.
1402 4776 1464 4842 tteg.
1478 4788 1510 4842 τῷ
1522 4781 1585 4841 κυρίῳ
1595 4785 1641 4835 μοι

201 4854 263 4911 sim,
281 4854 306 4901 in
327 4850 431 4917 aliisque
448 4847 519 4900 libris
537 4852 679 4902 blunsiones
701 4864 833 4917 vocantur,
844 4868 965 4921 erantque
990 4863 1101 4920 ἐπιοκθπῳ
1120 4851 1210 4923 depuis)
1223 4851 1358 4921 λραάισαου.
1372 4852 1528 4902 llemoretur
1542 4839 1641 4899 etalinsl

200 4931 321 4980 stationes
332 4942 358 4980 et
375 4928 512 4979 diversoria
525 4929 550 4979 in
564 4929 626 4980 vicis
638 4930 745 4996 publicis
755 4934 908 4991 constituta,
920 4932 962 4982 nbi
988 4934 1118 4998 episcopus
1135 4928 1255 4979 Melitinae
1273 4928 1342 4994 apud
1361 4930 1494 4980 Socratem
1510 4924 1554 4978 lib.
1572 4927 1593 4985 5,
1608 4933 1641 4983 αθ

200 5005 381 5056 divertebatur.
395 5004 544 5056 Athanasius
563 5007 587 5056 in
600 5006 720 5076 Apologia
738 5008 770 5059 de
787 5009 846 5077 iuga
857 5009 921 5061 dicit
937 5015 962 5063 in
987 5009 1054 5076 apud
1067 5011 1169 5060 Sozom.
1182 5006 1228 5058 lib.
1242 5011 1266 5071 6,
1279 5024 1336 5072 cap.
1352 5011 1393 5061 ll,
1407 5019 1433 5059 et
1445 5006 1490 5058 lib.
1501 5010 1525 5072 7,
1538 5022 1588 5070 cap.
1599 5004 1617 5049 9·

199 5083 288 5133 itincre
299 5082 449 5134 Alexandria
460 5083 618 5134 Antiochiam
632 5089 663 5136 36
677 5089 819 5138 mansiones
830 5105 892 5138 esse.
1020 5090 1033 5129 d
1049 5089 1112 5139 Tres
1123 5089 1183 5139 Mss.
1197 5094 1356 5152 accepissetis.

232 5176 242 5198 ε
261 5162 364 5212 Coislin.
377 5171 414 5216 τὸν
430 5168 592 5217 illitteratos
608 5172 725 5220 ίπὶσκαπου
738 5163 835 5237 deputes
847 5175 885 5221 εθν
897 5164 959 5237 Apa-
