3764 5992
750 528 930 579 seurota.
1545 511 1614 609 757

215 752 257 826 ξέ.
273 756 421 836 Μαρκιανῷ
434 754 479 815 καὶ
492 753 698 838 θΜαραελλίνιμ.
1005 762 1095 821 w.
1110 764 1267 822 Marciano
1280 775 1309 824 et
1325 764 1512 840 Marcellino.

112 943 253 1022 ’θρααὶῖααθ
267 942 342 1021 ἔχετε
355 941 527 1022 παραμυθίαν
544 945 592 1014 τῆς
606 944 719 1023 ἀθυμίας
728 936 760 1016 ἥς
778 951 845 1007 θπο·
936 945 1009 1005 Satis
1020 945 1144 1027 amplum
1158 948 1283 1007 moeroris
1294 948 1381 1028 illius,
1394 970 1484 1029 quern,
1495 961 1526 1009 ut
1536 948 1616 1010 exli·
1625 950 1717 1002 coenus
1728 968 1770 998 αα·

73 1035 178 1113 μένετε,
202 1034 288 1103 καθὼς
312 1035 510 1108 ίπεστέλκατε,
535 1034 584 1106 τὴν
606 1036 746 1118 φιλόσοφον
770 1041 845 1115 ὑμῶν
896 1035 960 1095 teris
981 1036 1078 1097 vestris
1100 1038 1200 1120 accepi,
1224 1039 1369 1117 sustinetis,
1388 1041 1516 1101 solatium
1538 1028 1769 1138 νυθίαῗῇζιροῗ

72 1126 181 1205 γνώμην
201 1126 247 1185 καί
260 1125 378 1207 ὑψηλὴν,
398 1125 447 1198 τὴν
471 1125 661 1207 ἀπερίτρεπτον
683 1129 729 1188 καί
750 1132 844 1200 οίνιλινῆ
896 1141 936 1187 est
951 1127 1137 1210 philosophica
1150 1129 1210 1189 haec
1233 1144 1320 1191 restra
1342 1152 1428 1210 mens,
1444 1152 1477 1192 ac
1491 1131 1618 1193 sublimis

71 1220 195 1279 διάθεσιν.
208 1217 318 1299 Ὥσπερ
335 1218 387 1299 γὰρ
409 1219 454 1279 τὸν
475 1226 573 1300 χαῦνον
593 1220 639 1280 καί
660 1220 922 1304 διαλελυμένονωει
935 1221 1015 1279 firma
1034 1234 1211 1300 constansque
1223 1221 1340 1282 affectio.
1358 1224 1397 1282 Ut
1409 1222 1482 1282 enim
1496 1222 1573 1283 molli
1585 1242 1619 1283 ae

70 1308 130 1370 οὐδὲ
143 1310 262 1390 γαλήνη,
274 1311 320 1368 οιαὶ
339 1311 371 1371 τὸ
388 1309 457 1370 κατὰ
471 1315 531 1389 ῥοῦν
551 1308 689 1391 φέρεσθαι,
709 1312 845 1393 ένφαλῆσαέ
861 1321 881 1365 Α
895 1311 1028 1371 dissoluto
1040 1311 1145 1371 homiui
1161 1333 1195 1372 ne
1207 1313 1389 1393 tranquillitas
1403 1313 1515 1393 quidem
1525 1334 1558 1374 ac
1576 1334 1618 1375 se·

70 1425 97 1460 τι
108 1401 179 1480 μέγα
192 1402 349 1475 δυνήσεται·
364 1401 433 1462 ούτω
447 1403 492 1463 τθν
506 1403 624 1484 στερρὸν,
635 1402 681 1463 καί
697 1426 843 1486 συγκεκρο-
894 1399 999 1459 enudus
1015 1421 1110 1461 cursus
1125 1421 1251 1481 magnam
1264 1402 1350 1461 ullam
1363 1400 1509 1461 utilitatem
1521 1401 1618 1461 ellare

70 1493 200 1571 τημένον,
222 1492 268 1553 καί
290 1494 407 1574 νήφοντα
425 1493 484 1554 ossi
498 1492 600 1575 χειμὼν
616 1495 732 1575 χαλεπὸς
747 1496 842 1554 διασα-
894 1504 998 1572 potesta
1009 1491 1048 1550 sic
1059 1491 1170 1551 firmum
1183 1507 1210 1552 et
1223 1493 1342 1553 solidum
1353 1505 1380 1552 et
1392 1491 1551 1572 vigilantem
1565 1491 1618 1552 ri-

70 1584 141 1646 λιύει
150 1584 224 1660 ποσί,
238 1585 362 1645 ἀλλὰκαὶ
372 1586 555 1669 λαμπρότερον
566 1587 713 1667 ἐργάζεται.
723 1586 842 1658 Τοιαύτη
894 1604 956 1642 rum
970 1604 1003 1642 ne
1014 1585 1106 1664 granis
1116 1585 1227 1664 quidem
1241 1599 1385 1667 tempestas
1396 1605 1527 1664 umquem
1540 1606 1618 1647 ocut-

69 1675 122 1759 γθρ
131 1681 184 1737 τῶν
194 1683 350 1758 πειρασμῶν
361 1682 380 1749 ἡ
392 1677 482 1759 φύσις·
493 1687 548 1745 τοῖς
557 1677 685 1759 γενναίως
698 1677 791 1747 αὐτούς
800 1681 844 1759 φέ-
894 1689 996 1748 movet,
1009 1696 1107 1736 verum
1122 1677 1264 1737 clariorem
1278 1691 1304 1737 et
1319 1677 1495 1737 illustriorem
1508 1675 1611 1737 reddit.

72 1794 145 1850 ρουσι
157 1768 246 1830 πολλὰ
258 1768 362 1847 κομίζει
374 1770 408 1829 τί
423 1768 550 1850 βραδεῖα,
563 1769 609 1829 καί
625 1768 765 1850 λαμπροὺς
783 1769 844 1839 τοθς
893 1765 935 1826 Ea
947 1767 1020 1826 enim
1031 1767 1211 1827 tentationum
1225 1763 1321 1828 natura'
1334 1781 1383 1845 est,
1397 1780 1428 1826 ut
1441 1768 1476 1828 iis
1486 1768 1536 1848 qui
1548 1768 1616 1829 forti

69 1863 221 1943 στεφάνως.
234 1864 319 1923 Ταῦτ’
332 1853 377 1922 σίν
391 1861 505 1936 είδύτες,
519 1861 606 1945 κύριοί
622 1886 673 1942 μου
685 1861 843 1941 τιμιύντατοι
893 1857 983 1918 animo
997 1879 1042 1918 eas
1054 1859 1154 1937 luunt,
1170 1859 1256 1918 multa
1268 1861 1380 1941 premia
1403 1857 1617 1941 splendidasque

68 1955 115 2014 καί
129 1955 317 2033 εὐγενέστατοι,
328 1955 374 2013 καί
386 1958 517 2036 ἀρκοῦσαν
530 1955 558 2012 έν
572 1962 626 2022 τοῖς
640 1954 732 2022 δεινοῖς
743 1954 842 2026 ταύτην
893 1970 1004 2010 coronas
1013 1962 1138 2010 nocerent.
1149 1949 1215 2010 Haec
1224 1949 1309 2032 igitur
1316 1971 1380 2010 cum
1387 1949 1615 2035 vobisperspccte

70 2046 174 2127 ἔχοντες
187 2045 236 2119 τὴν
258 2046 445 2126 παραμυθίαν,
460 2044 530 2124 μήτε
546 2044 698 2129 θορυὸεῑσθέ
717 2068 770 2104 τινι
789 2048 842 2104 τῶν
892 2041 965 2118 sint,
984 2042 1201 2103 reverendissimi
1211 2065 1243 2104 ac
1256 2043 1418 2104 nobilissimi
1428 2042 1534 2103 domiui
1546 2043 1612 2119 mei,

69 2139 226 2219 γινομένων,
250 2139 318 2217 μήτε
343 2137 478 2199 διαλίπετε
497 2140 613 2219 συνεχῶς
635 2141 700 2216 ἡμῖν
721 2137 843 2197 έπιατέλ-
894 2153 1009 2213 cumque
1021 2134 1089 2193 banc
1096 2134 1161 2194 satis
1171 2135 1291 2216 amplam
1299 2135 1327 2194 in
1339 2135 1420 2194 rebus
1428 2133 1534 2207 acerbis
1546 2154 1617 2194 ccu-

68 2232 164 2298 λσντες.
180 2229 362 2309 Ἐύουλύμεθα
374 2229 421 2308 μὲν
429 2223 485 2312 Ιγθιρ
497 2229 543 2289 καί
556 2228 688 2310 παρόντας
698 2232 768 2306 ὑμᾶς
780 2230 842 2288 ἰδεῖν
893 2225 1049 2286 solationem
1071 2225 1421 2303 babeatissnihilborum,
1441 2225 1613 2306 quatiunt,

68 2323 115 2381 καὶ
133 2321 350 2403 περιπτύξαοθαι.
365 2321 476 2395 Ἐπειδὴ
496 2321 524 2380 δέ
543 2325 622 2381 τοῦτο
640 2320 706 2389 τέως
726 2324 773 2381 οὐκ
794 2321 842 2397 ίνι,
859 2323 878 2370 Β
893 2317 997 2378 animos
1006 2331 1110 2378 vcsttus
1118 2317 1269 2398 perturbet,
1284 2331 1455 2397 atquequam
1463 2317 1615 2398 sepissime

69 2413 138 2473 σἰλλθ
152 2413 239 2474 πολλὰ
253 2414 287 2473 τὰ
301 2412 457 2493 κωλύματα,
468 2416 585 2493 συνεχῶς
599 2419 664 2493 ἡμῖν
679 2413 841 2474 ἐπιστέλλειν
893 2411 928 2471 atl
942 2434 990 2472 nos
1009 2412 1091 2474 velim
1107 2413 1238 2474 scribatis.
1259 2412 1369 2473 Etenim
1381 2412 1413 2473 id
1426 2413 1538 2493 quidem
1550 2434 1615 2472 ma·

68 2504 106 2583 ριὴ
131 2515 297 2577 κατοκνεῑτε,
319 2504 354 2565 τὰ
374 2507 498 2585 περὶτῆς
516 2504 614 2585 ὑγιείας
636 2505 774 2578 δηλοῦντες
794 2510 842 2578 τῆς
893 2503 968 2564 xime
975 2505 1116 2580 vellemus,
1131 2519 1273 2588 praesentes
1281 2526 1331 2567 vos
1341 2504 1441 2565 intueri
1452 2502 1614 2584 atquecnm·

67 2596 204 2679 ipseipse.
223 2595 295 2657 Ίστε
316 2596 369 2680 γὰρ
390 2594 502 2669 Ιἡλίιιον
522 2600 587 2675 ἡμῖν
610 2602 747 2678 χαριεῖσθε
765 2602 843 2656 τοῦτο
893 2596 984 2677 plecti.
1000 2597 1137 2669 Quoniam
1148 2610 1252 2673 autem,
1267 2596 1453 2677 quominusid
1466 2617 1539 2657 nunc
1553 2596 1613 2657 fieri

67 2692 216 2764 ποιοῦντες,
240 2688 286 2749 καί
311 2687 375 2763 ύσης
397 2695 469 2766 ἡμᾶς
494 2690 645 2766 έμπιπλᾶτε
672 2693 720 2761 τῆς
745 2691 841 2771 εὖφρο-
893 2688 987 2768 possit,
1002 2688 1088 2749 multa
1100 2687 1293 2769 impedimento
1306 2702 1380 2766 sunt,
1401 2689 1460 2750 sine
1471 2688 1612 2749 intermis·
1714 2700 1720 2710 '

68 2779 155 2851 σύνης.
892 2780 967 2840 sione
987 2778 1023 2841 ad
1036 2802 1085 2841 nos
1103 2781 1231 2856 seribere,
1251 2802 1284 2842 ac
1306 2780 1342 2841 de
1354 2795 1442 2842 vestra
1457 2779 1614 2842 valetudine

891 2873 1019 2933 certiores
1038 2894 1088 2933 nos
1102 2874 1236 2934 laterone
1252 2873 1412 2954 gravemini.
1433 2872 1516 2935 Scitis
1527 2873 1611 2951 enim,

891 2977 1030 3042 φαινοίατο,
1041 2964 1065 3024 si
1076 2963 1128 3026 lunc
1137 2965 1251 3042 faciatis,
1262 2965 1367 3025 anobis
1377 2965 1496 3045 qratiam
1502 2965 1614 3044 inituri,

891 3069 1043 3136 qtrmtaque
1053 3077 1102 3116 uos
1115 3057 1255 3138 voluptate
1267 3055 1432 3117 cumulaturi
1443 3055 1512 3116 sitis.

66 3269 114 3338 lc'.
130 3273 237 3354 Κέστιρ,
256 3271 413 3354 Οὐαλερίῳ,
427 3270 603 3352 1’Διοφοίντιρ,
616 3275 757 3355 Κυριαοιῷ,
770 3296 836 3354 πρι-
887 3276 994 3337 LXVI.
1010 3277 1109 3351 Casto,
1124 3277 1254 3351 Valerio,
1269 3275 1451 3357 Diophanen,
1467 3274 1606 3353 cyriaco,

289 3364 426 3446 σύυτέροις
441 3363 607 3444 Ἀντιοχείας.
1058 3366 1090 3426 A
1092 3367 1231 3426 utioclu'ae
1242 3368 1434 3447 presbyteris.

104 3553 147 3630 Τῇ
161 3549 267 3629 γλώττῃ
282 3548 330 3628 μέν
344 3548 461 3628 ὀλιγάκις
473 3553 547 3628 θμῖύν
561 3547 744 3630 ίπέοτειλατῇ
759 3550 836 3609 εὖλα-
889 3571 893 3579 ·
927 3547 1033 3627 Lingua
1049 3547 1162 3627 quidem
1183 3567 1242 3606 raro
1258 3547 1293 3606 ad
1306 3568 1356 3608 vos
1379 3546 1494 3630 seripsi3
1518 3550 1609 3611 animo

63 3641 136 3720 ύεέρ,
159 3646 193 3721 τῇ
216 3639 310 3718 γνώμη
335 3638 363 3699 δέ
392 3640 578 3724 συνεχέστερον
598 3640 644 3701 καί
666 3641 834 3722 πυκνότερον.
885 3651 975 3698 autem
988 3639 1082 3699 erebro
1101 3660 1132 3698 ae
1152 3639 1315 3718 frequenter.
1335 3642 1427 3715 Quare
1440 3660 1475 3700 ne
1492 3640 1610 3703 totidem

61 3732 129 3804 ‘Mi
142 3732 174 3805 δὴ
185 3729 315 3799 τοσαύτας
325 3721 392 3790 εἶναι
405 3732 522 3811 νομίζετε
533 3737 610 3812 ἡμῶν
623 3731 671 3800 τθς
684 3732 833 3803 ἐπιστολὰς,
852 3742 871 3792 c
885 3729 1026 3790 dumtaxat
1038 3730 1165 3812 epistolas
1176 3743 1280 3791 nostras
1293 3752 1349 3792 esse
1359 3731 1529 3812 existimetis,
1542 3749 1610 3815 quot

60 3824 123 3892 ύσας
141 3821 300 3892 ὑπεδέξασθε
318 3822 363 3882 διὰ
382 3823 482 3906 χύρτου
495 3825 541 3884 καί
555 3824 681 3903 μέλανος,
696 3827 757 3885 ἀλλ’
770 3823 834 3893 ὅσας
884 3842 934 3901 per
948 3821 1069 3881 chartam
1087 3835 1113 3881 et
1131 3836 1312 3882 atramentum
1336 3823 1487 3906 accepistis,
1512 3848 1609 3888 verum

61 3920 240 3993 ἐπεθυμοῦμεν
255 3919 318 3991 ύμῖν
339 3914 550 3996 διαπέμψασθαι.
565 3918 600 3976 st
618 3916 670 3996 γὰρ
687 3914 755 3975 οθτω
774 3918 834 3995 βαι·
885 3925 951 3994 quot
963 3913 998 3973 ad
1011 3934 1060 3974 vos
1073 3912 1180 3974 mittere
1193 3913 1359 3994 cupivimus.
1374 3916 1445 3977 Nam
1463 3915 1487 3977 si
1503 3918 1609 3980 remita

59 4006 182 4079 ληθείητε
205 4005 329 4078 δικάσαι,
351 4005 457 4088 νιφάδες
475 4006 641 4087 γραμμάτων
669 4010 734 4087 παρ’
756 4011 833 4085 ἡμῶν
884 4020 1009 4088 reputare
1025 4005 1179 4082 volueritis,
1194 4020 1328 4066 sexcenta
1342 4009 1461 4090 prolecto
1476 4007 1611 4071 literaead

59 4097 126 4176 πρὸς
145 4100 214 4175 ὑμᾶς
235 4096 415 4176 ἐπέμφθησαν.
430 4099 465 4157 st
483 4096 511 4158 ii
529 4099 612 4167 οὐδεὶς
630 4103 644 4158 θ
664 4098 833 4185 θιανιομίζων,
885 4119 959 4160 rosa
975 4096 1053 4175 nobis
1064 4097 1151 4158 misse
1168 4111 1241 4157 sunt.
1255 4097 1304 4159 Sin
1315 4113 1404 4160 autem
1416 4121 1495 4162 nemo
1511 4101 1610 4182 estqui

59 4190 90 4248 οὐ
104 4193 152 4260 τῆς
163 4187 296 4268 ἡμετέρας
305 4187 454 4271 ὀλιγωρίας,
466 4188 535 4250 ἀλλὰ
544 4193 592 4261 τῆς
601 4195 654 4250 τῶν
667 4189 831 4272 πραγμάτων
883 4191 1007 4272 perferat,
1016 4203 1174 4251 nonnostrae
1183 4189 1377 4265 socordiae,sod
1385 4212 1476 4253 rerum
1485 4194 1608 4255 ditucul-

61 4279 228 4350 δυσκολίαςή
251 4278 312 4359 σιγλ
334 4278 444 4358 γίνεται.
465 4283 560 4341 Ταῦτα
579 4279 607 4340 δέ
621 4272 709 4352 εἶτον,
725 4279 768 4339 ἵνα
785 4279 832 4340 καί
883 4279 932 4339 tati
940 4278 1077 4339 silentium
1086 4292 1206 4338 nostrum
1214 4277 1429 4342 adscribidebet.
1438 4281 1504 4342 Haec
1512 4297 1604 4343 autem

57 4373 210 4455 γραφέντων
221 4376 316 4450 ἡμῶν,
329 4373 375 4431 καί
392 4372 541 4452 σιγώντων,
554 4371 602 4446 τλν
614 4372 696 4445 acels
707 4372 769 4452 περὶ
784 4375 832 4444 τῆς
881 4371 951 4447 dixi,
963 4384 994 4430 ut
1004 4370 1062 4432 sine
1074 4370 1235 4446 scribamus,
1251 4370 1309 4430 sire
1319 4385 1467 4446 taceamus,
1482 4373 1608 4435 eamdem

54 4465 186 4548 ἡμετέρας
197 4464 304 4545 ἀγύτιης
312 4469 361 4537 τῆς
370 4464 432 4546 περί
444 4469 512 4544 ὑμᾶς
523 4463 620 4547 φέρητε
628 4468 725 4546 ψῆφον.
736 4465 831 4543 Ἡμεῖς
882 4463 1014 4525 denostra
1024 4483 1088 4543 erga
1096 4483 1145 4522 vos
1154 4462 1264 4521 caritate
1272 4462 1536 4526 sententiamleratis.
1553 4466 1609 4527 Nos

54 4558 107 4637 γὰρ
123 4556 240 4638 ὅτανπερ
253 4556 284 4614 ἂν
299 4545 387 4634 iper,
401 4556 595 4637 ἐγασλέψαντις
611 4562 689 4636 ἡμῶν
709 4560 743 4637 τῇ
768 4559 830 4617 δια·
883 4557 974 4632 euim,
999 4575 1169 4634 quocumque
1190 4554 1218 4612 in
1242 4553 1301 4613 loco
1320 4554 1425 4633 umus,
1450 4556 1565 4619 incisam
1579 4557 1608 4618 in

53 4648 112 4730 νοίρ
121 4647 169 4720 τὴν
182 4648 288 4727 μνήμην
300 4646 349 4720 τὴν
359 4647 488 4727 ὑμετέραν
497 4654 634 4730 πανταχοῦ
645 4650 829 4730 περιφίρομεν.
847 4663 867 4710 b
883 4649 974 4709 animo
993 4661 1084 4707 nostro
1102 4645 1186 4706 vestri
1200 4646 1358 4706 memoriam
1379 4648 1604 4734 circumferimus.

53 4741 108 4803 liat
121 4747 165 4800 νῦν
179 4739 207 4800 δὲ
225 4738 304 4820 χάριν
322 4745 384 4819 ὑμῖν
404 4742 479 4821 ἴσμεν
494 4741 609 4816 πολλὴν,
624 4739 665 4801 ὅτι
684 4740 729 4801 τὸν
748 4742 828 4802 καλὸν
883 4745 922 4802 Ac
936 4760 1007 4800 nuuc
1020 4735 1131 4818 quidem
1145 4737 1281 4818 ingentem
1294 4736 1373 4799 vobis
1387 4739 1502 4820 gratiam
1517 4740 1604 4803 bube-

52 4833 168 4912 μοναχὸν
180 4830 225 4891 καί
239 4832 307 4911 peel
317 4837 365 4906 τῆς
376 4834 528 4914 πρεπούσης
537 4838 600 4913 ὑμῖν
615 4833 716 4902 εύνοίας
736 4833 829 4895 θπεθέ-
881 4854 954 4912 mus,
973 4829 1047 4911 quod
1057 4829 1176 4911 probum
1192 4830 1355 4891 monachum
1368 4853 1431 4892 eum
1445 4853 1487 4907 ea,
1514 4854 1605 4913 φναν

51 4925 146 4999 iunia,
158 4923 204 4984 καί
216 4923 276 4994 τοὺς
290 4925 464 5005 βουλομένους
479 4926 595 5010 ἀκαίροις
608 4927 674 5011 πρὸς
688 4929 766 4989 αὐτὸν
785 4953 828 5011 qt·
880 4926 962 4987 vobis
979 4921 1188 5006 postulabatur,
1218 4921 1403 4983 benevolentia
1426 4924 1602 5009 suscepistis,

84 5085 99 5124 θ
115 5083 231 5146 Contio„
240 5084 637 5157 Vatic.etFabric.stapzrllroeap
645 5083 749 5140 hebent.
757 5085 815 5138 linx
841 5084 940 5155 legitur.
955 5080 1024 5133 Editi
1035 5089 1145 5153 Διοράντη
1162 5078 1217 5146 hic3
1228 5097 1286 5131 uam
1298 5080 1363 5133 infra
1375 5090 1489 5155 Δισραντρ
1500 5083 1603 5137 babent.

52 5175 104 5214 tres
114 5164 172 5217 llos.
184 5168 357 5229 ηνύπομίνιει.
874 5161 980 5216 εῦοὶεΙ.
991 5165 1235 5229 peruenissetque
1247 5172 1385 5226 sequuntur
1397 5161 1602 5232 ἰααίίφυοιθίαι.

88 5260 99 5282 ·
116 5243 180 5293 Tres
191 5242 249 5295 llas.
262 5248 344 5306 ἡλίκα,
358 5258 422 5293 unus
433 5249 521 5303 ἡλίκην.
843 5243 932 5296 vitiato
944 5253 1016 5306 sunt,
1029 5239 1072 5292 sed
1084 5238 1147 5290 bene
1159 5237 1254 5290 babent
1265 5239 1290 5290 in
1302 5237 1387 5291 uduo.

87 5326 101 5368 tr
120 5320 203 5371 Vatia.
227 5330 341 5392 Διορὰντηι
352 5337 449 5388 semper
466 5319 543 5372 habet
556 5340 561 5370 :
574 5322 600 5375 in
615 5322 676 5390 neg.
690 5323 767 5373 etism
783 5323 819 5374 ite
