3764 5992
83 377 155 452 8ιὸ
336 408 339 413 >
391 350 397 365 ’
428 394 459 445 s.
486 392 626 443 ronuurs
652 389 1022 444 currsosr.·ancurur.
1050 395 1339 446 cousraurruor.

81 516 799 600 beat,nosconserre,acdeniquelsauricarumincur-
852 517 957 601 ἡμέραν
976 519 1085 601 δφόύσς
1099 520 1438 602 ἀκμάζει),παρακοιλῖό
1460 545 1511 581 σον
1523 522 1631 605 viunisi-

81 621 190 680 sionum
200 614 321 696 quotidie
335 626 421 672 metus
432 610 623 691 ingravescit),
632 608 681 668 abs
690 622 717 667 te
726 622 798 689 peto,
815 624 835 672 F.
852 633 935 684 νειαν,
946 609 1013 692 ὅπερ
1035 611 1160 691 μέγιστον
1181 615 1251 691 ἡμῖν
1267 614 1310 679 εἰς
1325 614 1516 693 παραμυθίαν
1538 617 1589 674 ἐστὶ
1605 622 1634 677 ui
1685 626 1688 641 '

83 722 123 786 ut,
130 708 203 789 quod
212 706 362 767 maximum
372 702 512 762 nobistum
520 699 799 782 hujuscesolitudinis,
852 706 901 774 τῆς
923 702 1037 784 ἐρημίας
1048 707 1098 776 ,τῆς
1110 706 1222 763 ἐνταῦθα
1235 745 1244 776 ,
1257 703 1309 762 καὶ
1324 705 1382 774 τῆς
1401 707 1635 785 ταλαιπωρίας,ιι“ι
1686 743 1689 780 ;

82 815 143 861 tum
156 816 337 858 aerumnarum
354 795 475 854 omnium
491 793 714 853 etcalamitatum
727 791 800 851 sola-
853 798 900 867 τῆς
923 794 1007 866 άλλης
1031 794 1121 867 πάσης
1142 795 1275 874 θλίψεως,
1298 796 1337 855 τὸ
1362 799 1492 877 συνεχῶς
1516 797 1635 879 γράμμιτι

83 891 153 951 tium
166 904 220 964 est,
234 909 317 968 quarn
330 880 475 967 saepissime
488 908 504 945 a
517 899 543 957 te
553 885 645 945 literas
658 883 801 964 accipiam,
855 884 994 966 δέχεσθαι,
1009 886 1232 967 εὐαγγελιζόμενα
1256 886 1309 960 ιὴν
1336 884 1439 965 ὑγείαν
1464 887 1517 960 τὴν
1535 889 1589 964 σὴν,
1606 889 1636 951 ui

84 981 185 1060 quibus
200 979 234 1039 de
251 994 297 1039 tua
317 977 455 1055 totiusque
470 976 568 1036 domus
581 989 634 1033 tuae
646 973 801 1034 valetudine
853 980 900 1035 τοῦ
915 976 989 1051 οίκσυ
1006 1001 1052 1037 σου
1068 977 1182 1051 παντδς,
1196 983 1279 1038 τοῦτο
1301 977 1480 1059 χαρίζεσθαι
1499 986 1563 1058 ἡμῖν
1585 1007 1637 1042 m

84 1074 182 1133 certior
195 1073 277 1130 iiam:
294 1069 324 1126 id
333 1065 469 1139 veliin,si
480 1065 593 1126 facultas
602 1064 698 1141 detur,
716 1086 799 1144 quam
853 1066 984 1149 χίστερσν
998 1068 1068 1129 κατά
1086 1069 1117 1128 τδ
1135 1073 1281 1152 ἐγχωροῦν.
1298 1068 1382 1130 Οὐδέ
1401 1069 1461 1149 γὰρ
1474 1076 1555 1131 τῶτο
1573 1073 1637 1152 ῥέθει

84 1162 231 1246 sepissime
248 1160 326 1220 nobis
347 1155 487 1218 concedas.
510 1158 603 1235 Neque
627 1157 698 1216 enim
722 1155 801 1214 facile
855 1158 925 1238 μετὰ
938 1162 1040 1234 πολλῆς
1053 1152 1216 1242 ἡμᾶς’έχειν
1230 1164 1283 1233 τῆς
1304 1162 1539 1241 δοψιλείαςχδςὰ
1558 1165 1586 1223 τὸ
1602 1192 1637 1243 μς,

85 1268 125 1314 est
161 1274 210 1314 nos
240 1251 316 1312 istud
338 1249 445 1331 copiose
465 1249 607 1324 obtinere,
630 1246 706 1328 quod
727 1244 800 1305 haud
855 1249 918 1312 δένα
930 1252 1036 1332 ταχέως
1045 1256 1143 1313 ἐκεῖθεν
1154 1256 1269 1313 ἐνταῦθα
1278 1257 1478 1333 ἀφικνεῖσθαι.
1489 1252 1563 1315 Ἀλλ’
1574 1257 1638 1336 ὅρνις,

84 1345 163 1407 facile
173 1346 317 1426 quisquam
328 1343 427 1402 isthinc
441 1340 476 1400 ad
491 1361 540 1401 nos
549 1339 648 1401 veniat
658 1341 801 1414 Caetemm,
810 1387 846 1426 5„
856 1345 880 1402 εί
894 1341 941 1402 καλ
957 1345 1070 1425 ἐργῶδες
1084 1344 1150 1425 ὅπερ
1163 1343 1316 1423 ᾐτὴσαμεν,
1334 1347 1403 1404 ἀλλ’
1420 1350 1463 1414 ὡς
1487 1345 1522 1404 δν
1535 1339 1585 1408 οἷόν
1597 1344 1639 1430 αὴ

57 1429 60 1437 “
86 1438 136 1499 etsi
149 1436 266 1497 arduum
284 1448 323 1496 est
346 1433 421 1514 quod
442 1433 581 1515 petimus,
601 1446 690 1492 tamen
712 1429 803 1510 quoad
820 1442 839 1489 Δ
856 1433 974 1507 σπουδὴν
1003 1434 1167 1508 ποιήσασθαι
1196 1435 1419 1517 παρακλὴθητι,
1457 1438 1509 1497 καλ
1546 1446 1639 1521 συνεχές

85 1530 144 1612 ejus
153 1529 212 1588 fieri
229 1528 346 1609 poterit,
361 1526 445 1588 velim
454 1522 640 1604 desoperam,
655 1534 686 1580 ut
697 1521 804 1581 crebras
856 1524 974 1605 πέμπειν
989 1527 1130 1594 ἐπιστολὰς
1146 1525 1379 1605 ἀπαγγελλούσας
1393 1533 1469 1607 ἡμῖν
1484 1530 1521 1588 τὰ
1535 1534 1594 1613 περὶ
1607 1538 1641 1605 εἷς

86 1620 121 1680 ad
132 1642 181 1680 nos
192 1621 283 1680 literas
296 1620 406 1693 mittas,
417 1638 477 1695 quae
490 1617 568 1676 nobis
576 1613 740 1675 valetudinis
749 1628 803 1673 tuae
857 1614 963 1696 ῥώσεως
975 1622 1025 1690 τῆς
1041 1620 1098 1689 σῆς.
1111 1616 1171 1677 Ἵνα
1185 1618 1213 1677 δὲ
1226 1617 1273 1676 καὶ
1283 1616 1316 1676 τά
1328 1617 1467 1701 ἡμέτερα
1481 1620 1571 1680 εἰδένσ
1583 1622 1642 1703 έχης,

85 1725 187 1772 statum
203 1723 346 1792 exponant.
361 1712 400 1768 Ut
425 1721 539 1785 autem,
555 1707 623 1785 quid
635 1707 688 1787 ipsi
696 1726 804 1784 quoque
857 1708 1066 1790 ἀπραγμοσύνης
1081 1709 1259 1788 ἀπολαύομεν,
1274 1710 1404 1790 ἡσυχίας
1427 1715 1556 1787 πολλῆς,
1566 1719 1643 1787 λευκῆς

85 1822 232 1882 geramus,
249 1801 398 1881 intelligere
409 1820 512 1880 queas,
534 1799 589 1858 otio
603 1812 682 1876 atque
700 1797 803 1876 ingenti
856 1806 905 1873 τῆς
922 1802 1056 1883 γαλὴνης,
1068 1803 1157 1881 ὑγείας
1180 1802 1356 1883 συμμέτρου,
1381 1803 1478 1885 τούτῳ
1497 1807 1643 1886 meat„

86 1892 176 1971 quiete
184 1893 312 1967 fruimur,
324 1911 421 1972 magna
430 1890 639 1969 tranquillitate,
653 1910 685 1949 ac
697 1888 803 1948 modio-
857 1904 898 1954 νοἰ
921 1894 1017 1973 μόνον,
1037 1897 1077 1975 τῷ
1104 1893 1265 1975 κεχωρίσθαι
1286 1898 1368 1972 ὑμῶν
1401 1899 1463 1954 τῶν
1495 1898 1644 1975 ἀγαπώντων

86 1982 126 2043 cri
140 1984 260 2065 eorporis
268 1984 380 2044 sanitate
384 2007 394 2063 γ
404 1983 456 2043 hoc
462 2004 547 2042 uuum
555 1983 675 2042 animum
681 1996 804 2042 nostrum
857 1989 937 2065 ἡμᾶς.
954 1985 1024 2045 Ἀλλ’
1036 1986 1142 2060 ἱκανὴἡ
1158 1984 1260 2052 σύνεσίς
1281 2008 1329 2045 σου
1345 1986 1400 2046 καὶ
1412 1993 1518 2047 τοῦτον
1532 2012 1647 2069 παραμο-

32 2110 36 2114 ·
58 2087 68 2097 “
87 2075 248 2153 conturbat,
263 2075 337 2155 quod
350 2097 366 2134 a
379 2075 478 2153 vobis,
497 2098 513 2135 a
533 2074 635 2155 quibus
655 2095 778 2133 amamur
792 2117 803 2151 ,
858 2077 989 2150 θὴσασθαι
1008 2077 1053 2136 τὸν
1064 2078 1154 2152 πόνον,
1168 2077 1196 2137 ὃν
1211 2068 1294 2136 εἶπον.
1307 2077 1397 2137 Δίδσυ
1409 2078 1446 2151 δὴ
1469 2079 1578 2153 ταύτην
1597 2087 1647 2159 ἡμῖν

87 2167 201 2248 sejuncti
217 2189 319 2228 sumus.
338 2170 444 2231 Verum
465 2181 552 2249 potest
575 2181 622 2225 tua
635 2165 802 2247 prudentia,
857 2167 906 2242 τὴν
927 2169 1016 2250 χάριν,
1033 2168 1102 2229 ὥστε
1125 2169 1170 2228 καὶ
1190 2172 1221 2229 ἐκ
1233 2167 1364 2228 τοσούτου
1389 2174 1474 2248 ἡμᾶς
1496 2173 1649 2249 καθημένας

87 2260 246 2333 curatione,
263 2282 346 2339 quam
358 2260 499 2334 diximus,
522 2258 587 2318 huic
602 2278 711 2337 quoque
733 2256 806 2316 malo
859 2261 1038 2338 διαστήματος
1055 2259 1181 2320 δύνασθαι
1192 2264 1320 2341 ἐντρυφᾷν
1334 2260 1389 2319 καὶ
1408 2261 1523 2335 ταύτης
1532 2267 1582 2335 τῆς
1596 2267 1650 2343 γλυ-

88 2351 215 2419 solatium
231 2352 368 2412 adhibere.
387 2352 519 2425 Quocirca
540 2351 592 2410 hoc
615 2350 693 2408 nobis
717 2370 806 2428 quaeso
860 2351 934 2420 κείας
948 2375 994 2413 σου
1006 2352 1052 2412 καλ
1066 2355 1165 2433 θερμῆς
1178 2352 1223 2412 καὶ
1235 2352 1348 2432 γνησίας
1364 2344 1501 2432 ἀγάπης.

87 2443 250 2505 beneficium
260 2446 295 2505 da
304 2491 315 2520 ,
328 2466 382 2524 quo
393 2489 402 2523 ,
412 2445 558 2504 licettauto
569 2443 653 2501 abste
665 2440 807 2499 intervallo

88 2536 204 2613 semoti,
219 2551 308 2596 tamen
326 2536 435 2596 dulcem
453 2555 485 2596 ac
503 2535 651 2595 ferventem
670 2545 696 2591 et
717 2531 807 2591 since-

88 2648 147 2689 ram
158 2628 295 2691 caritatem
308 2650 358 2711 pro
373 2628 479 2688 deliciis
493 2626 648 2688 habeamus.

211 2856 362 2915 oXXXX.
387 2821 536 2914 rseiaoaeo
555 2855 689 2916 diacono.
827 2868 846 2916 ν
1081 2862 1144 2945 ρι’.
1158 2862 1282 2945 Θεοδότῳ
1296 2864 1433 2948 διακόνῳ,

21 3051 81 3096 nino
131 3042 188 3102 Nec
201 3062 245 3100 me
258 3039 369 3120 quidem
383 3041 435 3102 hoe
445 3041 530 3121 sugit,
551 3056 578 3103 te
590 3041 697 3123 pridem
715 3041 751 3101 od
762 3063 811 3103 nos
905 3041 975 3102 Οθδέ
994 3043 1241 3122 αύτδςάγνσῶ,ότι
1259 3043 1346 3104 πάλαι
1359 3047 1426 3122 μεθ’
1442 3050 1533 3124 ἡμῶν
1558 3050 1660 3126 ἔμελλες

9 3111 65 3172 4⁰⁶·
90 3147 236 3195 venturum
245 3133 339 3211 fuisse,
350 3131 403 3191 nisi
414 3133 571 3192 Isaurorum
585 3147 672 3193 metus
687 3134 746 3196 vias
760 3133 811 3194 tibi
864 3124 948 3209 rives,
969 3138 992 3195 εί
1013 3135 1052 3214 μὴ
1072 3139 1125 3194 τῶν
1148 3135 1275 3218 Ἰσαύρων
1292 3139 1306 3195 ό
1327 3136 1414 3216 φόύος
1440 3139 1617 3221 διετείχιζεν.
1630 3141 1660 3199 Ὁ

90 3224 277 3307 praeclusisset.
289 3226 359 3284 Nom
371 3245 434 3283 cum
448 3223 575 3283 omnihus
588 3223 688 3303 frigore
702 3223 813 3303 rigenti·
864 3224 916 3306 γλρ
934 3228 961 3286 ἀν
975 3230 1069 3308 κρυμῷ
1087 3227 1176 3288 πάντα
1196 3226 1342 3308 πηγνύντι,
1364 3229 1417 3287 καί
1442 3230 1526 3311 χιόνι
1547 3232 1659 3311 τοσαύτη

89 3317 142 3378 bus
150 3362 162 3397 ,
185 3331 266 3397 atque
277 3317 305 3377 in
319 3329 394 3377 tanta
406 3315 513 3377 nivium
529 3317 579 3393 vi,
593 3317 648 3375 huc
671 3336 811 3376 accurrere
864 3318 974 3401 δραμεῖν
999 3321 1111 3380 ἐνταῦθα
1134 3320 1327 3400 ἀνασχόμενος,
1343 3322 1444 3402 πολλῷ
1469 3325 1586 3401 μᾶλλον
1601 3330 1659 3383 ’τοῦ

90 3409 201 3470 minime
209 3409 354 3487 dubitaris,
363 3408 449 3469 multo
463 3429 526 3468 sane
537 3409 638 3482 minus,
655 3423 749 3469 exorto
762 3431 810 3470 re·
864 3411 944 3492 ἡρσυς
958 3411 1095 3492 φανέντος,
1105 3411 1151 3471 καί
1168 3414 1268 3485 πολλῆς
1288 3417 1336 3484 τῆς
1357 3412 1433 3473 κατὰ
1458 3416 1512 3475 τὸν
1530 3418 1601 3499 ἀέρα
1615 3443 1659 3496 γε·

88 3524 137 3579 re,
151 3524 184 3562 ac
197 3503 263 3563 caelo
279 3501 381 3583 ingenti
394 3501 590 3581 tranquillitate
599 3499 714 3582 praedito
727 3546 737 3579 ,
750 3500 811 3561 istic
864 3501 946 3574 λὴνης
967 3501 1059 3576 οὔσης,
1073 3504 1121 3562 ούκ
1143 3502 1174 3561 δν
1196 3502 1310 3583 ἠνέσχου
1334 3503 1427 3579 μένειν
1455 3508 1571 3568 αὐτόθι.
1594 3502 1659 3569 Οίδτ

88 3614 196 3655 manete
208 3593 393 3655 sustinuisses.
408 3590 553 3671 Siquidem
566 3591 651 3652 animi
664 3592 705 3650 tui
719 3592 810 3655 suavi·
864 3592 915 3675 γάρ
934 3595 965 3654 τδ
981 3593 1077 3673 γλυκὺ,
1092 3596 1137 3654 καί
1159 3593 1305 3677 προσηνὲς,
1326 3594 1373 3653 καί
1396 3597 1506 3676 θερμόν
1535 3624 1588 3660 σου
1614 3606 1659 3671 τῆς

89 3697 170 3745 tatem
182 3699 208 3744 et
217 3684 379 3760 comitatem,
386 3684 563 3762 ardoremque
575 3705 606 3743 ac
616 3683 808 3763 sinceritatem,
864 3684 1023 3756 διαθέσεως,
1037 3685 1069 3744 τδ
1082 3686 1235 3764 εἰλικρινὲς,
1246 3683 1296 3755 τὴν
1307 3686 1409 3755 πολλῆς
1423 3686 1575 3765 γέμουσαν
1590 3694 1658 3750 ἕλευ

88 3795 217 3854 eamque,
229 3797 288 3854 quae
299 3775 363 3834 inte
375 3787 539 3852 summnest,
552 3773 745 3854 ingenuitatem
757 3795 809 3835 no-
824 3782 845 3832 C
864 3775 951 3858 θερίας
966 3777 1065 3858 ψυχήν.
1082 3778 1132 3836 Διδ
1144 3777 1190 3834 καί
1206 3777 1284 3842 αὐτὸς
1297 3780 1346 3856 σιίχ
1364 3780 1400 3843 ὡς
1421 3779 1526 3859 ἔτυχεν
1546 3786 1657 3860 ἀθυμῶ,

88 3864 126 3923 ri.
141 3864 235 3942 anue
245 3865 279 3924 dc
295 3885 376 3924 causa
384 3885 438 3923 uon
447 3864 552 3943 vulgari
564 3887 678 3926 moerore
687 3867 807 3945 afficior,
862 3868 905 3929 ότι
918 3871 945 3927 ἐν
959 3873 992 3947 τῇ
1005 3867 1088 3936 ούτως
1105 3868 1266 3949 ἡμερωτάτη
1281 3874 1327 3927 τοῦ
1341 3868 1416 3935 ἔτους
1434 3869 1518 3951 ὥρᾳ,
1534 3880 1660 3953 χειμῶνι

88 3967 115 4016 te
127 3952 155 4015 in
169 3969 225 4014 tam
238 3955 316 4014 suevi
329 3968 356 4014 et
365 3975 468 4013 amoeua
476 3955 539 4014 anni
549 3970 624 4036 parte
636 3979 688 4017 non
694 3980 808 4039 parvam
863 3962 893 4019 σθ
904 3959 949 4020 τὸν
964 3958 1079 4040 τυχόντα
1092 3965 1157 4037 ἡμῖν
1172 3961 1280 4038 ἐπάγεις
1290 3959 1418 4038 ἀθυμίας,
1429 3969 1570 4024 τοσοῦτον
1583 3970 1659 4044 ἡμῶν

89 4044 166 4107 nobis
179 4045 811 4125 moestitiaetempestatemacccrsere,dumtam·
863 4052 1041 4132 χωριζόμενος
1053 4052 1156 4133 χρόνον.
1170 4052 1223 4111 Καὶ
1240 4059 1326 4112 ταῦτα
1346 4051 1417 4130 λέγω
1440 4055 1494 4132 οὐχ
1519 4056 1613 4115 ἕλκων
1631 4082 1660 4116 σε

87 4137 161 4196 diua
176 4137 254 4198 nohis
268 4139 340 4198 abes.
355 4136 442 4216 quue
456 4158 509 4196 nou
523 4159 554 4197 eo
568 4155 810 4216 commemoro‚ut
864 4145 978 4201 ἐνταῦθα
1004 4143 1053 4201 κάν
1081 4143 1204 4223 μυριάκις
1235 4143 1311 4208 αὐτὸς
1338 4141 1414 4221 θέλῃς
1445 4148 1586 4216 (πολλῶν
1608 4150 1660 4229 γὰρ

89 4244 115 4290 tc
134 4231 205 4308 huc,
228 4246 332 4291 etiamsi
362 4230 461 4290 millies
492 4229 523 4288 td
548 4231 632 4308 vetis,
655 4233 811 4313 pertraham
865 4232 972 4293 ἅπαντα
988 4233 1112 4310 πολέμων
1126 4232 1331 4310 ἐμπέπλησται,
1347 4233 1393 4293 καλ
1411 4241 1493 4294 τοῦτο
1521 4239 1587 4319 εἴσῃ
1615 4240 1660 4298 διὰ

89 4329 98 4394 (
112 4324 204 4382 multis
215 4324 376 4383 onimbellis
390 4322 479 4382 omnia
489 4322 535 4381 hic
545 4323 671 4402 flagrant,
681 4325 764 4404 idque
777 4347 811 4387 ex
865 4330 918 4384 τῶν
932 4326 1050 4383 ἐντεῦθεν
1072 4328 1157 4384 ἐκεῖσε
1178 4324 1409 4404 ἀφικνουμένων),
1424 4328 1486 4384 ἀλλ’
1502 4327 1554 4386 ἵνα
1571 4332 1660 4410 μάθῃς

88 4398 138 4493 iii,
148 4417 196 4496 qui
209 4438 244 4476 ex
253 4417 297 4477 his
308 4417 377 4477 locis
388 4416 457 4476 istuc
467 4439 495 4477 se
505 4417 647 4477 conferunt
654 4463 663 4497 ,
677 4417 746 4478 seire
759 4441 810 4500 po-
865 4416 906 4476 ότι
920 4415 980 4477 ούδέ
992 4420 1086 4494 ἡμεῖς,
1099 4416 1186 4475 καίτοι
1197 4439 1228 4494 γε
1237 4416 1349 4497 ἡσυχίας
1368 4415 1413 4475 καὶ
1431 4421 1660 4500 ἀπραγμοσύνης

88 4509 186 4590 teris),
202 4530 299 4569 verum
312 4522 342 4568 ut
353 4508 498 4588 inteiligas,
510 4529 573 4585 n05,
584 4509 633 4569 etsi
641 4509 744 4591 alioqui
753 4533 811 4571 ma·
865 4509 965 4580 πολλῆς
976 4507 1152 4575 ἀπολαύοντες
1159 4548 1168 4577 ,
1180 4507 1288 4575 ἀλύπως
1301 4506 1433 4586 δυνάμεθα
1448 4499 1522 4568 εἶναι
1540 4516 1661 4573 ἐνταῦθα

90 4620 143 4680 gua
156 4599 245 4678 quiete
257 4613 337 4679 utque
351 4599 406 4658 otio
425 4599 560 4677 fruimur,
584 4600 629 4661 hic
647 4615 737 4669 tamen
754 4602 811 4662 sine
865 4604 913 4673 τῆς
934 4602 982 4670 σῆς
998 4597 1190 4679 κεχωρισμένοι
1203 4599 1374 4678 τιμιότητος,
1388 4598 1434 4658 καί
1457 4606 1546 4662 τοῦτο
1563 4605 1660 4683 μαθὼν

90 4711 203 4752 moerore
220 4713 276 4752 csse
294 4712 346 4750 non
359 4712 452 4771 posse,
468 4691 537 4751 dum
550 4706 601 4752 ate
625 4693 755 4775 disjuncti
768 4717 813 4755 su·
865 4694 980 4773 συνεχῶς
993 4696 1058 4768 ἡμῖν
1081 4690 1252 4769 inimicius,
1274 4689 1312 4768 μὴ
1335 4689 1415 4768 μόνον
1440 4690 1488 4750 διὰ
1513 4698 1577 4754 τῶν
1596 4701 1661 4776 παρ’

90 4781 285 4859 mus2h0cque
303 4780 362 4862 ipse
376 4779 643 4860 intelligenS,quum
667 4784 813 4864 saepissime
828 4800 848 4847 Ι)
864 4788 942 4862 ἡμῶν
958 4787 1044 4844 ἐκεῖσε
1066 4781 1226 4862 ἐρχομένων,
1240 4781 1310 4842 ἀλλὰ
1334 4782 1379 4841 καί
1402 4781 1447 4841 διδ
1469 4789 1527 4844 τῶν
1556 4791 1662 4850 ἐκεῖθεν

91 4869 126 4929 ad
144 4891 192 4930 uos
211 4871 329 4947 scribas,
349 4891 402 4930 nou
421 4870 502 4930 niodo
517 4892 566 4951 per
581 4892 625 4932 eos
641 4873 691 4954 qui
700 4875 765 4935 hinc
777 4873 813 4934 nd
866 4873 1022 4954 ἁπτομένων
1032 4878 1080 4945 τῆς
1091 4874 1150 4933 ὁδοῦ
1161 4875 1206 4933 καί
1216 4878 1263 4946 τῆς
1274 4877 1384 4933 ἐνταῦθα
1398 4871 1526 4954 ἀφίξεως.
1543 4882 1662 4954 Πολλὴν

92 4981 141 5020 ros
151 4962 373 5041 proficiscuntur,
384 4959 431 5021 sed
446 4961 527 5021 etiam
541 4984 589 5044 por
603 4985 647 5025 eos
661 4957 716 5044 qui
732 4965 812 5027 istinc
867 4965 895 5026 δέ
909 4990 951 5027 σοι
965 4966 1045 5048 χάριν
1068 4965 1154 5042 ἴσμεν,
1170 4965 1284 5027 δέσποτά
1300 4989 1348 5042 μου
1364 4964 1531 5045 τιμιιίκτατε,
1546 4973 1599 5031 καὶ
1614 4979 1664 5047 τῆς

126 5163 137 5187 ⁸
154 5146 256 5199 coislin.
267 5156 333 5214 ίαμος
344 5159 454 5216 φανέντος.
