3764 5992
102 400 149 492 64
354 425 357 430 ·
418 425 447 472 s.
476 425 617 474 ioannis
643 425 824 475 cnnrsosr.
853 427 1010 476 arcuum.
1039 429 1309 479 cousranrmor.

101 551 137 605 At
149 546 222 605 enim
233 546 301 605 scire
314 568 494 628 percuperem,
510 548 628 626 quidilli
652 570 722 609 nuuc
734 564 816 628 agant
869 553 896 609 ἐν
909 551 978 613 τίσιν
997 553 1072 612 εἰσίν.
1088 552 1169 614 Ἀλλά
1188 552 1206 625 ἣ
1225 553 1421 630 κυύεύουσιν,ἢ
1447 555 1555 621 πάντως
1572 553 1644 636 πρά·

102 638 150 715 qui
156 634 300 697 collectam
309 636 492 712 deseruerunt,
501 653 528 698 et
536 640 815 722 quibusoccupeutur.
869 665 960 720 γματα
975 647 1126 704 ἀνακινοῦσι
1141 644 1270 723 βιυπικιλ,
1282 650 1403 726 ταραχῆς
1422 645 1646 724 ἐμπεπλησμένα.

100 729 238 788 Nimirum
254 743 302 788 aut
328 729 385 791 alea
405 729 513 804 ludunt,
534 746 583 791 aut
603 733 712 792 omuino
736 732 816 792 rebus
871 733 1002 797 Ἐνταῦθα
1018 737 1041 794 εἰ
1060 740 1165 814 παρῆς,
1182 735 1361 815 ἀνθρωπε,ἐν
1379 737 1484 817 γαλήνη
1498 728 1529 809 ἧς
1551 736 1598 796 καί
1617 740 1646 796 έν

101 819 284 896 saecularibus,
298 841 366 898 quae¹
372 822 491 880 tumultu
505 820 666 898 redundant,
688 823 816 883 distinen·
870 826 971 903 λιμένι·
985 829 1033 886 οὐκ
1054 825 1190 903 οἰκονόμος
1203 825 1326 886 εἰσελθὼν
1348 828 1501 909 ἐτάραπεν,
1514 830 1564 888 οὐκ
1585 827 1646 888 ἀπί-

101 923 157 969 tur.
174 911 226 971 Hic
246 912 270 971 si
288 912 403 985 adesses,
415 913 454 973 mi
466 913 559 986 borno,
582 915 609 973 in
624 916 817 994 tranquillitate
870 940 966 996 τροπσς
984 917 1173 998 coaptemur
1185 917 1289 991 οἰκέτης
1302 918 1369 999 ὑπὲρ
1388 920 1556 999 πραγμάτων
1579 923 1644 997 βιιο-

100 1003 217 1080 atqueiu
233 1017 313 1084 portu
324 1025 394 1064 esses
410 1028 417 1061 t
432 1026 484 1065 non
494 1005 629 1086 ingressus
648 1006 817 1088 dispensator
870 1014 951 1069 τικῶν
976 1008 1101 1090 ἠνύχλει,
1115 1012 1163 1068 οὐκ
1185 1009 1266 1076 ἀλλος
1284 1034 1325 1078 τις
1344 1008 1516 1090 παρύιξυνεν·
1531 1013 1592 1071 ἀλλ’
1616 1015 1644 1072 έν

101 1094 305 1171 interturbaret,
318 1117 371 1155 nou
382 1110 540 1177 procurator
553 1098 743 1178 interpellaret,
761 1120 816 1158 non
870 1097 969 1180 ἡσυχία
985 1099 1083 1178 διάγων
1098 1100 1232 1172 ἀπήλαυες
1246 1100 1321 1160 θείων
1336 1100 1498 1182 ἀκροάσεων.
1515 1104 1643 1179 Οὐδαμῶ

102 1187 220 1246 famulus
228 1187 264 1247 ob
271 1186 409 1247 saecularia
421 1187 527 1266 nogotia
538 1189 688 1249 molestiam
700 1191 815 1266 afferret,
834 1205 853 1251 Ε
871 1190 979 1266 κύματα
1005 1195 1134 1268 ἐνταῦθα,
1153 1192 1270 1270 οὐδαμοῦ
1288 1191 1410 1274 ταραχή·
1434 1193 1495 1252 ἀλλ’
1517 1192 1643 1268 εὐλογία,

101 1301 154 1339 non
165 1279 235 1339 alius
247 1279 319 1339 ullus
330 1279 458 1357 irritaret,
469 1279 516 1339 scd
528 1282 555 1339 in
570 1281 659 1359 quiete
668 1281 763 1342 vivens
773 1281 816 1341 di·
870 1281 916 1340 καί
940 1281 1032 1362 εὐχαί,
1047 1282 1092 1342 καί
1109 1282 1202 1361 ὁμιλία
1220 1282 1401 1362 πνευματικὴ,
1419 1283 1467 1342 καί
1484 1282 1645 1362 μετάστασις

100 1373 173 1432 vinis
184 1372 343 1433 lectionibus
351 1373 644 1451 interesses.Nusquam
650 1373 696 1432 bic
706 1374 815 1449 fluctus,
869 1376 908 1439 είς
920 1371 965 1432 τὸν
980 1373 1103 1454 οὐρανόν·
1117 1373 1164 1433 καί
1178 1377 1294 1434 ἐντεῦθεν
1309 1373 1361 1447 ἤδη
1374 1373 1420 1434 τὸν
1434 1374 1579 1457 ἀρραῦῶνα
1595 1379 1644 1447 τῆς

100 1485 234 1544 nusquam
248 1463 394 1540 tumultus,
408 1463 456 1523 sed
471 1463 621 1523 benedictio
630 1477 655 1523 et
668 1486 772 1545 preces,
789 1479 816 1524 et
871 1464 1005 1542 βασιλείας
1026 1469 1078 1524 τῶν
1094 1465 1213 1545 οὐρανῶν
1225 1463 1315 1524 λαθὼν
1337 1465 1442 1547 ἀπῄεις.
1455 1464 1537 1535 Τίνος
1557 1465 1644 1526 ἐνεκεν

100 1578 188 1636 sermo
201 1556 360 1638 spiritualis,
372 1571 399 1616 et
413 1559 442 1618 iu
463 1558 558 1618 calum
575 1557 772 1636 commigratio,
789 1571 816 1617 et
869 1554 917 1627 τὴν
928 1555 1056 1616 πλουσίαν
1068 1554 1167 1626 ταύτην
1180 1555 1312 1634 τροίπεζαν
1327 1556 1416 1637 ἀρεὶς,
1424 1561 1462 1625 εἰς
1474 1557 1568 1640 ίτίραν
1577 1581 1642 1638 qop-

96 1652 155 1729 jam
163 1670 197 1707 ex
208 1648 259 1708 hoc
271 1650 453 1729 loeo,aceepto
466 1649 578 1731 pignore
588 1648 664 1728 regui
675 1649 812 1721 celorum,
868 1644 1012 1726 τικωτέραν
1028 1646 1121 1706 έαυτδν
1137 1645 1301 1726 μετίγαγες,
1313 1647 1359 1706 καί
1379 1646 1425 1708 τάν
1440 1647 1539 1726 λιμένα
1555 1671 1642 1707 κατα-

100 1739 260 1800 discederes.
280 1741 371 1813 Quam
394 1742 430 1801 ob
450 1761 558 1801 causam
573 1740 728 1821 opulentam
745 1740 816 1801 hanc
868 1737 964 1815 λιπὼν,
991 1737 1112 1819 ταραχὴν
1138 1737 1367 1817 ἀντικαταλλάταη
1388 1740 1519 1819 γαλήνηςς
1534 1740 1577 1799 Τδ
1603 1738 1644 1819 μὴ

100 1852 221 1891 mensam
235 1845 261 1891 et
276 1833 420 1913 opiparam
432 1831 567 1909 deserens,
582 1831 619 1890 ad
632 1831 715 1891 aliam
728 1832 815 1891 molto
868 1828 1064 1911 παραγενέσθαι
1075 1826 1190 1902 πένητας
1200 1828 1260 1897 τούς
1267 1829 1327 1890 τότε
1336 1831 1482 1911 παρόντας,
1491 1829 1643 1910 δεινδνμίν,

99 1923 280 1982 molestiorem
303 1937 330 1983 te
352 1923 520 2000 transtulisti,
542 1937 569 1982 et
586 1921 713 1983 derelicto
733 1938 815 2004 portu
870 1923 928 1981 ἀλλ’
945 1919 1005 1981 οὐδὲ
1020 1919 1090 1980 οθτω
1103 1921 1196 1995 δεινὸν,
1211 1926 1247 1988 ὡς
1260 1922 1291 1982 rb
1304 1920 1342 2001 μὴ
1351 1923 1549 2004 παραγενέσθαι
1557 1926 1643 1984 πλω·

99 2036 163 2075 cum
172 2016 259 2076 turbis
266 2017 486 2096 tranquillitatem
494 2015 736 2079 commutastii’Est
744 2016 816 2076 illud
869 2013 949 2080 σίους.
961 2012 1041 2080 Τίνος
1058 2011 1241 2087 ένεκενςὍτι
1253 2016 1277 2074 σί
1294 2013 1341 2092 μίν
1355 2013 1466 2088 πένητες
1484 2013 1577 2096 έχουσι
1595 2015 1643 2088 πλε

98 2106 210 2184 quidem
222 2128 312 2188 grave,
323 2108 397 2186 quod
407 2128 460 2167 non
472 2107 595 2167 intersint
607 2128 747 2187 pauperes,
767 2107 814 2187 qui
831 2165 856 2205 χ
871 2105 1019 2186 ἀναγκαίαν
1033 2106 1172 2186 ἀσχολίαν,
1185 2105 1235 2178 την
1248 2107 1375 2189 φροντίδα
1385 2108 1441 2179 τῆς
1464 2113 1644 2191 καθημερινῆς

98 2212 158 2258 tum
174 2199 298 2260 aderant:
308 2199 356 2259 sed
368 2220 422 2259 non
441 2199 478 2258 ita
492 2212 580 2258 tamen
590 2217 683 2276 grave,
696 2211 727 2258 ut
741 2200 814 2278 quod
832 2223 852 2267 Α
870 2197 1010 2279 ἐργασίας,
1027 2196 1080 2256 ἀπὸ
1094 2200 1147 2256 τῶν
1160 2200 1257 2277 χειρῶν
1271 2197 1420 2274 ποιούμενοι
1435 2198 1482 2258 τὸν
1497 2197 1568 2277 βίον·
1578 2225 1644 2261 παι·

100 2290 200 2352 divites
213 2313 266 2351 non
281 2290 413 2351 intersint.
430 2289 506 2365 Quid
518 2289 574 2348 ita?
590 2288 673 2362 Quod
683 2312 814 2372 pauperes
870 2286 1007 2369 δοτρορίας
1026 2291 1226 2366 ἐπιμελῶνται,
1241 2288 1364 2368 γυναικδς
1383 2289 1580 2369 προεστήκασι,
1593 2292 1642 2351 κάν

99 2383 255 2443 necessariis
279 2382 500 2463 occupationibus
521 2380 699 2461 detineantur,
721 2384 812 2463 quoti·
869 2379 908 2458 μὴ
923 2379 1044 2458 κείμωσι,
1059 2378 1094 2439 τά
1113 2384 1161 2451 τῆς
1179 2383 1249 2451 ζωῆς
1269 2381 1356 2447 αὐτοῖς
1375 2381 1526 2461 οἰχήσεται.
1549 2384 1643 2443 Ταῦτα

98 2476 173 2535 diani
188 2475 291 2556 opificii
304 2474 497 2552 sollicitudine,
507 2475 633 2535 manibus
647 2474 703 2535 suis
711 2475 814 2536 victum
867 2473 953 2552 λέγω,
969 2471 1030 2553 οὐχί
1047 2471 1191 2551 ἀπολογίαν
1206 2470 1273 2551 θπέρ
1286 2471 1392 2531 ἐκείνων
1416 2472 1561 2547 συντιθείς,
1573 2473 1641 2533 ἀλλά

98 2568 152 2627 sibi
159 2566 564 2649 compa1·antes:educandorum
569 2567 717 2627 liberorum
722 2589 815 2629 euram
868 2562 968 2633 δεικνὺς
979 2567 1035 2631 πῶς
1050 2561 1166 2640 μείζονος
1179 2563 1340 2644 κατηγορίας
1351 2565 1375 2623 οἱ
1390 2563 1565 2632 πλουτοῦντές
1576 2568 1642 2625 εἰσιν

97 2672 203 2739 gerunt,
217 2681 328 2720 imorem
337 2674 457 2735 tuentur,
472 2681 503 2719 ac
513 2660 564 2720 nisi
578 2661 710 2736 laborent,
722 2660 815 2722 rivere
868 2653 944 2723 οίίνον.
956 2655 1041 2716 Ὅσον
1055 2653 1175 2720 πλείονος
1195 2654 1372 2714 ἀπολαύωσιν
1389 2655 1495 2731 ἀδείας,
1515 2661 1641 2717 ποσῶσον

97 2751 309 2826 nequeuntflaec
322 2772 388 2810 ame
395 2749 591 2828 dicuntur,non
597 2765 627 2810 ut
634 2737 815 2812 defensionem
867 2746 913 2805 καί
926 2746 1125 2828 κατακρίσεως,
1137 2745 1180 2806 ὅσα
1191 2746 1278 2805 οὐδενὶ
1290 2745 1389 2805 τούτων
1398 2745 1568 2827 κατέχονται.
1581 2749 1641 2828 Οὐχ

98 2841 153 2900 illis
162 2862 330 2922 componam,
341 2841 389 2901 sed
397 2854 426 2900 ut
435 2840 535 2901 divites
544 2840 814 2922 majoriaccusatioue
867 2842 946 2916 δρᾶτε
966 2837 1027 2905 τοὺς
1039 2835 1196 2909 Ἰουδαίους,
1215 2835 1276 2904 τοὺς
1305 2836 1467 2916 θεομάχους,
1479 2836 1539 2906 τούς
1565 2841 1638 2898 ἀντι-

99 2955 155 2993 esse
167 2932 263 3012 dignos
277 2932 425 2993 ostendam.
443 2933 552 3004 Quanto
563 2934 660 3015 majori
673 2935 814 2994 securitate
866 2928 1012 2994 πίπτοντας
1031 2931 1069 3008 τῷ
1096 2926 1164 3008 {pltat
1179 2928 1340 3007 Πνοθμοτν,
1358 2928 1419 2996 σούς
1440 2930 1640 3012 σκληροτραχνί·

97 3027 235 3101 fruuntur,
244 3039 318 3085 tanto
332 3027 419 3105 magis
432 3025 641 3103 damnabuntur,
648 3027 723 3105 quod
732 3027 814 3088 nullis
865 3022 940 3093 λους,
955 3020 1064 3080 Τούτων
1079 3023 1104 3079 οἳ
1125 3019 1162 3098 μὴ
1179 3019 1388 3102 παραγενόμενον
1410 3021 1518 3081 πάντων
1537 3022 1639 3105 χείρους

98 3115 229 3196 ejusmodi
245 3117 327 3178 rebus
341 3108 512 3198 occupentur.
534 3118 630 3177 Nonne
648 3118 758 3179 Judaeos
773 3118 813 3177 vi·
868 3111 942 3172 εἰσίν.
958 3110 1088 3178 ’natue
1107 3113 1152 3172 ἰὰν
1176 3110 1288 3172 εἴπωσιν
1302 3116 1326 3171 οί
1351 3116 1428 3195 ἱεροῖς
1451 3113 1521 3172 ἑστία
1541 3115 1639 3194 ἡμέρας

99 3208 180 3284 detis,
192 3212 250 3269 Deo
262 3209 435 3288 rebelles,qui
445 3209 561 3290 Spiritui
574 3224 665 3269 sancto
676 3210 813 3286 resistunt,
867 3209 998 3288 ἀργῆσαι,
1010 3206 1056 3265 καί
1072 3206 1152 3280 δέκα,
1168 3205 1214 3264 καὶ
1235 3206 1336 3275 είκοσι,
1353 3206 1399 3266 καί
1422 3206 1580 3285 τρισίκοντα,
1593 3209 1640 3266 οὐκ

0 3322 32 3363 ιι
51 3335 90 3378 pa.
101 3300 184 3360 duros
211 3301 272 3361 illos
286 3302 411 3361 cervice?
433 3301 484 3360 His
496 3301 605 3360 omniuo
618 3302 722 3382 pejores
744 3315 816 3378 suut,
833 3315 852 3362 n
868 3297 1049 3376 ἀντιλέγουσι·
1062 3296 1148 3357 καίτοι
1165 3296 1192 3356 τί
1203 3302 1250 3369 τῆς
1263 3296 1357 3377 ἀργίας
1370 3297 1472 3370 ἐκείνης
1486 3296 1639 3376 χαλεπύιτε·

1 3451 28 3486 m,
53 3386 91 3488 qqt
102 3392 149 3472 qui
171 3414 224 3453 non
236 3407 377 3454 venerunt.
401 3392 460 3452 Illis
478 3393 502 3452 si
524 3392 646 3453 dixerint
667 3393 817 3454 sacerdotes
870 3388 1000 3470 povt'l'ltt
1010 3388 1089 3469 θύρας
1103 3386 1291 3463 ἇποαλοίονσν,
1306 3388 1352 3447 ναί
1365 3388 1425 3447 οὔτε
1437 3395 1489 3470 πῦρ
1513 3387 1640 3461 οιοίονσνν,

9 3508 49 3550 ua.
65 3461 202 3565 ”septem
215 3484 311 3544 diebus
326 3485 361 3543 ab
374 3483 500 3566 operibus
521 3475 690 3557 cessandum,
710 3485 755 3544 vel
767 3483 816 3545 de·
869 3484 919 3561 οὐχ
933 3481 1003 3564 θδωρ
1016 3483 1148 3563 φέρουσιν,
1160 3485 1208 3542 οὐκ
1221 3483 1328 3542 ἀλλοτι
1339 3481 1405 3563 πρὸς
1418 3479 1467 3552 τὴν
1484 3479 1580 3562 χρείαν
1593 3479 1641 3552 τὴν

102 3597 171 3656 cem,
183 3577 228 3637 vel
238 3576 346 3657 viginti,
356 3576 401 3636 vel
412 3575 533 3655 triginta,
547 3594 600 3634 uon
610 3575 815 3636 wntradicunt:
869 3572 993 3647 τοιαύτην
1018 3572 1213 3654 μεταχειρίζιιν
1233 3573 1366 3655 ἐφίενται·
1382 3573 1440 3630 ἀλλ’
1462 3571 1535 3630 ἔστιν
1551 3571 1651 3638 ἅλυσις·

101 3668 206 3728 tametsi
213 3669 279 3747 quid
289 3669 336 3728 illa
350 3668 488 3729 vacatione
496 3665 633 3727 molestius
647 3667 706 3727 lieri
718 3668 818 3747 potest?
870 3667 958 3732 αὐτοῖς
974 3670 991 3737 ἡ
1007 3664 1105 3748 ἀργία,
1126 3665 1173 3724 καὶ
1195 3663 1255 3725 οὐδὲ
1269 3664 1350 3732 οθτως
1365 3661 1555 3743 ἀντιλέγουσιν.
1571 3661 1641 3742 'Epir

98 3759 398 3834 Foresoccluduntmec
409 3757 818 3840 ignemaccenduntmecaquam
870 3755 901 3815 δέ
923 3757 997 3817 οὐδέν
1010 3763 1126 3818 τοιοῦτον
1141 3755 1211 3837 λέγω
1217 3803 1226 3830 ,
1237 3756 1278 3816 ύτι
1301 3755 1369 3816 ἑπτὰ
1387 3753 1489 3835 ἡμέρας
1517 3754 1641 3836 ἀργησον,

95 3852 200 3924 derunt,
213 3872 299 3928 neque
307 3849 383 3910 aliud
394 3850 544 3929 quidquam
554 3851 588 3909 ad
595 3851 727 3931 ejusmodi
739 3874 818 3912 usum
870 3849 929 3910 cett
948 3848 1013 3915 δέκα
1027 3848 1143 3928 ἡμέρας·
1161 3849 1229 3909 ἀλλά
1246 3847 1292 3907 δύο
1317 3872 1362 3926 μοι
1375 3845 1493 3906 δοίνεισον
1507 3845 1581 3926 ὥρας
1595 3849 1643 3916 τῆς

104 3940 217 4020 aggredi
225 3940 280 3998 illis
293 3940 461 4020 permittitur
474 3963 481 3996 ι
496 3938 544 3999 sed
558 3941 612 4000 otio
623 3954 762 4021 tamquam
773 3965 818 4003 ca-
870 3940 988 4021 ημύρας,
998 3940 1043 4000 καί
1054 3939 1102 4008 τίς
1115 3939 1209 4006 λοιπδς
1221 3940 1297 4006 αὐτὸς
1306 3940 1367 4020 ἔχε·
1378 3937 1424 3998 καί
1438 3934 1498 3996 οὐδὲ
1507 3936 1585 3997 τοῦτό
1598 3959 1642 4015 μοι

104 4046 164 4091 tena
178 4032 344 4107 vinciuntur,
352 4045 378 4091 et
387 4053 420 4091 ue
433 4045 491 4090 tum
499 4030 610 4109 quidem
622 4033 818 4093 contradicunt.
870 4036 901 4094 τὸ
917 4032 1012 4112 μέτρον
1027 4032 1164 4115 είσρίρεις.
1178 4034 1288 4092 Μᾶλλον
1300 4031 1328 4090 δὲ
1341 4029 1378 4110 μὴ
1394 4028 1453 4107 ἐμοὶ
1465 4029 1585 4110 δανείσῃς
1598 4029 1644 4097 τάς

104 4131 141 4184 At
153 4145 202 4203 ego
213 4123 282 4182 nibil
294 4124 347 4183 tale
359 4122 430 4200 dico,
447 4144 501 4183 non
514 4123 616 4203 impero
625 4137 656 4182 ut
665 4137 766 4205 septem
775 4124 820 4185 de·
871 4120 916 4182 δύο
934 4119 1023 4200 ὥρας,
1035 4122 1094 4180 ἀλλ’
1118 4123 1220 4198 έαυτῷ·
1233 4119 1277 4179 ίνα
1297 4117 1466 4199 παράκλησίν
1483 4141 1544 4178 τινα
1563 4120 1644 4198 εὐχῆς

106 4238 197 4277 cemve
210 4216 307 4275 diebus
323 4215 358 4274 ab
381 4214 508 4296 operibus
520 4214 667 4292 abstineas,
691 4214 739 4274 sed
751 4215 820 4277 duas
870 4211 932 4291 δέξῃ
946 4211 1079 4295 πατέρων,
1092 4211 1136 4270 ίνα
1149 4213 1274 4291 εὐλογιῶν
1287 4209 1495 4289 πεπληρωμένος
1505 4207 1634 4292 ἀναχωριί

105 4309 174 4369 mihi
188 4308 242 4367 diei
251 4309 331 4367 boras
341 4320 370 4365 ut
388 4304 552 4382 commodes,
572 4305 688 4384 reliquas
697 4306 755 4387 ipse
769 4309 819 4368 tibi
836 4322 855 4370 c
871 4328 936 4383 σητ,
950 4301 995 4363 ίνα
1007 4301 1171 4383 πανταχόθεν
1189 4303 1310 4381 ἀσφαλὴς
1328 4297 1513 4379 ἀπέλθῃς,ίνα
1532 4299 1643 4360 etate

104 4402 212 4474 babeas,
226 4414 252 4459 et
265 4421 298 4458 ne
310 4399 379 4459 banc
389 4397 498 4476 quidem
505 4395 575 4456 mihi
588 4418 740 4457 mensuram
750 4419 817 4458 con-
870 4397 961 4458 λαάὼν
987 4394 1022 4455 τά
1042 4392 1209 4473 πνευματικὰ
1230 4390 1444 4470 ἀκαταγώνιστος
1464 4390 1544 4471 γένῃ,
1567 4391 1644 4472 ἀχεί-

102 4490 427 4556 u·ibuis.1m0vuomihi
440 4511 473 4549 ne
487 4488 713 4549 commodesduas
727 4490 817 4570 boras,
872 4515 953 4572 ρωτος
971 4494 1009 4571 τῷ
1031 4486 1157 4568 διαύύλῳ.
1178 4485 1215 4545 Τί
1235 4484 1371 4566 ἡδύτερον,
1386 4482 1445 4543 εἰπέ
1457 4507 1522 4561 μοι,
1541 4489 1590 4556 τῆς
1607 4486 1645 4543 ἐν·

102 4589 149 4647 sed
165 4586 216 4646 tibi
231 4585 295 4666 ipsi,
322 4597 352 4642 ut
378 4582 545 4642 exoratione
569 4594 678 4661 patmum
699 4583 819 4660 aliquam
870 4589 953 4644 ταῦθα
967 4580 1163 4662 διαγωγῆςςΕί
1179 4578 1231 4658 γάρ
1241 4573 1405 4655 διημερεύειν
1419 4577 1533 4635 ἐνταῦθα
1550 4580 1644 4658 ἐχρῆν,

102 4678 309 4739 consolationem
325 4674 467 4757 percipias,
481 4687 512 4732 ut
524 4671 818 4754 benedictionibusple-
868 4676 896 4736 τί
919 4673 1091 4753 σεμνύτερονς
1114 4669 1141 4729 τί
1159 4668 1363 4750 ἀσφαλέστερον,
1379 4666 1446 4727 ὅπου
1468 4668 1579 4747 ἀδιλρολ
1599 4690 1644 4727 το-

102 4793 154 4830 nus
169 4769 289 4848 recedas,
302 4783 333 4826 ut
345 4767 419 4827 omni
428 4786 462 4825 ex
476 4779 553 4847 parte
565 4785 675 4824 securus
688 4766 776 4841 abeas,
788 4781 818 4825 ut
870 4771 974 4840 σοῦεοι,
987 4764 1052 4825 ἀπου
1067 4765 1097 4823 τδ
1110 4764 1221 4838 Πνεῦμα
1234 4758 1265 4818 τὸ
1280 4760 1367 4838 ίίγιον,
1384 4757 1449 4819 ύπου
1471 4757 1574 4830 Ἰησοῦς
1597 4759 1646 4839 μί·

103 4862 290 4943 spiritualibus
307 4859 422 4942 acceptis
435 4858 517 4919 armis
532 4857 651 4916 invictus
669 4855 779 4916 diabolo
794 4871 819 4917 et
870 4882 929 4932 σος,
943 4857 989 4916 καί
1003 4857 1018 4915 δ
1032 4853 1124 4915 τούτου
1142 4850 1255 4930 Πατηρς
1268 4852 1353 4914 Ποίαν
1372 4850 1464 4934 ίτέραν
1484 4856 1573 4924 ζητεῖς
1585 4875 1644 4912 συν-

103 4953 323 5034 inexpugnabilis
350 4953 410 5011 iias.
443 4949 519 5023 Quid
540 4948 698 5028 jucundius,
718 4969 817 5027 quaeso,
869 4950 976 5030 ἀγωγὴν
989 4947 1129 5018 τοιαύτην,
1143 4952 1218 5002 ποῖον
1239 4941 1327 5024 ἕτερον
1344 4943 1547 5024 βουλευτηριον;
1565 4942 1642 5002 ποίαν

103 5066 184 5126 quum
199 5044 245 5103 bic
257 5043 377 5104 versari?
387 5042 419 5103 si
429 5041 501 5112 enim
515 5039 651 5100 totosdies
662 5038 707 5098 bie
720 5038 818 5099 transi·
869 5041 973 5103 σύνοδον
986 5042 1129 5112 ςΤοσαῦτα
1138 5033 1225 5112 ἀγαθά
1238 5036 1265 5093 ἐν
1275 5040 1308 5112 τῇ
1320 5035 1489 5115 τραπέζη,έν
1500 5039 1534 5114 τῇ
1547 5035 1643 5114 tepot-

102 5156 274 5218 gcrenecesse
284 5148 362 5210 esset,
380 5133 447 5212 quid
459 5133 634 5214 preclarius?
647 5130 714 5209 quid
724 5131 816 5207 tutius,
869 5157 923 5206 σει,
934 5136 960 5192 ἀν
975 5140 1033 5198 ταῖς
1044 5126 1189 5206 εὐλογίαις,
1201 5130 1228 5186 έν
1240 5137 1298 5194 ταῖς
1312 5129 1418 5206 εὐχαῖς,
1432 5130 1459 5186 έν
1472 5135 1531 5193 ταῖς
1549 5149 1641 5185 συνου-

102 5231 149 5290 ubi
165 5243 202 5289 tot
227 5240 288 5288 sunt
303 5225 408 5304 trane,
432 5225 481 5285 ubi
489 5225 610 5307 Spiritus
625 5235 743 5310 metuo,
768 5223 817 5284 ubi
869 5224 955 5293 σίαις·
976 5222 1022 5282 καλ
1036 5219 1068 5282 σύ
1087 5218 1153 5300 πρὸς
1177 5206 1267 5300 tribue
1291 5217 1396 5296 βλέπεις
1412 5215 1565 5296 διατριῦάς,
1585 5216 1637 5276 Καὶ
