3764 5992
114 565 187 671 496
433 586 463 635 S·
492 584 633 634 JOANMS
657 581 839 631 catutsosr.
870 579 1024 630 attentae.
1049 579 1321 635 consrtttttttot’.

114 735 176 794 quae
197 711 359 773 acciderunt.
375 709 452 771 Hauc
478 709 547 770 mibi
573 706 689 789 gratiam
713 705 832 788 praebea·
887 704 932 767 έπί
954 709 1007 766 τῶν
1031 705 1145 783 ύδάτων,
1160 707 1206 768 καί
1225 706 1313 788 ὀλίγον
1331 709 1511 785 διστάσαντα,
1528 713 1576 774 κοιλ
1598 714 1660 793 μέλ-

114 805 162 878 tis,
179 805 347 865 immobilem
365 802 457 864 fidem.
476 804 573 861 Annon
594 798 701 860 vidistis
723 799 833 856 Petrum
886 797 965 857 λοντα
979 797 1233 873 καταποντίζεσθαι,
1243 803 1272 860 ού
1286 800 1330 860 διδ
1344 800 1392 874 τὴν
1408 802 1525 864 ἄτακτον
1535 808 1588 863 τῶν
1599 808 1662 865 ύδά-

115 897 298 957 ambulantem
318 916 399 976 super
422 915 519 972 aquas,
533 890 677 972 paululum
699 886 832 947 dubitan-
885 892 939 948 τῶν
958 889 1054 970 ὁρμὴν,
1076 890 1144 949 ἀλλὰ
1164 890 1209 950 διδ
1227 890 1276 962 την
1301 892 1438 953 ἀσθένειαν
1460 899 1509 966 τῆς
1533 894 1660 968 πίστεως,

114 1000 185 1062 tem,
200 987 228 1046 iu
249 986 399 1068 periculum
422 982 617 1045 submersionis
637 981 757 1056 venisse,
778 1000 831 1039 nou
886 979 932 1053 Μὴ
943 978 994 1061 γάρ
1006 980 1183 1059 detonabat<
1193 982 1290 1061 ψήφοις
1300 985 1414 1044 ἐνταῦθα
1425 985 1556 1064 ἤλθομεν;
1562 987 1600 1063 μὴ
1612 988 1662 1067 γάρ

115 1078 151 1139 ob
173 1100 304 1159 aquarum
325 1079 467 1158 impetum,
480 1075 526 1136 sed
547 1075 582 1134 ob
603 1073 666 1132 fidei
682 1070 866 1131 infirmita-B
886 1069 1022 1149 ἅνθρωπος
1044 1069 1153 1148 ἤγαγεν,
1169 1068 1213 1127 tva
1233 1069 1369 1149 ἄνθρωπος
1390 1072 1550 1153 καταλύσῃ,
1567 1077 1660 1134 Ταῦτα

113 1171 193 1232 tem?
209 1173 234 1231 Ν
237 1193 282 1230 um
304 1171 429 1230 humanis
452 1168 562 1229 calculis
575 1168 631 1227 huc
645 1161 830 1226 accessimus?
884 1158 954 1238 λέγω
970 1163 1016 1219 οὐκ
1028 1159 1235 1236 ἀπονοούμενος,
1249 1159 1286 1238 μὴ
1301 1160 1419 1240 γίνοιτο,
1430 1165 1491 1223 οὐδὲ
1507 1166 1660 1232 ἀλαζονευό-

113 1284 180 1324 ιιιιιιι
204 1263 287 1323 bomo
312 1284 360 1323 uos
383 1262 520 1334 adduxit,
537 1273 567 1319 ut
593 1259 675 1318 bomo
698 1253 831 1335 dejiciat?
885 1274 974 1329 μενος,
989 1250 1057 1310 ἀλλά
1076 1250 1107 1309 τὸ
1120 1254 1195 1328 ὑμῶν
1209 1252 1400 1329 σεσαλευμένον
1421 1255 1546 1335 στηρίξαι
1569 1257 1659 1335 βουλά-

113 1354 178 1416 flac
188 1377 241 1415 uon
255 1377 290 1415 ex
300 1354 453 1434 arrogantia
467 1352 511 1413 vel
522 1349 650 1433 jactantia
659 1347 732 1418 dico,
745 1345 828 1423 absit,
885 1363 970 1416 μενος.
985 1340 1095 1414 Ἐπειδὴ
1110 1341 1173 1415 έστη
1188 1347 1205 1415 ἡ
1222 1342 1314 1418 πολις,
1328 1343 1494 1417 Ἐκκλησίαν
1509 1350 1524 1405 δ
1541 1347 1660 1414 διάἀολος

73 1452 76 1458 ’
112 1443 159 1507 sed
170 1459 200 1505 ut
209 1437 284 1526 quod
295 1447 323 1504 iu
335 1445 413 1507 vobis
427 1444 539 1504 lluctuat
550 1438 744 1501 constabiliam.
757 1437 830 1509 Quo·
882 1433 996 1506 illibatos
1010 1436 1143 1494 σαλεῦσαι.
1154 1433 1243 1515 Μιαρέ
1259 1434 1306 1492 καὶ
1320 1435 1463 1514 παμμίαρε
1477 1437 1585 1498 διάάσλι
1594 1440 1659 1510 ,τοί

111 1535 186 1597 uiam
207 1537 299 1596 sedata
322 1550 378 1595 erat
399 1534 506 1610 civitas,
529 1531 677 1592 Ecclesiam
703 1528 830 1588 diabolus
881 1548 938 1605 χων
958 1527 988 1584 ού
1009 1524 1176 1605 περιεγένου,
1197 1525 1243 1583 καὶ
1262 1524 1426 1598 Ἐκκλησίαν
1446 1529 1597 1608 προσδοκᾷς
1618 1551 1660 1588 συ·

79 1667 82 1670 >
115 1642 257 1700 concutere
269 1626 370 1694 voluit.
385 1628 410 1685 0
427 1625 535 1685 sceleste
554 1637 580 1682 ct
596 1617 827 1701 flagitiosissime!
881 1619 989 1691 λεῦσαι;
1008 1616 1055 1689 Μὴ
1076 1616 1128 1697 γάρ
1151 1620 1178 1677 έν
1202 1614 1302 1696 τοίχοις
1321 1621 1338 1688 ἡ
1362 1619 1530 1692 Ἐκκλησία,
1551 1619 1599 1678 Ἐν
1621 1623 1659 1699 τῷ

111 1738 203 1778 muros
221 1739 274 1778 nou
292 1716 463 1798 expugnasti,
480 1729 506 1776 et
518 1714 666 1775 Ecclesiam
678 1725 704 1771 te
717 1731 829 1770 succus·
881 1706 978 1778 πλήθει
991 1710 1045 1766 τῶν
1060 1710 1163 1769 πιστῶν
1178 1714 1195 1782 ἡ
1213 1707 1373 1779 Ἐκκλησία.
1391 1708 1461 1768 Ἰδού
1475 1710 1554 1769 πέσοι
1569 1713 1659 1770 στῦλοι

110 1830 205 1869 surum
222 1811 339 1892 speras?
356 1814 397 1869 An
415 1808 502 1869 muris
515 1806 636 1867 Ecclesia
656 1805 782 1865 constat?
795 1805 828 1863 Iu
882 1801 995 1879 έδραῖοι,
1009 1802 1039 1859 οδ
1054 1800 1155 1882 σιδήρῳ
1167 1798 1318 1878 δεδεμένοι,
1332 1800 1402 1860 ἀλλὰ
1417 1800 1508 1861 πίστει
1528 1801 1657 1881 έσριγμέ-

109 1900 284 1961 multitudine
292 1899 414 1960 fidelium
422 1898 542 1959 Ecclesia
554 1896 683 1957 consistit.
694 1894 736 1954 En
746 1915 828 1973 quarn
881 1913 929 1951 νοι.
944 1894 985 1951 oo
994 1891 1065 1971 λέγω
1078 1891 1120 1952 ὅτι
1132 1898 1256 1950 τοσοῦτον
1270 1894 1370 1964 πλῆθος
1380 1893 1460 1973 πυρδς
1474 1893 1658 1976 σροδράτερον·

110 1990 356 2067 firmaecolttmnae,
371 1985 676 2069 nonfe1·toligatae‚sod
690 1987 745 2046 fide
759 2006 827 2045 con·
882 1985 941 2043 ἀλλ’
955 1986 1063 2056 ούτε,εί
1084 1976 1120 2051 εἷς
1140 1975 1182 2058 ἦν,
1196 1984 1357 2063 περιεγένου.
1371 1984 1425 2043 Kal
1445 1975 1536 2060 σίδας,
1550 1976 1594 2045 oia'
1618 2009 1657 2045 σοι

108 2079 218 2143 strictae.
230 2085 291 2143 Non
304 2083 479 2143 dicotantam
492 2077 695 2139 multitudinem
708 2077 769 2157 igue
782 2096 828 2135 ve·
881 2075 1020 2154 τραύματα
1040 2075 1175 2156 παρέσχον
1191 2080 1216 2136 oi
1236 2077 1375 2157 μάρτυρες.
1392 2079 1508 2149 Είσῆλθε
1528 2076 1657 2146 πολλάκις

109 2167 301 2228 hementiorom
314 2191 385 2229 esse:
396 2167 442 2228 sed
452 2189 510 2244 uec,
520 2167 542 2227 si
553 2187 623 2225 unus
635 2178 740 2224 tantum
750 2177 827 2237 esset,
843 2176 862 2224 C
881 2168 946 2246 κόρη
961 2167 1053 2238 άπαλὴ
1076 2166 1263 2247 ἀπειρόγαμος·
1275 2174 1358 2247 κηροῦ
1376 2159 1408 2241 ἦν
1422 2168 1600 2247 ἁπαλωτέρα,
1613 2169 1657 2228 καί

108 2278 268 2340 superasses.
283 2261 361 2319 Nosti
382 2273 495 2340 quantas
508 2257 559 2317 tibi
571 2256 664 2338 plagas
677 2255 829 2315 indixerint
864 2280 867 2285 ·
880 2259 979 2341 πέτρας
991 2259 1093 2339 ἐγένετο
1104 2260 1277 2339 στερεωτέρα.
1285 2259 1342 2326 Τάς
1354 2259 1469 2338 πλευράς
1484 2264 1566 2331 αύτῆς
1576 2260 1654 2330 έίεες,

108 2363 248 2432 martyres.
261 2353 383 2431 Ingressa
403 2371 473 2432 saepe
486 2362 526 2409 est
539 2348 630 2430 puella
646 2361 733 2407 tenera
747 2348 828 2407 iunu·
862 2347 924 2410 Ικαί
937 2350 985 2424 τὴν
1000 2351 1090 2410 πίστιν
1105 2355 1187 2423 αὐτῆς
1200 2355 1248 2410 οὐκ
1262 2351 1367 2417 ἔλαάες.
1384 2351 1516 2422 Ἠτάνησε
1528 2357 1577 2424 τῆς
1591 2378 1654 2433 σαρ-

106 2454 153 2523 ριιι
165 2464 241 2503 :cera
253 2444 361 2503 mollior
368 2457 434 2518 erat,
445 2443 492 2503 sed
501 2455 576 2523 petra
590 2439 704 2500 solidior
713 2439 824 2500 exstitit.
878 2441 950 2515 κδςὴ
964 2440 1055 2522 ρύσις,
1067 2442 1113 2501 καί
1127 2444 1173 2501 οὐκ
1194 2442 1363 2522 ἀπηγορεύθη
1381 2448 1429 2514 τῆς
1442 2442 1558 2511 πίστεως
1573 2450 1591 2515 ἡ
1614 2445 1654 2506 δύ

106 2531 175 2613 Ejus
187 2535 270 2595 latera
285 2536 451 2613 lancinabas,
467 2549 494 2594 et
506 2533 589 2593 fidem
607 2552 660 2592 non
676 2528 824 2590 ariserebas.
878 2556 970 2610 ναμις·
984 2535 1135 2593 ἐδαπανᾶτο
1146 2533 1177 2591 τδ
1191 2537 1288 2610 σῶμα,
1301 2534 1460 2594 ένεανιεύετο
1473 2534 1504 2593 τὸ
1517 2535 1654 2614 ιρράνημσ·

105 2624 191 2685 Cessit
210 2627 298 2687 caruis
320 2640 529 2703 natura,neque
549 2623 665 2683 concidit
679 2620 742 2681 fidei
763 2622 824 2682 vir·
877 2621 1033 2694 ἀνηλίσκετο
1055 2622 1082 2681 δέ
1102 2626 1119 2693 ί,
1141 2621 1233 2695 οὐσία,
1246 2623 1291 2681 καὶ
1308 2622 1398 2699 ἔμενεν
1417 2628 1434 2695 ἡ
1455 2624 1592 2684 εύλάύεια.
1605 2628 1654 2685 Γυ-

104 2728 168 2795 tus;
192 2719 401 2778 consumebatur
417 2739 526 2799 corpus,
540 2729 567 2775 ct
589 2714 706 2776 viriliter
728 2713 825 2795 agebat
875 2715 966 2782 ναικὸς
986 2718 1015 2774 οῦ
1035 2715 1188 2797 περιεγένου
1213 2715 1350 2793 μιθς,καλ
1372 2717 1497 2775 τοσούτου
1520 2718 1654 2797 περιγενί·

104 2807 233 2885 animus;
260 2809 453 2869 absumebatur
474 2807 634 2884 substantia,
650 2819 676 2865 et
699 2807 824 2867 manebat
876 2810 939 2865 σθαι
952 2804 1037 2884 δήμου
1057 2806 1295 2884 προσδοκᾷς;οιἰκ
1315 2804 1417 2872 ἀκούεις
1431 2813 1477 2866 τοῦ
1498 2808 1597 2886 Κυρίου
1612 2807 1654 2867 λέ-

103 2897 200 2978 pietas.
214 2902 256 2960 Ne
271 2922 353 2959 unam
362 2900 474 2978 quidem
487 2899 629 2958 mulierem
639 2898 782 2978 superasti,
797 2911 824 2958 et
874 2920 973 2975 γοντος,
982 2896 1070 2956 Ὅπου
1082 2897 1126 2957 δύο
1137 2897 1154 2970 ἦ
1165 2905 1235 2978 τρεῖς
1248 2900 1298 2957 είσι
1310 2897 1470 2976 συνηγμένοι
1480 2902 1518 2967 είς
1528 2900 1559 2958 τὸ
1570 2899 1654 2976 ὄνομά

100 3001 207 3050 tantum
220 2992 351 3072 populum
369 3007 394 3052 te
416 3005 604 3071 superaturum
620 2988 823 3048 confidistNou
875 3010 935 3065 μου,
948 2992 1003 3047 έκεί
1015 2991 1071 3065 εἰμι
1084 2992 1110 3048 ἐν
1128 2987 1202 3068 μέσῳ
1217 2990 1318 3064 αὐτῶν,
1328 2987 1419 3047 Ὅπου
1434 2996 1556 3057 τοσοῦτος
1570 2992 1653 3066 δῆμος

8 3081 41 3126 tl·
59 3079 183 3140 ¹⁸·audis
192 3083 341 3142 Dominum
362 3083 516 3142 dicentem:
531 3084 589 3142 Ubi
612 3082 670 3138 duo
694 3081 746 3139 vel
766 3093 823 3140 tres
875 3078 967 3157 ἀγάπη
990 3078 1161 3159 έσριγμένος,
1181 3081 1210 3138 ού
1231 3078 1375 3162 πάρεστιν;
1397 3078 1476 3159 'Epeo
1496 3083 1574 3138 αὐτοῦ
1595 3082 1651 3141 ένί-

104 3178 274 3253 congrcgoti
286 3188 357 3234 sarit
371 3179 403 3232 in
419 3181 536 3233 nomine
549 3193 622 3246 mco,
635 3172 698 3230 illio
712 3192 777 3230 sum
790 3176 822 3229 in
836 3188 856 3234 t)
873 3192 964 3249 χνρον·
980 3169 1017 3248 μὴ
1039 3169 1091 3250 γδιρ
1110 3170 1196 3250 οίκείηι
1217 3171 1327 3248 δυνάμει
1347 3174 1449 3251 θσβρῶς
1465 3173 1652 3252 Γραμματείον

103 3265 199 3321 medio
213 3272 333 3323 eorum?
350 3265 386 3324 Et
401 3265 448 3323 ubi
465 3279 519 3323 tam
533 3283 691 3323 numerosus
705 3261 822 3342 populus
874 3264 955 3320 αὐτοῦ
969 3261 1198 3341 κατέχωἜκεῐνό
1209 3287 1253 3340 μοι
1266 3261 1406 3341 βακτηρία,
1417 3262 1500 3321 ἐκεῖνό
1511 3287 1556 3338 μοι
1568 3263 1652 3343 ἀορά-

102 3353 222 3414 caritatis
240 3355 357 3415 vinculis
378 3357 548 3432 constrictus,
560 3375 612 3413 non
633 3353 739 3413 aderit?
753 3353 821 3435 Ejus
873 3346 947 3427 λεια,
959 3353 1043 3413 έκεῑνά
1062 3376 1107 3432 μοι
1125 3354 1208 3432 λιμὴν
1228 3354 1387 3430 ἀκύμαντος.
1399 3353 1455 3412 Κάν
1475 3359 1492 3424 ἡ
1511 3355 1651 3432 οἰκουμένη

101 3445 200 3527 pignus
210 3447 296 3508 babeo
306 3473 312 3505 :
323 3470 387 3507 uum
399 3446 516 3529 propriis
527 3468 588 3506 sum
600 3445 706 3504 viribus
717 3444 820 3524 fretus?
872 3445 1056 3525 ταράττηται,
1067 3445 1098 3504 τδ
1114 3456 1298 3528 γραμματεῖον
1313 3445 1429 3524 κατέχω·
1445 3448 1517 3524 αύτῷ
1531 3447 1560 3523 (s.
1576 3446 1652 3521 αὐτὸ)

101 3537 238 3618 Scriptum
251 3540 310 3622 ejus
321 3539 471 3600 teneo.Hic
482 3539 550 3598 milti
563 3537 691 3599 bacttltts:
703 3536 761 3596 lraec
769 3539 821 3596 ml·
873 3535 1062 3613 ἀναγινώσκω
1082 3536 1116 3595 τὰ
1139 3538 1287 3617 γράμματα
1306 3541 1395 3597 ἐκεῖνοι
1414 3544 1502 3616 τεῖχος
1524 3537 1584 3615 ἐμοὶ
1607 3539 1651 3597 καὶ

101 3629 131 3688 hi
145 3632 352 3692 secut·itas:bic
370 3632 438 3692 mibi
458 3645 552 3713 pot-tus
572 3629 744 3708 tranquillus.
761 3629 821 3690 Etsi
872 3628 1011 3709 ἀσράλεια.
1034 3631 1105 3689 Ποῖα
1130 3635 1232 3702 ταῦτα;
1245 3628 1318 3707 Ἐγὼ
1339 3629 1397 3704 μεθ’
1419 3634 1494 3705 ὑμῶν
1518 3632 1574 3704 εἰμι
1599 3629 1650 3688 ποί·

102 3723 275 3782 conturbetur
292 3723 366 3784 orbis
380 3737 462 3801 totus,
479 3722 638 3804 rescriptum
655 3734 748 3780 teneo:
764 3721 821 3802 ejus
872 3743 921 3786 σας
935 3719 982 3787 τὰς
996 3720 1098 3801 ἡμέρας
1113 3720 1161 3787 ἕως
1176 3726 1223 3792 τῆς
1240 3720 1389 3786 συντελείας
1403 3727 1449 3779 τοῦ
1465 3723 1568 3786 αἰῶνος.
1584 3722 1650 3801 Χρι-

100 3809 192 3872 literas
218 3816 292 3894 lego:
314 3816 565 3887 hicmibimurus,
580 3814 632 3872 boc
651 3811 818 3894 praesidium.
872 3809 932 3878 στδς
954 3810 1014 3888 μετ’
1039 3815 1120 3889 ἐμοῦ,
1144 3812 1189 3871 καί
1211 3811 1270 3869 τίνα
1290 3810 1492 3891 ρούηθήσομαι,
1515 3812 1571 3870 Κάν
1598 3812 1651 3870 κύ-

10 3910 41 3953 ει.
56 3902 603 3986 28.Qttasliteralegooobiscumsum
617 3909 751 3965 omnibns
760 3907 820 3964 die·
872 3926 946 3981 ματα
968 3905 1028 3964 κατ’
1048 3908 1112 3982 ἐμοῦ
1134 3903 1309 3986 διεγείρηται,
1325 3903 1376 3961 κάν
1397 3902 1517 3980 πελάγη,
1533 3903 1582 3961 κάν
1604 3907 1650 3984 ἀρ·

105 3996 157 4054 bus
171 4016 263 4076 usqtte
272 4001 313 4056 ad
323 4004 605 4057 consummationem
616 3999 725 4058 saeculi.
739 3997 817 4056 Clui-
870 3993 971 4074 χύντων
992 3994 1071 4071 θυμοί
1078 4019 1084 4032 ·
1107 3996 1165 4072 ἐμοί
1185 4001 1270 4055 ταῦτα
1292 3993 1379 4053 πάντα
1406 3995 1525 4074 ἀράχνης
1549 3995 1649 4054 εὐτελέ-

102 4097 160 4144 stus
172 4107 288 4158 mecum,
304 4110 383 4166 quem
396 4089 520 4147 timebo?
532 4089 591 4148 Etsi
605 4087 703 4147 fluctus
721 4088 818 4148 adver·
871 4107 963 4166 στερα.
981 4085 1034 4144 Καὶ
1056 4089 1079 4144 εί
1098 4086 1135 4163 μὴ
1161 4084 1203 4145 δεδι
1225 4085 1274 4156 τὴν
1296 4085 1427 4162 ὑμετέραν
1450 4085 1572 4159 ἀγάπην,
1591 4085 1648 4145 οὐδὲ

102 4195 162 4235 sum
176 4198 218 4237 me
232 4179 406 4255 concitentur,
419 4179 468 4238 etsi
488 4179 583 4254 maria,
596 4179 646 4237 etsi
664 4178 818 4258 principum
871 4177 986 4255 στ’,μερον
1002 4176 1033 4235 δν
1053 4177 1250 4256 παρῃτησάμην
1273 4177 1406 4234 ἀπελθεῖν.
1422 4173 1475 4234 'bel
1494 4174 1547 4258 γάρ
1560 4176 1647 4253 λέγω,

103 4266 179 4326 srrror
189 4293 195 4326 :
207 4268 276 4328 mibi
289 4271 346 4329 bac
363 4270 453 4328 omnia
471 4291 567 4328 aranea
582 4282 644 4327 sunt
658 4269 763 4328 viliora.
780 4275 817 4329 Ac
833 4281 852 4327 E
871 4268 965 4349 Κύριε,
978 4268 1009 4327 τὸ
1023 4269 1068 4328 σὸν
1083 4269 1185 4347 θέλημα
1199 4267 1328 4347 γενέσθω·
1341 4265 1378 4344 μὴ
1393 4264 1410 4323 δ
1425 4289 1452 4323 τι
1471 4270 1485 4324 δ
1499 4269 1588 4343 δεῖνα,
1604 4268 1647 4326 καλ

104 4357 156 4418 nisi
168 4361 319 4420 caritasme
333 4374 420 4421 vestra
435 4360 603 4436 detinuisset,
616 4381 648 4418 ue
661 4359 742 4418 bodie
755 4359 817 4437 qui·
870 4363 885 4418 δ
905 4362 990 4432 δεῖνα,
1007 4363 1066 4419 ἀλλ’
1089 4361 1114 4419 εί
1133 4385 1158 4419 τι
1179 4358 1211 4418 σύ
1238 4359 1335 4438 βούλει.
1349 4349 1435 4425 Ούτος
1456 4358 1516 4436 ἐμοί
1536 4360 1647 4441 πύργος,

103 4449 164 4511 dem
172 4450 323 4512 abnuissem
333 4452 387 4512 alio
396 4451 658 4534 proficisci.Scmper
666 4450 737 4509 enim
746 4449 816 4523 dico,
871 4457 948 4512 τοῦτο
959 4451 1018 4529 ἐμοί
1032 4453 1118 4531 πέτρα
1131 4451 1269 4521 ἀκίνητος·
1281 4458 1358 4510 τοῦτο
1370 4451 1428 4528 ἐμοὶ
1441 4451 1573 4529 βακτηρία
1585 4455 1649 4510 ἀπε·

1 4552 38 4597 ιθ.
54 4555 78 4602 θ.
102 4544 237 4618 Domine,
248 4546 306 4626 fiat
319 4546 461 4604 voluntas
475 4557 527 4603 tua
542 4567 551 4600 .·
567 4563 619 4602 nou
633 4540 704 4621 quod
718 4541 778 4601 talis
792 4556 818 4601 et
873 4542 1019 4624 ρίτρεπτος.
1034 4545 1069 4603 Et
1085 4542 1206 4621 βούλεται
1220 4548 1234 4602 δ
1246 4544 1314 4610 Θεδς
1327 4550 1404 4602 τοῦτο
1419 4540 1557 4620 γενέσθαι,
1572 4542 1646 4620 γινέ-

102 4634 174 4709 talis‚
186 4637 233 4696 sed
245 4636 317 4716 quod
332 4651 362 4696 tu
377 4637 420 4697 ris
432 4640 446 4716 [
456 4637 553 4696 faciam
562 4637 584 4716 ].
598 4634 660 4693 Haec
674 4633 742 4692 mibi
761 4646 818 4692 tur·
872 4640 935 4693 σθω.
948 4636 982 4694 ut
997 4633 1121 4714 βούλεται
1133 4637 1246 4694 ἐνταῦθα
1257 4625 1323 4693 eliel
1338 4658 1381 4710 με,
1393 4633 1473 4712 χάριν
1483 4632 1547 4713 έχω.
1555 4632 1645 4694 Ὅπου

101 4725 151 4804 ris,
162 4727 220 4787 haec
233 4728 301 4788 mibi
320 4743 395 4809 petra
413 4727 575 4804 immobilis;
591 4726 635 4786 bic
649 4724 715 4784 mibi
731 4726 817 4784 bacu-
873 4726 1011 4804 βούλεται,
1026 4729 1187 4810 εὐχαριστῶ.

100 4819 144 4878 lus
157 4840 208 4880 non
225 4820 365 4882 vacillans.
379 4821 408 4882 Si
423 4821 452 4880 id
461 4823 535 4880 Deus
548 4820 623 4892 velit,
634 4817 691 4876 fiat.
708 4817 739 4877 si
754 4817 818 4877 velit

100 4930 143 4970 me
153 4912 199 4972 bie
209 4935 324 4988 manere,
331 4913 430 4992 gratim
440 4913 535 4972 habeo.
543 4910 716 4989 Ubicumque
725 4909 813 4968 velue

99 5001 147 5080 rit,
162 5005 262 5084 gratias
273 5007 367 5065 refero.

138 5097 167 5157 5.
183 5098 268 5157 Nemo
279 5119 328 5158 vos
342 5091 632 5177 oontttrbettptccibus
647 5106 747 5155 vacate.
755 5093 816 5154 Hoc
910 5097 1011 5170 Μηδεὶς
1031 5098 1100 5175 ὑμᾶς
1122 5095 1273 5176 θορυύεέιω·
1292 5103 1350 5162 ταῖς
1374 5097 1466 5175 εὐχαῖς
1488 5094 1641 5174 προσέχειι.

95 5185 183 5247 ellecit
200 5187 336 5268 diabolus,
358 5203 389 5249 ut
409 5203 529 5248 vestrum
545 5187 617 5247 circa
639 5185 813 5268 supplicatio·
869 5190 962 5250 Ταῦτα
983 5187 1108 5262 ίποίησεν
1121 5193 1136 5247 δ
1149 5188 1284 5263 διάύολος,
1295 5188 1339 5247 ἵνα
1351 5187 1452 5266 έκκάψη
1464 5185 1513 5259 τὴν
1525 5184 1641 5258 σπουδὴν

92 5296 140 5338 nes
164 5279 286 5340 studium
308 5281 485 5361 interciperet.
505 5279 562 5341 Sed
580 5278 650 5340 nibil
675 5277 811 5359 proiecit:
866 5278 915 5352 τὴν
927 5279 989 5361 πιρλ
999 5280 1048 5349 τδς
1058 5278 1201 5349 λιτανείας.
1211 5279 1281 5340 Ἀλλ’
1293 5283 1324 5337 ού
1335 5287 1471 5359 προχοιμί
1479 5275 1640 5356 αύτῷ·.ἀλλδι

93 5368 148 5432 imo
167 5390 216 5431 vos
238 5371 413 5451 diligentores
429 5371 628 5451 alacrioresque
646 5370 808 5434 invenimus.
866 5370 1088 5453 σπουδαιοτέρους
1099 5374 1170 5449 ύμῦς
1181 5370 1228 5431 καί
1243 5371 1415 5452 θερμοτέρους
1426 5369 1585 5448 εὑρήκαμεν.
1597 5366 1639 5425 »tt
