3764 5992
733 478 916 530 nersroun.
1221 498 1237 535 μ
1535 456 1608 557 6ε9

67 600 166 681 φαντίφ
177 600 281 681 χαίρειν
297 601 349 675 δεῖ,
363 599 424 661 θεαν
437 602 502 661 ’καί
514 605 628 663 τοσαῦτα
641 607 745 684 προσῇ,
759 627 837 665 roxo-
889 616 954 679 tros,
965 601 1192 686 sodlongeplures
1202 605 1370 667 sustinuistis
1376 612 1476 665 mortes
1486 604 1552 664 :etsi
1559 626 1612 665 non

66 691 191 771 φαντίαι,
206 692 323 771 πληγαί,
340 692 465 770 βάσανοι,
479 692 540 775 ξίφη
552 695 721 774 ἠκονημένα,
732 697 837 774 despo-
888 694 1062 774 experientia,
1073 711 1177 755 certum
1185 711 1273 756 tamen
1282 695 1463 775 quodnnimo.
1479 697 1613 758 Gaudete
1621 716 1710 764 Μαεια.
1724 714 1748 762 5.

65 783 162 865 τήρια,
186 783 305 853 ἁλύσεις,
335 785 493 863 ἀπαγωχαλ,
527 787 706 868 περιαγωγαί,
736 790 837 867 ἐχθρῶν
888 787 978 864 igitur
997 800 1026 845 et
1048 789 1209 857 exsultate;
1234 788 1367 848 Dominus
1385 787 1513 847 culorum
1531 787 1612 868 jussit
1625 790 1661 824 ¹²·

66 876 147 954 στίφη
161 881 293 944 τοσαῦτα,
307 875 428 948 ἐννόησον
441 877 532 947 ἡλίκος
547 882 561 935 θ
575 879 680 955 μισθὸς,
694 884 745 938 ποῦ
761 902 837 958 κορο-
888 896 943 936 non
953 878 1039 937 solum
1050 900 1103 938 non
1112 880 1213 948 dolere,
1224 880 1266 939 vel
1275 879 1364 958 frangi
1373 878 1474 953 animo,
1486 876 1612 938 veldeci·

66 973 162 1045 φοῦτοιι
175 965 209 1025 τὰ
218 971 266 1037 τῆς
282 967 405 1045 ἀμοιόῆς.
416 966 531 1050 Χαίρετε
537 968 634 1044 τοίνυν,
647 970 781 1051 σκιρτᾶτε,
794 971 839 1027 ἀν-
888 967 962 1041 dere,
972 970 1020 1029 sed
1029 971 1146 1052 gaudere
1154 985 1179 1031 et
1189 972 1333 1045 exsultare,
1342 969 1450 1048 quando
1459 991 1556 1039 nomen
1565 990 1612 1031 ve·
1624 989 1658 1034 th.
1670 1004 1692 1033 ε.
1709 1000 1746 1032 ει.

66 1057 184 1136 δρίζεσθε
192 1103 199 1130 ,
208 1062 397 1136 κραταιοῦσθε,
406 1059 545 1131 ἐννοήσατε
554 1058 651 1127 πόσους
666 1061 793 1140 ἠλείψατε
803 1060 838 1119 δι’
890 1073 976 1119 strum
987 1054 1122 1140 tardquam
1134 1063 1236 1121 malum
1246 1063 1361 1143 ejicient.
1372 1060 1453 1134 Quod
1462 1061 1485 1120 si
1495 1061 1523 1120 in
1533 1081 1612 1141 syco-

66 1141 245 1219 doteriores,
264 1149 354 1208 πόσων
375 1150 531 1231 φρονήματα
552 1152 730 1224 ἀνεστήσατε,
743 1152 839 1220 πόσους
889 1151 1010 1231 pitantiis
1026 1152 1219 1231 gaudendum,
1234 1152 1343 1231 quando
1355 1150 1400 1213 bis
1417 1151 1548 1210 accedunt
1562 1172 1612 1211 ca-

66 1240 222 1320 ἐστηρίξατε
243 1241 449 1320 σαλευομένους,
466 1244 526 1324 οὐχί
542 1243 688 1325 παρόντας,
709 1246 777 1307 ἀλλά
793 1245 839 1305 καί
890 1244 1009 1319 Ιααιαὶαε,
1018 1247 1139 1320 verbera,
1150 1257 1292 1319 tormenta,
1301 1244 1612 1324 gladiiacuti‚carceres‚

66 1332 200 1406 ἀπόντας,
216 1337 245 1391 οὐ
261 1332 304 1391 δελ
317 1337 365 1404 τῆς
376 1333 460 1414 ἀρεως
473 1326 510 1394 ῶν
521 1337 756 1415 θπορεμενήκατε,
770 1336 839 1397 ἀλλά
890 1350 1007 1409 οαῑεαεε,
1021 1337 1214 1414 abductiones,
1226 1336 1407 1397 traductiones
1417 1380 1427 1412 ,
1438 1349 1478 1395 tot
1488 1335 1612 1394 inimico-

66 1424 114 1483 καί
127 1423 170 1483 διὰ
185 1424 266 1502 μόνης
280 1429 327 1496 τῆς
346 1427 427 1497 ἀκοῆς
437 1426 483 1485 καί
501 1427 560 1495 τοθς
571 1428 707 1510 πόρρωθεν
717 1429 751 1490 τά
763 1428 839 1507 μόγι·
890 1449 951 1487 rum
967 1443 1080 1490 catervae
1089 1475 1099 1508 ,
1116 1431 1231 1510 cogitate
1246 1430 1334 1508 qualis
1347 1449 1459 1506 merces,
1471 1447 1554 1506 quam
1567 1448 1612 1487 co-

65 1539 118 1575 στα
133 1517 322 1597 ὠφελήσαντες.
335 1519 457 1598 Συνεχῶς
469 1521 552 1580 ἐκεῖνο
562 1519 717 1604 περιφέρετε
729 1524 759 1582 τὸ
768 1525 837 1582 ἀπο-
889 1530 1018 1576 acervatae
1029 1531 1108 1575 erunt
1116 1517 1315 1576 retributiones.
1332 1517 1467 1576 Gaudete
1473 1519 1573 1596 igitur,
1583 1529 1612 1576 et

65 1608 198 1681 στολικὸν,
209 1607 274 1667 Ὅτι
288 1611 336 1668 οὐκ
346 1608 405 1677 άξια
422 1611 456 1668 τά
475 1609 622 1687 παθήματα
632 1616 676 1670 τοῦ
689 1617 732 1670 νῦν
744 1618 836 1694 καιροῦ
854 1630 873 1680 c
890 1607 1047 1679 exsultate,
1060 1607 1153 1669 viriles
1162 1621 1255 1683 estote,
1266 1607 1488 1682 corroboramini,
1498 1607 1613 1687 cogitate

64 1700 132 1779 πρὸς
145 1700 193 1771 τὴν
208 1700 354 1777 μέλλουσαν
366 1701 440 1770 δόξαν
457 1701 691 1763 ἀποκαλύπτεσθαι
706 1708 743 1771 εἰς
756 1712 836 1783 ἡμᾶς,
887 1711 954 1776 quot
963 1712 1053 1758 vestro
1063 1699 1187 1780 exemplo
1197 1699 1232 1757 ad
1242 1699 1385 1759 certamina
1398 1698 1534 1773 armastis,
1547 1711 1613 1777 quot

64 1793 239 1871 Προσθοκάτε
251 1791 278 1849 δὲ
291 1791 336 1851 καί
350 1791 398 1863 τήν
408 1792 537 1874 ταχίστην
554 1798 606 1853 τῶν
619 1801 774 1875 πειρασμῶν
788 1798 838 1857 λό-
886 1789 1097 1851 fluctuabundus
1104 1791 1292 1863 confirmastis,
1307 1811 1387 1870 quam
1395 1790 1544 1850 multorum
1553 1791 1613 1850 ani·

64 1905 118 1952 σιν,
127 1883 172 1941 καὶ
182 1882 283 1942 τελείαν
294 1883 462 1963 ἀπαλλαγήν,
474 1884 520 1943 καί
530 1885 637 1966 εὔχεσθε
647 1892 762 1967 συνεχῶς
769 1889 837 1970 ὑπὲρ
889 1903 947 1942 mos
959 1883 1097 1943 excitastis
1108 1904 1160 1944 nou
1173 1885 1348 1965 presentium
1361 1881 1457 1959 modo,
1472 1881 1613 1945 sedetiam

62 1978 154 2050 ἡμῶν.
170 1976 203 2032 El
219 1973 270 2053 γάρ
282 1974 327 2033 καλ
341 1977 431 2056 πολλῷ
444 1976 605 2056 διῳκίσμεθα
616 1980 690 2053 ὑμῶν
704 1980 742 2057 τῷ
755 1979 836 2056 μήκει
888 1973 1039 2034 absentium
1051 1998 1061 2051 ;
1090 1995 1143 2034 non
1166 1995 1348 2034 aerumnarum
1369 1988 1521 2035 vestrarum
1546 1995 1613 2035 cun·

62 2069 114 2136 τῆς
128 2067 200 2139 ὁδοῦ,
212 2066 257 2124 καλ
280 2066 323 2125 ἐπὶ
336 2066 418 2126 πολθν
441 2067 624 2148 ἐχωρίσθηριεν
637 2073 712 2147 ὑμῶν
733 2070 837 2150 χρόνον,
887 2081 991 2146 spectu,
1005 2067 1052 2126 sed
1064 2089 1157 2127 earum
1169 2067 1264 2127 auditu
1278 2067 1365 2126 solum
1377 2067 1505 2147 plurimis
1515 2069 1613 2149 procul

63 2159 126 2216 ἀλλ’
140 2161 175 2225 ὡς
185 2156 313 2239 παρόντες
324 2159 369 2216 καί
385 2158 503 2226 συνόντες
516 2164 587 2236 θμῖν,
601 2158 683 2227 otro<
699 2165 768 2239 ὑμᾶς
785 2185 834 2221 πε-
887 2158 981 2238 positis
1002 2180 1128 2239 magnam
1148 2159 1295 2220 utilitatem
1314 2158 1452 2218 attulistis.
1474 2159 1610 2220 Continuo

63 2248 277 2327 ριπιινσσόμεθα,
287 2248 368 2317 οὕτως
381 2253 455 2327 ὑμῶν
469 2250 582 2309 ἑκάστω
598 2249 647 2322 τὴν
657 2251 736 2332 φίλην
750 2275 837 2313 κατα.
886 2263 1009 2308 versetur
1020 2250 1048 2310 in
1059 2271 1106 2309 ore
1115 2264 1206 2310 vestro
1217 2249 1286 2309 illud
1296 2249 1474 2330 apostolicum
1487 2248 1608 2320 dictum:

62 2342 191 2421 φιλοῦμεν
215 2340 342 2420 κεφαλήν,
366 2340 471 2407 ὑπτίαις
497 2340 575 2422 χερσί
597 2340 656 2410 τοὺς
683 2343 839 2425 στεφανίτας
887 2343 957 2400 Non
974 2355 1042 2402 sont
1060 2345 1214 2423 condignae
1230 2346 1381 2423 passiones
1401 2343 1489 2422 liujus
1504 2354 1612 2421 tempo·
1621 2367 1723 2416 pomp,

62 2429 218 2510 δεχόμενοι,
232 2431 279 2490 καί
302 2432 486 2510 pipernensi
509 2435 625 2493 ἐντεῦθεν
642 2436 839 2515 προσδοκῶντες
887 2433 1127 2514 risadsuturam
1134 2435 1260 2513 gloriam
1270 2438 1304 2493 in
1315 2437 1397 2493 nobis
1410 2434 1610 2494 revelandam.
1624 2429 1660 2479 ¹³·

61 2526 131 2600 ἡμῖν
141 2522 244 2582 ἔσεσθαι
258 2523 348 2604 κέρδος
361 2521 492 2596 ἀπθθτῆς
505 2528 605 2596 πολλῆς
616 2526 678 2606 περὶ
691 2531 763 2605 ἡμᾶς
774 2527 838 2609 ἀγοί-
887 2523 1069 2605 Exspectate:
1084 2524 1162 2585 breui
1177 2525 1355 2603 tentationum
1372 2524 1435 2584 finis
1454 2523 1524 2598 erit,
1538 2523 1611 2584 libe-

61 2636 127 2685 πης.
142 2616 175 2672 Εἰ
188 2613 240 2695 γάρ
254 2614 314 2680 τοὺς
334 2618 492 2693 ἀγαπῶντας
507 2620 576 2694 ὑμᾶς
596 2617 678 2677 πολθν
697 2619 836 2697 ἀναμένειν
887 2616 1010 2694 ratioque
1021 2616 1144 2697 perfecta.
1160 2620 1244 2677 Orate
1253 2615 1333 2675 etiam
1344 2616 1448 2696 jugiter
1460 2636 1511 2696 pro
1524 2615 1611 2676 nobis.

61 2705 106 2762 δεῖ
120 2702 164 2762 τὸν
178 2707 279 2783 μισθὸν,
292 2705 432 2777 ἐννοήσατε
449 2707 531 2778 ἡλίκα
547 2710 610 2786 ὑμῖν
623 2710 658 2770 τά
671 2714 719 2781 τῆς
732 2709 838 2770 ἀντεθό-
888 2707 960 2767 Nam
973 2707 1023 2767 etsi
1038 2708 1118 2786 longo
1128 2707 1237 2768 viarum
1251 2706 1393 2767 intervallo
1405 2704 1610 2788 disjungimur,

61 2817 134 2863 σειυς
146 2805 199 2863 τοῖς
213 2796 574 2878 ἐντοσοότοιςδιαλοίμψασιν
589 2802 700 2882 ἀγῶσιν.
889 2799 1030 2877 multoque
1054 2812 1174 2880 tempore
1199 2819 1216 2857 a
1239 2798 1318 2858 vobis
1338 2797 1471 2877 segregati
1493 2817 1612 2857 sumus:

889 2904 1008 2950 attamen
1021 2912 1070 2952 vos
1083 2904 1115 2949 ut
1128 2904 1271 2971 presentes
1284 2903 1311 2949 et
1323 2889 1465 2949 nobiscum
1477 2902 1615 2950 versantes

889 2983 1112 3064 complectimur,
1133 2995 1256 3044 vestrum
1270 2982 1389 3042 amicum
1402 2994 1485 3062 caput
1497 3001 1614 3041 exoscu-

888 3075 978 3134 lamur
985 3119 994 3150 ,
1006 3086 1146 3134 coronatos
1159 3073 1274 3134 victores
1287 3095 1336 3134 vos
1348 3072 1475 3155 expansis
1485 3072 1614 3134 manibus

887 3166 1058 3247 excipimus,
1081 3180 1264 3247 exspectantes
1277 3179 1303 3226 et
1325 3167 1377 3249 ipsi
1391 3187 1426 3226 ex
1442 3178 1536 3227 mutua
1550 3184 1614 3247 erga

886 3279 937 3317 ros
946 3258 1057 3318 caritate
1067 3259 1175 3318 lucrum
1188 3258 1349 3318 maximnm.
1370 3259 1439 3318 Nam
1449 3257 1473 3317 si
1486 3278 1613 3338 magnam

888 3350 1039 3410 mercedem
1063 3365 1217 3431 exspectare
1238 3349 1300 3407 licet
1322 3349 1355 3408 iis
1374 3350 1421 3427 qui
1435 3368 1483 3409 vos
1497 3363 1610 3408 amant:
1703 3402 1705 3407 .

888 3443 1002 3522 cogitate
1011 3442 1102 3520 qualia
1114 3463 1164 3500 vos
1170 3487 1180 3519 ,
1191 3440 1239 3519 qui
1250 3454 1289 3499 tot
1302 3440 1329 3499 in
1342 3440 1534 3500 certaminibus
1545 3439 1611 3499 clari

888 3547 914 3592 et
928 3534 1045 3614 insignes
1058 3533 1165 3612 fuistis,
1182 3544 1308 3591 maneant
1319 3531 1442 3612 praemia.

100 3728 112 3753 ⁸
130 3710 202 3765 idem
214 3722 312 3770 τοσαῦτα
323 3725 379 3789 πρὸς
390 3728 419 3786 τῇ
430 3723 575 3788 σεκεφσιντίᾳ,
587 3723 682 3784 πληγαί.
857 3723 861 3731 ‘
879 3720 894 3759 ί)
911 3718 954 3771 sic
964 3719 1024 3774 llas.
1037 3734 1134 3771 omnes.
1144 3717 1215 3769 Edit.
1227 3728 1268 3779 τῆς
1278 3724 1350 3781 άλλης
1360 3721 1411 3791 περί
1426 3724 1494 3786 ἡμᾶς.
