3810 6000
468 466 501 513 tlt
529 464 642 531 tutuo,
671 464 701 513 Sl
726 464 900 515 esuriem
926 466 1075 516 ltttsttcus
1099 469 1197 536 TUUS,
1226 472 1303 520 ETC.
1589 475 1654 554 197

106 589 135 660 ἐξ
148 593 238 652 αὑτῶν
251 591 421 659 καταδίκας
432 593 486 651 τῶν
500 593 626 672 οὐρανῶν,
638 588 793 669 γενομένους
805 614 884 651 κατι·
935 590 1009 651 omni
1023 592 1124 670 studio,
1141 593 1217 671 quod
1230 616 1246 654 a
1260 594 1338 656 vobis
1356 595 1483 676 precibus
1502 618 1573 680 sape
1585 619 1653 659 oon-

107 684 283 763 στιιλμὲνυις,
293 686 512 766 φιλοσοφοῦντας,
522 686 613 764 ῥυθμῷ
624 682 769 743 πάνιαιιαθ
779 687 883 743 ποιοῦν-
936 680 1021 757 tendi,
1036 702 1122 761 neque
1141 685 1301 745 contendere
1314 685 1446 767 desinam,
1468 689 1563 749 iratres
1575 691 1654 750 nohis

107 799 153 842 τας
163 775 210 834 eccl
220 777 356 857 λέγοντας·
370 775 418 836 καλ
428 774 494 854 γυνὴ
506 775 552 835 τὸν
565 775 648 854 ἄνδρα
659 778 749 856 ὁρῶσα
759 772 813 833 eut
822 795 884 832 συν-
898 775 918 822 B
934 772 1074 851 adducite,
1092 775 1270 837 cohortamini
1286 793 1413 853 errantes,
1435 781 1578 842 eonsilium
1592 783 1654 842 date
1775 772 1781 779 ¹

109 866 189 936 ιίξιαις
199 870 390 950 ἀναχωροῦντα
401 909 411 940 ,
424 867 471 929 ml
483 866 528 927 τδν
538 867 594 927 υίδν
605 864 705 949 πατὴρ,
716 865 762 926 ml
773 865 818 925 τδν
829 889 882 925 πα-
935 884 989 924 ιιοιι
1002 865 1087 925 verbo
1100 879 1216 943 tantum,
1239 868 1287 928 sed
1305 871 1387 929 etiam
1400 893 1488 952 opero.
1510 874 1600 953 Major
1614 886 1654 934 cst

111 957 197 1037 είραδ
208 969 286 1029 παῖς,
298 959 347 1020 >ccl
357 959 403 1019 rio
412 959 681 1031 δεσπότηνθδοθλος,
694 955 742 1018 καὶ
754 956 799 1017 τὸν
808 956 883 1038 φίλον
934 955 986 1017 ista
1000 957 1122 1018 doctrina
1143 981 1203 1038 (μιν)
1221 961 1353 1038 moribus,
1375 984 1436 1041 quac
1455 966 1653 1026 conversatione

112 1050 232 1131 θρίλος,
258 1053 305 1111 acl
327 1051 373 1110 τὸν
392 1050 487 1133 ίγθρδν
507 1056 523 1111 δ
546 1051 652 1131 ίχθρδς,
671 1048 881 1127 λαμθανίτοισαν
934 1051 1078 1129 profertur.
1102 1051 1167 1111 Etsi·
1180 1053 1250 1113 nihil
1269 1053 1354 1125 dicas,
1381 1055 1403 1114 si
1422 1070 1527 1117 tantum
1542 1080 1622 1119 exeas
1638 1080 1654 1118 e

113 1142 225 1211 ἅπαντας
238 1142 364 1215 oblinere
378 1148 428 1215 τῆς
442 1145 553 1203 ἐνταῦθα
572 1141 714 1222 γενομένης
733 1145 798 1219 ἡμῖν
810 1142 881 1221 dipr-
935 1140 1054 1216 collecta,
1063 1155 1090 1200 et
1098 1155 1206 1203 externa
1217 1144 1313 1225 specie,
1321 1159 1440 1225 aspectu,
1452 1168 1525 1231 voce,
1536 1149 1652 1227 incessu,

113 1234 196 1303 λείας·
217 1233 352 1315 λήψονται
368 1234 418 1309 θλ,
437 1233 470 1295 θν
485 1232 649 1316 πρααιίροιν,
662 1234 694 1292 ἂν
705 1232 882 1315 ριλυσοραιτί-
935 1246 962 1293 et
987 1245 1042 1292 tota
1064 1235 1168 1312 reliqua
1185 1234 1305 1295 modesta
1324 1238 1444 1317 corporis
1463 1241 1654 1321 compositione

117 1350 176 1409 μιν,
194 1326 226 1385 δν
239 1326 440 1407 ιδλαΰτστίροιν
452 1328 528 1405 θμιῗιν
542 1325 725 1407 γεγενημένων
738 1324 882 1386 αίσθάνοιν·
936 1325 1043 1385 lucrum
1050 1369 1060 1403 ,
1084 1326 1160 1403 quod
1181 1326 1245 1386 hinc
1269 1348 1391 1407 egressus
1409 1342 1497 1389 tecum
1516 1332 1651 1403 retulisti,

118 1440 168 1479 ται.
179 1417 320 1492 Ἐννόησον
333 1417 391 1488 οἵας
400 1416 540 1485 ἀπολαύεις
553 1415 739 1498 μυσταγοιγίας
751 1421 766 1476 ὁ
778 1438 883 1495 μεμυη·
936 1418 1059 1477 ostendas
1073 1417 1240 1496 hominihus,
1261 1419 1310 1497 qni
1324 1420 1439 1480 collectae
1455 1442 1508 1481 non
1527 1423 1655 1483 interfue-

120 1508 189 1587 ρίνος
200 1508 249 1583 σθ,
263 1509 333 1589 μετὰ
345 1509 425 1571 τίνων
438 1509 603 1587 δναπέμπτις
615 1507 647 1569 ἰδ
661 1508 790 1588 μυστικὸν
804 1506 882 1586 μίλος
935 1523 1011 1587 runt,
1026 1509 1061 1569 ad
1074 1509 1285 1571 cohortationem
1298 1525 1325 1571 ct
1340 1511 1483 1571 eonsilium
1498 1513 1529 1573 id
1541 1514 1653 1575 sufficit.

122 1606 211 1674 ίιιῖνυ,
223 1601 294 1680 μετὰ
310 1600 390 1661 τίνιιν
402 1604 467 1682 βοᾷς
478 1602 525 1675 τδ,
537 1600 681 1682 τρισᾰγιος.
696 1598 807 1669 Δίδαὶον
822 1597 882 1665 relic
935 1600 981 1661 sic
992 1600 1064 1660 enim
1074 1601 1167 1681 egredi
1178 1623 1226 1662 nos
1237 1603 1302 1663 hinc
1313 1617 1427 1685 oportet,
1438 1606 1516 1684 qutasi
1527 1628 1562 1666 ex
1572 1608 1654 1669 sacris

125 1692 215 1767 ίξιιθτν,
233 1694 277 1756 δτι
300 1692 371 1773 μετδι
387 1697 441 1753 τῶν
461 1693 586 1775 Σιραρλμ
606 1692 764 1774 ἔχόριυσας,
785 1692 826 1751 δτι
846 1694 882 1757 τίς
935 1691 1038 1774 adytis,
1067 1694 1145 1772 quasi
1167 1693 1203 1753 de
1227 1694 1292 1754 ezelo
1316 1695 1450 1777 delapsos,
1482 1696 1655 1759 modestiores

125 1786 162 1846 rio
172 1787 254 1865 δῆμον
268 1787 315 1847 τδν
326 1787 382 1847 duo>
396 1787 497 1859 τελεῖς,
510 1786 551 1845 ὅτι
565 1789 602 1852 τίς
614 1785 659 1846 τὸν
673 1786 751 1866 χορὸν
771 1783 882 1865 ἐνεγριί-
937 1783 1064 1862 redditos,
1075 1785 1304 1867 philosophantes,
1319 1787 1454 1847 moderate
1466 1808 1497 1847 ae
1510 1802 1656 1870 temperate

127 1900 169 1957 pne
181 1876 224 1937 τδν
245 1881 300 1937 τῶν
322 1878 453 1957 δγγίλυιν,
469 1875 510 1937 δτι
526 1880 565 1958 τῷ
587 1876 710 1957 decade-p
732 1877 882 1957 διιλίχθης,
936 1876 1167 1937 cunctalaeientes
1180 1899 1212 1937 ae
1227 1877 1404 1943 diceutes:et
1417 1900 1487 1939 uxor
1499 1881 1655 1941 marituma

128 1970 161 2029 θιι
175 1973 211 2051 τῷ
227 1972 338 2051 Χριστῷ
351 1970 498 2048 συνεγένου.
511 1968 558 2029 Ἂν
572 1967 655 2037 οθειις
668 1967 776 2036 ίαυτοθς
788 1968 883 2050 ρυθμί-
900 1967 919 2016 C
936 1967 1047 2029 collecta
1067 1968 1234 2029 recedentem
1252 1968 1359 2046 videns,
1382 1983 1409 2029 et
1423 1969 1512 2029 filiurn
1526 1986 1612 2053 pater,
1630 1985 1656 2032 et

129 2064 209 2139 ζαμεν,
229 2062 303 2122 ὠδὲν
324 2061 469 2130 ἐξελθόντας
490 2060 637 2138 δεησόμεθα
651 2059 729 2138 λόγου
743 2062 809 2142 πρὸς
824 2058 884 2127 τσθς
936 2074 1042 2142 patrem
1060 2061 1145 2141 filius,
1166 2075 1193 2121 et
1208 2062 1350 2123 dominum
1370 2083 1474 2138 servus,
1494 2077 1520 2123 ct
1538 2064 1656 2125 anticum

130 2154 330 2235 ίιιιλειρθέντας·
364 2151 423 2212 ἀλλ’
447 2152 500 2213 eat
524 2155 573 2224 τῆς
594 2149 726 2232 ἡμιτίροις
747 2150 885 2232 ίιριλιίας,
936 2154 1051 2227 amicus,
1070 2168 1097 2214 et
1111 2154 1252 2215 inimicum
1265 2153 1401 2230 inimicus,
1425 2175 1517 2215 omncs
1531 2155 1656 2216 utilitatis

130 2246 270 2317 τδςοίιαίας
283 2245 456 2317 αἰσθήσονται
471 2243 587 2322 ζημίας,
600 2242 646 2303 cul
661 2244 822 2325 δραμοῦνται
833 2267 884 2303 τα·
937 2267 1046 2307 sensum
1058 2246 1175 2327 capiant,
1186 2246 1523 2326 quamexhoeconventu
1536 2261 1657 2350 reporta·

131 2336 199 2416 γίιις,
220 2336 342 2397 dors*
305 2362 360 2397 τιον
376 2340 464 2397 αὐτῶν
484 2338 644 2397 ἀπολαῦσαι.
664 2334 776 2449 Τδγδρ
787 2336 884 2404 ιιιίλλος
938 2337 1043 2398 vimus:
1051 2338 1260 2419 capientautem‚
1270 2360 1292 2396 st
1301 2351 1429 2412 mitiores
1439 2360 1461 2397 st
1470 2352 1653 2419 patientiores

131 2431 244 2505 lpus*
211 2452 258 2501 της
281 2432 370 2510 ψυγῆς
390 2427 434 2489 διὰ
455 2432 508 2487 τῶν
535 2426 682 2499 αἰσθήσεσιν
706 2430 793 2488 αὐτῶν
817 2430 883 2490 απο-
936 2450 961 2489 ει
952 2430 1152 2509 religiosiores
1164 2450 1214 2490 vos
1227 2430 1310 2488 laetos
1322 2429 1544 2490 animadvertant
1562 2430 1656 2511 Cogita

131 2520 219 2599 λέγεται
235 2525 365 2602 δρῶντας,
385 2520 436 2581 κᾶν
450 2507 606 2579 ἁπάντων
585 2543 636 2580 οισι
650 2519 825 2600 νωθρίτιροι,
849 2523 884 2588 τίς
938 2522 1038 2600 quihus
1059 2521 1196 2603 mysteriis
1216 2521 1341 2581 interesse
1362 2521 1413 2580 tihi
1431 2521 1586 2598 datumst,
1608 2522 1655 2601 qui

132 2610 253 2692 lpse*
219 2636 268 2685 της
291 2612 451 2692 εὐπρεπείας
474 2615 705 2690 ἐμπεσοῦνται
672 2635 720 2684 της
745 2610 841 2692 θμιτίρ
843 2634 882 2678 σς.
937 2613 1059 2673 mitratus
1069 2635 1106 2689 es,
1119 2634 1181 2673 cum
1191 2613 1290 2693 quibus
1302 2626 1449 2695 mysticum
1458 2613 1538 2672 illum
1546 2626 1656 2673 cantum

121 2703 160 2763 ‚tt
175 2704 223 2783 γὰρ
246 2702 370 2782 σώματος
393 2703 491 2772 κᾶλλος
510 2706 653 2784 ἀναπειρυῖ
672 2701 733 2771 τοθς
755 2706 884 2783 δρῶντας,
936 2706 1043 2781 oderas,
1057 2726 1119 2765 eum
1133 2705 1233 2784 quihus
1246 2718 1287 2763 ter
1297 2716 1420 2763 sanetum
1433 2704 1567 2786 hymnum
1587 2724 1654 2785 pro-

135 2796 209 2875 τιλλῷ
229 2797 331 2873 μᾶλλον
353 2795 484 2876 τθμορρία
500 2799 587 2876 ψυχῆς
600 2797 726 2875 διεγεῖραι
738 2793 837 2854 δύναιτ’
852 2793 884 2854 ἂν
936 2798 1053 2858 nunties.
1065 2799 1139 2859 Doce
1146 2797 1280 2878 profanos,
1291 2810 1384 2857 tecum
1393 2795 1537 2877 Seraphim
1544 2796 1655 2857 choreas

134 2885 166 2945 rin
181 2886 282 2960 θιατδμ,
303 2887 350 2947 καλ
367 2886 434 2968 πρὸς
452 2888 498 2946 τὸν
518 2886 575 2947 ἴσον
595 2884 781 2969 παρακαλέσαι
794 2886 883 2957 (ilos.
935 2889 1060 2970 agitasse,
1082 2902 1109 2949 te
1126 2889 1163 2949 ad
1176 2889 1307 2949 caelestem
1319 2887 1452 2970 populum
1465 2887 1607 2968 pertinere,
1628 2903 1655 2948 te

135 2978 329 3058 ίιλλαιπίσωμιν
347 2977 435 3038 τοίνυν
451 2981 529 3057 ἡμῶν
547 2978 592 3039 τδν
610 2977 662 3039 ἔσω
676 2977 883 3057 ἄνθρωπονκαὶ
898 2990 918 3037 Ι)
935 2982 965 3042 in
978 2983 1092 3043 chorum
1111 2980 1448 3062 angelorumadseriptum
1462 3000 1529 3054 esse,
1553 2994 1655 3041 tecum

82 3128 86 3151 ,
134 3071 285 3136 damst«
296 3069 448 3152 λιγομίνοιν
461 3069 511 3139 ἔξω
525 3092 643 3149 μνημονα
631 3069 750 3183 ιίμιμτν·
766 3073 820 3130 ἐκεῖ
830 3067 883 3150 γὰρ
936 3075 1054 3135 Domino
1074 3073 1260 3152 colloquutum
1273 3093 1340 3148 csse,
1364 3085 1390 3130 te
1403 3092 1466 3130 cum
1478 3071 1587 3131 Christo
1598 3092 1655 3132 erse

82 3154 84 3211 ἶ
136 3160 200 3221 δοίιν
219 3162 390 3240 μαλιστα
355 3186 405 3235 της
422 3161 562 3241 μνημηιθ
583 3161 691 3242 καιρός
682 3152 920 3240 καθκαθοίπερ
934 3187 1118 3248 eongtffemum
1148 3165 1177 3225 Si
1197 3185 1246 3224 nos
1264 3165 1301 3224 ita
1320 3164 1560 3268 composperimus,
1582 3164 1654 3224 nihil

82 3252 85 3349 i
138 3252 240 3327 {thale
269 3254 376 3333 timp
362 3277 395 3313 αν
419 3252 517 3314 ίπθ
484 3277 532 3324 της
552 3252 718 3336 παλαίστρας
743 3251 881 3332 μανθάνῃ
934 3260 1053 3320 oratione
1072 3280 1141 3340 opus
1160 3259 1211 3317 erit
1224 3278 1287 3337 erga
1302 3257 1375 3327 illos,
1391 3256 1440 3335 qui
1455 3277 1509 3316 non
1525 3257 1654 3316 interlue-

82 3362 84 3433 ζ
137 3349 197 3404 wira
212 3347 311 3407 tul*
274 3370 329 3406 τοιν
351 3345 463 3425 ἀγώνοιν
483 3345 677 3407 ἐπιδείκνυται·
670 3343 764 3404 ὀθτοι
782 3343 815 3418 δὴ
835 3344 881 3405 καί
933 3367 1007 3428 runt,
1021 3350 1073 3413 sed
1097 3372 1131 3409 ex
1154 3350 1279 3432 profectu
1304 3361 1394 3408 nostro
1415 3347 1550 3427 jacturam
1577 3369 1654 3408 suam

137 3438 202 3511 θιίς,
219 3438 316 3520 ὅπερ
302 3462 334 3497 αν
354 3440 504 3499 ίνταῦθα’
489 3436 644 3519 «καίωμεν,
666 3441 750 3499 ταῦτα
763 3437 863 3497 ἔνθ’
827 3461 880 3497 των
932 3442 1155 3516 animadvertent,
1165 3457 1192 3501 et
1201 3441 1340 3501 confestim
1352 3454 1505 3513 aecurrcnt
1516 3454 1546 3498 ut
1556 3439 1653 3499 iisdem

82 3474 85 3591 l
138 3522 205 3593 ίῖνθιν
215 3529 378 3612 πραγμάτων
392 3528 588 3591 ἐπιδείκνυσθαι
597 3530 661 3612 χρή.
932 3534 1081 3595 commodis
1088 3535 1269 3614 pertruantur.
1281 3535 1351 3592 Cum
1366 3531 1439 3590 enirn
1449 3532 1545 3589 anime
1557 3544 1652 3591 vestrae

932 3625 1167 3709 pulchritudinem
1180 3646 1214 3684 ex
1227 3623 1294 3703 ipsis
1308 3623 1430 3681 sensibus
1443 3620 1563 3682 viderint
1575 3623 1652 3681 relu-

932 3733 1045 3792 centem,
1056 3717 1119 3776 licct
1129 3716 1251 3776 omnium
1261 3713 1315 3773 siut
1325 3712 1515 3793 stupidissimi,
1527 3711 1562 3772 ad
1572 3714 1653 3796 eupi-

931 3812 1043 3871 ditatcm
1068 3809 1162 3870 eximii
1181 3807 1265 3867 vestri
1287 3806 1392 3867 decoris
1412 3805 1596 3868 exardescent.
1620 3810 1652 3870 si

932 3905 1005 3965 enirn
1022 3904 1109 3964 forma
1126 3901 1245 3983 eorporis
1271 3900 1373 3960 excitat
1396 3899 1541 3972 intuentes,
1565 3900 1651 3960 multo

931 3996 1019 4076 magis
1045 3996 1141 4055 animae
1167 3992 1345 4075 pulchritudo
1361 4005 1537 4072 spectatorem
1563 4006 1652 4073 potest

932 4107 1109 4162 commovere,
1134 4099 1214 4165 atque
1234 4082 1270 4144 ad
1290 4082 1407 4144 similem
1424 4083 1513 4142 zelum
1534 4082 1648 4144 hortari.

931 4181 1089 4242 Interiorem
1101 4178 1185 4259 igitur
1196 4177 1334 4237 hominem
1346 4190 1467 4236 nostrum
1480 4196 1650 4251 ememus,

931 4288 1059 4335 eteorum
1070 4293 1130 4351 quae
1139 4271 1185 4331 hic
1195 4269 1269 4330 dicta
1278 4269 1378 4328 suerint
1388 4269 1454 4327 loris
1465 4266 1645 4326 recordemur:

931 4366 989 4425 illie
1009 4364 1080 4424 enim
1103 4376 1133 4422 ut
1152 4362 1271 4421 maxime
1285 4381 1415 4420 memores
1435 4359 1521 4419 simus
1544 4370 1650 4439 tempus

931 4457 1031 4538 origin
1050 4470 1077 4516 et
1091 4453 1319 4534 quemadmodum
1338 4452 1451 4529 athleta,
1471 4473 1530 4530 quae
1551 4452 1580 4510 in
1601 4472 1650 4531 pa·

930 4547 1163 4620 laestradidicerit,
1173 4566 1266 4605 eorum
1276 4546 1304 4604 in
1313 4543 1505 4604 certaminibus
1514 4542 1649 4623 specimen

931 4641 1051 4703 editesic
1062 4660 1109 4699 nos
1124 4638 1273 4718 etiamque
1283 4635 1328 4696 hic
1338 4633 1475 4713 audimus,
1493 4634 1521 4695 in
1531 4635 1650 4695 externis

932 4733 1046 4814 negotiis
1057 4743 1160 4832 oportet
1173 4728 1322 4812 ostendere.

149 4833 335 4911 Μντγιίνιυσαι
357 4830 503 4894 solvus*
467 4856 520 4892 των
538 4837 650 4894 ἐνταῦθα
663 4835 869 4915 λιγομίνων,θ’
845 4862 879 4912 ν,
973 4827 1001 4886 5.
1023 4821 1148 4883 hlemor
1140 4821 1225 4900 igitur
1242 4841 1335 4879 eorum
1348 4834 1476 4899 estoque
1495 4819 1649 4879 hecdicun

112 4920 152 4983 ίτι
168 4925 291 5004 ίξιλθπς,
316 4922 364 4984 καὶ
384 4923 545 4995 ἐπιλάθηταί
565 4946 612 4983 σου
630 4926 794 4999 θδιοίδολος,
815 4925 880 4998 ἥδ’
934 4933 999 5020 tur,
1013 4929 1043 4974 ut
1056 4934 1117 4972 cum
1131 4932 1252 4990 egressus
1265 4912 1358 4986 ueris,
1380 4926 1407 4972 et
1419 4926 1445 4971 te
1464 4911 1590 4972 diabolus
1604 4913 1649 4973 tel

111 5018 204 5094 ‘mh
224 5016 313 5088 δδιίι
331 5013 493 5090 κενοδοξίας,
512 5014 581 5087 ἡδί
595 5016 676 5077 ἄλλοι
689 5018 758 5087 τινδς
773 5019 880 5095 πάθους,
933 5027 1071 5093 pertram,
1083 5005 1186 5086 velper
1197 5024 1302 5063 inanem
1314 5004 1440 5083 glorium,
1454 5004 1497 5064 vel
1508 5005 1650 5087 peraham

109 5106 340 5185 ὶναμνησθελς”
305 5131 356 5180 της
382 5108 496 5166 ἐνταῦθα
509 5107 698 5182 διδασκαλίας,
711 5110 881 5192 δονηθῇςρα-
934 5101 1054 5180 aliquam
1081 5097 1230 5178 passionem
1260 5095 1405 5168 invaserit,
1435 5097 1493 5178 ejus
1521 5096 1650 5158 doctrinae

107 5198 167 5265 διιος
189 5199 374 5259 ἀποδύσασθαι
400 5196 435 5257 rh
460 5198 572 5277 ἅμματα
596 5206 642 5258 ποθ
667 5206 792 5280 πονηροῦ.
822 5204 882 5283 Οὐχ
935 5214 1047 5262 memor,
1060 5210 1114 5272 quo
1129 5188 1174 5247 hic
1192 5186 1313 5246 imbutus
1326 5208 1364 5261 es,
1378 5188 1457 5248 facile
1482 5189 1568 5270 possis
1585 5189 1651 5249 mali

103 5295 182 5369 δρᾶτε
207 5293 235 5350 ἐν
255 5299 313 5358 τοὶς
332 5289 476 5368 σιιᾶμμασι
494 5289 553 5359 τοθς
564 5291 660 5350 παιδστ
662 5291 755 5372 ρ,ίὸας
775 5291 800 5353 οἳ
814 5293 882 5371 μετὰ
935 5287 1044 5367 laqueos
1052 5297 1077 5342 ct
1086 5302 1171 5341 nexus
1180 5278 1300 5342 evadere
1312 5280 1651 5344 Nonnevidetlsiustadiis
