<?xml version="1.0" encoding="UTF-8"?>
<!DOCTYPE html PUBLIC "-//W3C//DTD XHTML 1.0 Transitional//EN"
    "http://www.w3.org/TR/xhtml1/DTD/xhtml1-transitional.dtd">
<html xmlns="http://www.w3.org/1999/xhtml" xml:lang="en" lang="en">
 <head>
  <title>
</title>
<meta http-equiv="Content-Type" content="text/html;charset=utf-8" />
  <meta name='ocr-system' content='tesseract 3.04.00' />
  <meta name='ocr-capabilities' content='ocr_page ocr_carea ocr_par ocr_line ocrx_word'/>
</head>
<body>
  <div class='ocr_page' id='page_1' title='image "./sanctipatrisnos03chrygoog_0561.png"; bbox 0 0 3764 5992; ppageno 0'>
   <div class='ocr_carea' id='block_1_1' title="bbox 485 481 1603 563">
    <p class='ocr_par' dir='ltr' id='par_1_1' title="bbox 485 481 1603 563">
     <span class='ocr_line' id='line_1_1' title="bbox 485 481 1603 563; baseline 0.012 -21"><span class='ocrx_word' id='word_1_1' title='bbox 485 494 574 558; x_wconf 82' lang='lat' dir='ltr'>quon</span> <span class='ocrx_word' id='word_1_2' title='bbox 599 495 695 551; x_wconf 83' lang='lat' dir='ltr'>uruo</span> <span class='ocrx_word' id='word_1_3' title='bbox 720 492 869 545; x_wconf 80' lang='lat' dir='ltr'>nnurrua</span> <span class='ocrx_word' id='word_1_4' title='bbox 895 493 961 543; x_wconf 85' lang='lat' dir='ltr'>ursr</span> <span class='ocrx_word' id='word_1_5' title='bbox 986 495 1009 543; x_wconf 78' lang='grc' dir='ltr'>ε</span> <span class='ocrx_word' id='word_1_6' title='bbox 1035 495 1169 549; x_wconf 51' lang='lat' dir='ltr'>sucoso,</span> <span class='ocrx_word' id='word_1_7' title='bbox 1197 554 1202 563; x_wconf 69' lang='grc'>,</span> <span class='ocrx_word' id='word_1_8' title='bbox 1538 481 1603 555; x_wconf 75' lang='lat'>551</span> 
     </span>
    </p>
   </div>
   <div class='ocr_carea' id='block_1_2' title="bbox 55 614 1618 5390">
    <p class='ocr_par' dir='ltr' id='par_1_2' title="bbox 55 614 1618 5390">
     <span class='ocr_line' id='line_1_2' title="bbox 63 614 1609 707; baseline 0.008 -29"><span class='ocrx_word' id='word_1_9' title='bbox 63 614 175 695; x_wconf 73' lang='grc' dir='ltr'>τδτοῦς</span> <span class='ocrx_word' id='word_1_10' title='bbox 196 615 304 699; x_wconf 66' lang='grc' dir='ltr'>ἀρθρούς</span> <span class='ocrx_word' id='word_1_11' title='bbox 323 616 394 698; x_wconf 70' lang='grc' dir='ltr'>ἔχειν</span> <span class='ocrx_word' id='word_1_12' title='bbox 416 618 560 696; x_wconf 77' lang='grc' dir='ltr'>δεσπότας,</span> <span class='ocrx_word' id='word_1_13' title='bbox 582 620 629 682; x_wconf 82' lang='grc' dir='ltr'>καί</span> <span class='ocrx_word' id='word_1_14' title='bbox 649 621 680 682; x_wconf 79' lang='lat' dir='ltr'>rb</span> <span class='ocrx_word' id='word_1_15' title='bbox 699 621 736 688; x_wconf 88' lang='grc' dir='ltr'>εἰς</span> <span class='ocrx_word' id='word_1_16' title='bbox 756 618 837 690; x_wconf 80' lang='grc' dir='ltr'>αύτάς</span> <span class='ocrx_word' id='word_1_17' title='bbox 891 617 921 678; x_wconf 89' lang='lat' dir='ltr'>iu</span> <span class='ocrx_word' id='word_1_18' title='bbox 935 617 1025 680; x_wconf 83' lang='lat' dir='ltr'>modio</span> <span class='ocrx_word' id='word_1_19' title='bbox 1037 618 1217 684; x_wconf 85' lang='lat' dir='ltr'>barbarorum</span> <span class='ocrx_word' id='word_1_20' title='bbox 1229 637 1326 706; x_wconf 79' lang='lat' dir='ltr'>essem,</span> <span class='ocrx_word' id='word_1_21' title='bbox 1350 644 1406 687; x_wconf 82' lang='lat' dir='ltr'>non</span> <span class='ocrx_word' id='word_1_22' title='bbox 1424 625 1499 707; x_wconf 88' lang='lat' dir='ltr'>quod</span> <span class='ocrx_word' id='word_1_23' title='bbox 1519 627 1609 691; x_wconf 77' lang='lat' dir='ltr'>bostm</span> 
     </span>
     <span class='ocr_line' id='line_1_3' title="bbox 62 709 1609 801; baseline 0.006 -30"><span class='ocrx_word' id='word_1_24' title='bbox 62 710 216 771; x_wconf 73' lang='grc' dir='ltr'>ἐκδεδόσθαι</span> <span class='ocrx_word' id='word_1_25' title='bbox 235 709 283 777; x_wconf 82' lang='grc' dir='ltr'>τδς</span> <span class='ocrx_word' id='word_1_26' title='bbox 302 719 394 791; x_wconf 79' lang='grc' dir='ltr'>χεῖρας</span> <span class='ocrx_word' id='word_1_27' title='bbox 415 710 462 779; x_wconf 82' lang='grc' dir='ltr'>τδς</span> <span class='ocrx_word' id='word_1_28' title='bbox 479 713 633 792; x_wconf 69' lang='grc' dir='ltr'>βασιλικὰς,</span> <span class='ocrx_word' id='word_1_29' title='bbox 653 713 698 773; x_wconf 88' lang='grc' dir='ltr'>καί</span> <span class='ocrx_word' id='word_1_30' title='bbox 720 717 773 773; x_wconf 87' lang='grc' dir='ltr'>τῶν</span> <span class='ocrx_word' id='word_1_31' title='bbox 798 715 836 771; x_wconf 86' lang='grc' dir='ltr'>οἰ·</span> <span class='ocrx_word' id='word_1_32' title='bbox 891 709 1020 772; x_wconf 85' lang='lat' dir='ltr'>baberent</span> <span class='ocrx_word' id='word_1_33' title='bbox 1031 710 1168 794; x_wconf 86' lang='lat' dir='ltr'>dominos,</span> <span class='ocrx_word' id='word_1_34' title='bbox 1180 735 1233 776; x_wconf 92' lang='lat' dir='ltr'>non</span> <span class='ocrx_word' id='word_1_35' title='bbox 1247 715 1322 795; x_wconf 89' lang='lat' dir='ltr'>quod</span> <span class='ocrx_word' id='word_1_36' title='bbox 1335 716 1458 800; x_wconf 82' lang='lat' dir='ltr'>inipsius</span> <span class='ocrx_word' id='word_1_37' title='bbox 1470 719 1541 801; x_wconf 85' lang='lat' dir='ltr'>regis</span> <span class='ocrx_word' id='word_1_38' title='bbox 1552 742 1609 781; x_wconf 90' lang='lat' dir='ltr'>ma·</span> 
     </span>
     <span class='ocr_line' id='line_1_4' title="bbox 62 803 1607 889; baseline 0.007 -28"><span class='ocrx_word' id='word_1_39' title='bbox 62 803 140 862; x_wconf 84' lang='grc' dir='ltr'>κείων</span> <span class='ocrx_word' id='word_1_40' title='bbox 156 803 281 862; x_wconf 84' lang='grc' dir='ltr'>ἁπάντων</span> <span class='ocrx_word' id='word_1_41' title='bbox 297 804 473 884; x_wconf 83' lang='grc' dir='ltr'>δχωρισμὸς,</span> <span class='ocrx_word' id='word_1_42' title='bbox 493 804 539 864; x_wconf 80' lang='grc' dir='ltr'>καί</span> <span class='ocrx_word' id='word_1_43' title='bbox 553 805 644 887; x_wconf 81' lang='grc' dir='ltr'>ίερέων</span> <span class='ocrx_word' id='word_1_44' title='bbox 664 805 710 866; x_wconf 88' lang='grc' dir='ltr'>καί</span> <span class='ocrx_word' id='word_1_45' title='bbox 731 827 837 888; x_wconf 83' lang='grc' dir='ltr'>προρη-</span> <span class='ocrx_word' id='word_1_46' title='bbox 891 823 943 862; x_wconf 88' lang='lat' dir='ltr'>uus</span> <span class='ocrx_word' id='word_1_47' title='bbox 962 818 1048 864; x_wconf 90' lang='lat' dir='ltr'>essent</span> <span class='ocrx_word' id='word_1_48' title='bbox 1066 807 1169 884; x_wconf 81' lang='lat' dir='ltr'>traditi,</span> <span class='ocrx_word' id='word_1_49' title='bbox 1185 828 1270 888; x_wconf 90' lang='lat' dir='ltr'>neque</span> <span class='ocrx_word' id='word_1_50' title='bbox 1289 823 1464 889; x_wconf 84' lang='lat' dir='ltr'>cognatorum</span> <span class='ocrx_word' id='word_1_51' title='bbox 1485 812 1607 873; x_wconf 85' lang='lat' dir='ltr'>omnium</span> 
     </span>
     <span class='ocr_line' id='line_1_5' title="bbox 61 894 1618 983; baseline 0.005 -29"><span class='ocrx_word' id='word_1_52' title='bbox 61 899 127 967; x_wconf 91' lang='grc' dir='ltr'>τῶν,</span> <span class='ocrx_word' id='word_1_53' title='bbox 144 895 189 954; x_wconf 83' lang='grc' dir='ltr'>καὶ</span> <span class='ocrx_word' id='word_1_54' title='bbox 207 899 259 953; x_wconf 92' lang='grc' dir='ltr'>τῶν</span> <span class='ocrx_word' id='word_1_55' title='bbox 277 895 364 955; x_wconf 85' lang='grc' dir='ltr'>ἀλλων</span> <span class='ocrx_word' id='word_1_56' title='bbox 380 900 434 957; x_wconf 91' lang='grc' dir='ltr'>τῶν</span> <span class='ocrx_word' id='word_1_57' title='bbox 450 897 666 977; x_wconf 77' lang='grc' dir='ltr'>ἐπιμελουμένων</span> <span class='ocrx_word' id='word_1_58' title='bbox 684 899 770 957; x_wconf 86' lang='grc' dir='ltr'>αὐτῶν</span> <span class='ocrx_word' id='word_1_59' title='bbox 790 897 837 954; x_wconf 87' lang='grc' dir='ltr'>ἀλ·</span> <span class='ocrx_word' id='word_1_60' title='bbox 892 894 1032 975; x_wconf 74' lang='lat' dir='ltr'>separatio,</span> <span class='ocrx_word' id='word_1_61' title='bbox 1048 918 1134 976; x_wconf 89' lang='lat' dir='ltr'>neque</span> <span class='ocrx_word' id='word_1_62' title='bbox 1150 899 1319 960; x_wconf 86' lang='lat' dir='ltr'>sacerdotum</span> <span class='ocrx_word' id='word_1_63' title='bbox 1328 913 1354 960; x_wconf 89' lang='lat' dir='ltr'>et</span> <span class='ocrx_word' id='word_1_64' title='bbox 1366 901 1570 983; x_wconf 85' lang='lat' dir='ltr'>prophetarum,</span> <span class='ocrx_word' id='word_1_65' title='bbox 1580 915 1618 962; x_wconf 86' lang='lat' dir='ltr'>et·</span> 
     </span>
     <span class='ocr_line' id='line_1_6' title="bbox 62 985 1607 1072; baseline 0.006 -26"><span class='ocrx_word' id='word_1_66' title='bbox 62 985 217 1068; x_wconf 90' lang='grc' dir='ltr'>λοτρίωσις,</span> <span class='ocrx_word' id='word_1_67' title='bbox 231 986 278 1044; x_wconf 86' lang='grc' dir='ltr'>καί</span> <span class='ocrx_word' id='word_1_68' title='bbox 291 986 410 1046; x_wconf 83' lang='grc' dir='ltr'>σπονδῶν</span> <span class='ocrx_word' id='word_1_69' title='bbox 428 986 474 1046; x_wconf 88' lang='grc' dir='ltr'>καί</span> <span class='ocrx_word' id='word_1_70' title='bbox 491 992 586 1049; x_wconf 88' lang='grc' dir='ltr'>θυσιῶν</span> <span class='ocrx_word' id='word_1_71' title='bbox 601 987 695 1071; x_wconf 85' lang='grc' dir='ltr'>ἀργία,</span> <span class='ocrx_word' id='word_1_72' title='bbox 716 987 761 1046; x_wconf 88' lang='grc' dir='ltr'>καί</span> <span class='ocrx_word' id='word_1_73' title='bbox 774 992 837 1047; x_wconf 90' lang='grc' dir='ltr'>ναοῦ</span> <span class='ocrx_word' id='word_1_74' title='bbox 892 986 1016 1065; x_wconf 88' lang='lat' dir='ltr'>aliorum,</span> <span class='ocrx_word' id='word_1_75' title='bbox 1024 989 1072 1068; x_wconf 89' lang='lat' dir='ltr'>qui</span> <span class='ocrx_word' id='word_1_76' title='bbox 1085 1011 1178 1050; x_wconf 86' lang='lat' dir='ltr'>curam</span> <span class='ocrx_word' id='word_1_77' title='bbox 1190 991 1310 1072; x_wconf 89' lang='lat' dir='ltr'>ipsorum</span> <span class='ocrx_word' id='word_1_78' title='bbox 1321 992 1459 1071; x_wconf 80' lang='lat' dir='ltr'>gerebant,</span> <span class='ocrx_word' id='word_1_79' title='bbox 1468 993 1607 1069; x_wconf 77' lang='lat' dir='ltr'>alienatio,</span> 
     </span>
     <span class='ocr_line' id='line_1_7' title="bbox 62 1076 1608 1164; baseline 0.005 -26"><span class='ocrx_word' id='word_1_80' title='bbox 62 1078 110 1138; x_wconf 85' lang='grc' dir='ltr'>καί</span> <span class='ocrx_word' id='word_1_81' title='bbox 123 1080 237 1159; x_wconf 78' lang='grc' dir='ltr'>ψαλμῶν</span> <span class='ocrx_word' id='word_1_82' title='bbox 255 1076 406 1158; x_wconf 84' lang='grc' dir='ltr'>ἀραίρεσις,</span> <span class='ocrx_word' id='word_1_83' title='bbox 421 1078 467 1138; x_wconf 85' lang='grc' dir='ltr'>καί</span> <span class='ocrx_word' id='word_1_84' title='bbox 481 1079 555 1140; x_wconf 75' lang='grc' dir='ltr'>οὐδὲν</span> <span class='ocrx_word' id='word_1_85' title='bbox 569 1080 667 1141; x_wconf 88' lang='grc' dir='ltr'>τούτων</span> <span class='ocrx_word' id='word_1_86' title='bbox 681 1078 772 1148; x_wconf 79' lang='grc' dir='ltr'>αύτούς</span> <span class='ocrx_word' id='word_1_87' title='bbox 785 1104 838 1140; x_wconf 87' lang='grc' dir='ltr'>πα·</span> <span class='ocrx_word' id='word_1_88' title='bbox 890 1098 939 1138; x_wconf 87' lang='lat' dir='ltr'>neo</span> <span class='ocrx_word' id='word_1_89' title='bbox 957 1079 1117 1140; x_wconf 80' lang='lat' dir='ltr'>libationum</span> <span class='ocrx_word' id='word_1_90' title='bbox 1135 1094 1161 1141; x_wconf 90' lang='lat' dir='ltr'>et</span> <span class='ocrx_word' id='word_1_91' title='bbox 1176 1082 1371 1142; x_wconf 85' lang='lat' dir='ltr'>sacrificiorum</span> <span class='ocrx_word' id='word_1_92' title='bbox 1385 1083 1507 1158; x_wconf 80' lang='lat' dir='ltr'>cessatio,</span> <span class='ocrx_word' id='word_1_93' title='bbox 1521 1106 1608 1164; x_wconf 84' lang='lat' dir='ltr'>noque</span> 
     </span>
     <span class='ocr_line' id='line_1_8' title="bbox 65 1169 1607 1254; baseline 0.005 -24"><span class='ocrx_word' id='word_1_94' title='bbox 65 1170 214 1251; x_wconf 79' lang='grc' dir='ltr'>ρίάλαψεν·</span> <span class='ocrx_word' id='word_1_95' title='bbox 236 1169 305 1229; x_wconf 76' lang='grc' dir='ltr'>ἀλλὰ</span> <span class='ocrx_word' id='word_1_96' title='bbox 327 1170 387 1229; x_wconf 81' lang='grc' dir='ltr'>τότε</span> <span class='ocrx_word' id='word_1_97' title='bbox 406 1171 529 1248; x_wconf 79' lang='grc' dir='ltr'>μειζόνως</span> <span class='ocrx_word' id='word_1_98' title='bbox 552 1173 739 1252; x_wconf 78' lang='grc' dir='ltr'>εὐδοκίμησαν,</span> <span class='ocrx_word' id='word_1_99' title='bbox 759 1170 776 1244; x_wconf 76' lang='grc' dir='ltr'>ἢ</span> <span class='ocrx_word' id='word_1_100' title='bbox 794 1171 838 1232; x_wconf 78' lang='grc' dir='ltr'>ἀπε</span> <span class='ocrx_word' id='word_1_101' title='bbox 890 1170 983 1250; x_wconf 90' lang='lat' dir='ltr'>templi</span> <span class='ocrx_word' id='word_1_102' title='bbox 995 1185 1020 1231; x_wconf 92' lang='lat' dir='ltr'>et</span> <span class='ocrx_word' id='word_1_103' title='bbox 1031 1173 1199 1253; x_wconf 87' lang='lat' dir='ltr'>psalmorum</span> <span class='ocrx_word' id='word_1_104' title='bbox 1212 1173 1337 1252; x_wconf 86' lang='lat' dir='ltr'>ademtio,</span> <span class='ocrx_word' id='word_1_105' title='bbox 1352 1195 1438 1254; x_wconf 89' lang='lat' dir='ltr'>neque</span> <span class='ocrx_word' id='word_1_106' title='bbox 1455 1174 1607 1254; x_wconf 77' lang='lat' dir='ltr'><strong>quidquam</strong></span> 
     </span>
     <span class='ocr_line' id='line_1_9' title="bbox 61 1258 1607 1346; baseline 0.004 -25"><span class='ocrx_word' id='word_1_107' title='bbox 61 1261 163 1322; x_wconf 89' lang='grc' dir='ltr'>τούτων</span> <span class='ocrx_word' id='word_1_108' title='bbox 178 1262 312 1334; x_wconf 81' lang='grc' dir='ltr'>ἀπηλαυον</span> <span class='ocrx_word' id='word_1_109' title='bbox 328 1262 373 1321; x_wconf 77' lang='lat' dir='ltr'>au</span> <span class='ocrx_word' id='word_1_110' title='bbox 389 1266 436 1334; x_wconf 79' lang='grc' dir='ltr'>τῆς</span> <span class='ocrx_word' id='word_1_111' title='bbox 449 1262 575 1344; x_wconf 78' lang='grc' dir='ltr'>πατρίδος</span> <span class='ocrx_word' id='word_1_112' title='bbox 588 1269 635 1338; x_wconf 79' lang='grc' dir='ltr'>τῆς</span> <span class='ocrx_word' id='word_1_113' title='bbox 653 1269 763 1325; x_wconf 82' lang='grc' dir='ltr'>ἑαυτῶν.</span> <span class='ocrx_word' id='word_1_114' title='bbox 784 1261 838 1325; x_wconf 83' lang='grc' dir='ltr'>Καί</span> <span class='ocrx_word' id='word_1_115' title='bbox 890 1258 989 1319; x_wconf 87' lang='lat' dir='ltr'>borum</span> <span class='ocrx_word' id='word_1_116' title='bbox 1004 1261 1042 1322; x_wconf 89' lang='lat' dir='ltr'>cis</span> <span class='ocrx_word' id='word_1_117' title='bbox 1056 1263 1147 1324; x_wconf 91' lang='lat' dir='ltr'>nocuit</span> <span class='ocrx_word' id='word_1_118' title='bbox 1152 1287 1161 1339; x_wconf 68' lang='grc' dir='ltr'>ς</span> <span class='ocrx_word' id='word_1_119' title='bbox 1173 1263 1218 1323; x_wconf 89' lang='lat' dir='ltr'>sed</span> <span class='ocrx_word' id='word_1_120' title='bbox 1232 1280 1289 1325; x_wconf 86' lang='lat' dir='ltr'>turn</span> <span class='ocrx_word' id='word_1_121' title='bbox 1300 1264 1327 1324; x_wconf 92' lang='lat' dir='ltr'>iu</span> <span class='ocrx_word' id='word_1_122' title='bbox 1339 1265 1435 1346; x_wconf 87' lang='lat' dir='ltr'>majori</span> <span class='ocrx_word' id='word_1_123' title='bbox 1452 1266 1539 1346; x_wconf 85' lang='lat' dir='ltr'>gloria</span> <span class='ocrx_word' id='word_1_124' title='bbox 1548 1267 1607 1327; x_wconf 84' lang='lat' dir='ltr'>fue·</span> 
     </span>
     <span class='ocr_line' id='line_1_10' title="bbox 62 1346 1607 1438; baseline 0.003 -24"><span class='ocrx_word' id='word_1_125' title='bbox 62 1359 169 1436; x_wconf 88' lang='grc' dir='ltr'>πρῶτον</span> <span class='ocrx_word' id='word_1_126' title='bbox 188 1346 265 1413; x_wconf 74' lang='lat' dir='ltr'>dolor</span> <span class='ocrx_word' id='word_1_127' title='bbox 285 1353 424 1422; x_wconf 79' lang='grc' dir='ltr'>ἀνύσαντες</span> <span class='ocrx_word' id='word_1_128' title='bbox 443 1361 544 1430; x_wconf 89' lang='grc' dir='ltr'>τοῦτον,</span> <span class='ocrx_word' id='word_1_129' title='bbox 561 1357 608 1415; x_wconf 81' lang='grc' dir='ltr'>καί</span> <span class='ocrx_word' id='word_1_130' title='bbox 626 1356 748 1438; x_wconf 85' lang='grc' dir='ltr'>λαμπρδν</span> <span class='ocrx_word' id='word_1_131' title='bbox 770 1360 837 1416; x_wconf 83' lang='grc' dir='ltr'>ἀνα·</span> <span class='ocrx_word' id='word_1_132' title='bbox 889 1365 962 1428; x_wconf 90' lang='lat' dir='ltr'>runt,</span> <span class='ocrx_word' id='word_1_133' title='bbox 976 1373 1059 1431; x_wconf 88' lang='lat' dir='ltr'>quam</span> <span class='ocrx_word' id='word_1_134' title='bbox 1073 1377 1136 1416; x_wconf 93' lang='lat' dir='ltr'>cum</span> <span class='ocrx_word' id='word_1_135' title='bbox 1149 1354 1182 1414; x_wconf 86' lang='lat' dir='ltr'>iis</span> <span class='ocrx_word' id='word_1_136' title='bbox 1195 1357 1275 1416; x_wconf 86' lang='lat' dir='ltr'>rebus</span> <span class='ocrx_word' id='word_1_137' title='bbox 1287 1356 1315 1416; x_wconf 93' lang='lat' dir='ltr'>in</span> <span class='ocrx_word' id='word_1_138' title='bbox 1331 1357 1417 1438; x_wconf 82' lang='lat' dir='ltr'>patria</span> <span class='ocrx_word' id='word_1_139' title='bbox 1431 1357 1607 1419; x_wconf 81' lang='lat' dir='ltr'>sualruercn-</span> 
     </span>
     <span class='ocr_line' id='line_1_11' title="bbox 63 1445 1606 1531; baseline 0.003 -26"><span class='ocrx_word' id='word_1_140' title='bbox 63 1447 209 1525; x_wconf 75' lang='grc' dir='ltr'>δησάμενοι</span> <span class='ocrx_word' id='word_1_141' title='bbox 219 1445 263 1504; x_wconf 80' lang='grc' dir='ltr'>τὸν</span> <span class='ocrx_word' id='word_1_142' title='bbox 279 1445 415 1525; x_wconf 80' lang='grc' dir='ltr'>στίρανσν,</span> <span class='ocrx_word' id='word_1_143' title='bbox 433 1446 479 1505; x_wconf 89' lang='grc' dir='ltr'>καί</span> <span class='ocrx_word' id='word_1_144' title='bbox 496 1447 540 1507; x_wconf 85' lang='grc' dir='ltr'>τδν</span> <span class='ocrx_word' id='word_1_145' title='bbox 551 1447 631 1526; x_wconf 87' lang='grc' dir='ltr'>νόμον</span> <span class='ocrx_word' id='word_1_146' title='bbox 648 1447 693 1507; x_wconf 90' lang='grc' dir='ltr'>καί</span> <span class='ocrx_word' id='word_1_147' title='bbox 712 1450 739 1507; x_wconf 88' lang='grc' dir='ltr'>ἐν</span> <span class='ocrx_word' id='word_1_148' title='bbox 760 1449 837 1508; x_wconf 90' lang='grc' dir='ltr'>ἀλλο-</span> <span class='ocrx_word' id='word_1_149' title='bbox 889 1457 943 1505; x_wconf 89' lang='lat' dir='ltr'>tur.</span> <span class='ocrx_word' id='word_1_150' title='bbox 956 1445 1013 1508; x_wconf 87' lang='lat' dir='ltr'>Hoc</span> <span class='ocrx_word' id='word_1_151' title='bbox 1032 1448 1121 1529; x_wconf 90' lang='lat' dir='ltr'>primo</span> <span class='ocrx_word' id='word_1_152' title='bbox 1135 1448 1278 1508; x_wconf 75' lang='lat' dir='ltr'><strong>certamine</strong></span> <span class='ocrx_word' id='word_1_153' title='bbox 1299 1449 1426 1531; x_wconf 86' lang='lat' dir='ltr'>perfecto,</span> <span class='ocrx_word' id='word_1_154' title='bbox 1443 1449 1543 1530; x_wconf 84' lang='lat' dir='ltr'>insigni</span> <span class='ocrx_word' id='word_1_155' title='bbox 1559 1470 1606 1510; x_wconf 90' lang='lat' dir='ltr'>co-</span> 
     </span>
     <span class='ocr_line' id='line_1_12' title="bbox 60 1534 1608 1621; baseline 0.004 -24"><span class='ocrx_word' id='word_1_156' title='bbox 60 1537 126 1620; x_wconf 79' lang='grc' dir='ltr'>τρίορ</span> <span class='ocrx_word' id='word_1_157' title='bbox 138 1538 314 1618; x_wconf 84' lang='grc' dir='ltr'>τηρήσαντες,</span> <span class='ocrx_word' id='word_1_158' title='bbox 329 1534 375 1596; x_wconf 87' lang='grc' dir='ltr'>καί</span> <span class='ocrx_word' id='word_1_159' title='bbox 393 1537 529 1617; x_wconf 73' lang='grc' dir='ltr'>ἐπίταγμα</span> <span class='ocrx_word' id='word_1_160' title='bbox 544 1538 779 1612; x_wconf 86' lang='grc' dir='ltr'>καταπατήσαντες</span> <span class='ocrx_word' id='word_1_161' title='bbox 793 1563 837 1598; x_wconf 85' lang='grc' dir='ltr'>τυ·</span> <span class='ocrx_word' id='word_1_162' title='bbox 888 1553 954 1598; x_wconf 85' lang='lat' dir='ltr'>rona</span> <span class='ocrx_word' id='word_1_163' title='bbox 979 1537 1110 1618; x_wconf 86' lang='lat' dir='ltr'>redimiti,</span> <span class='ocrx_word' id='word_1_164' title='bbox 1137 1541 1196 1621; x_wconf 86' lang='lat' dir='ltr'>lege</span> <span class='ocrx_word' id='word_1_165' title='bbox 1217 1539 1245 1600; x_wconf 94' lang='lat' dir='ltr'>in</span> <span class='ocrx_word' id='word_1_166' title='bbox 1262 1541 1349 1601; x_wconf 87' lang='lat' dir='ltr'>aliena</span> <span class='ocrx_word' id='word_1_167' title='bbox 1371 1562 1477 1620; x_wconf 90' lang='lat' dir='ltr'>quoque</span> <span class='ocrx_word' id='word_1_168' title='bbox 1499 1541 1608 1621; x_wconf 79' lang='lat' dir='ltr'>regione</span> 
     </span>
     <span class='ocr_line' id='line_1_13' title="bbox 62 1628 1607 1714; baseline 0.005 -27"><span class='ocrx_word' id='word_1_169' title='bbox 62 1630 195 1710; x_wconf 82' lang='grc' dir='ltr'>ραννικὸν,</span> <span class='ocrx_word' id='word_1_170' title='bbox 214 1628 260 1688; x_wconf 84' lang='grc' dir='ltr'>καί</span> <span class='ocrx_word' id='word_1_171' title='bbox 278 1629 357 1710; x_wconf 79' lang='grc' dir='ltr'>ρύύον</span> <span class='ocrx_word' id='word_1_172' title='bbox 374 1628 530 1702; x_wconf 86' lang='grc' dir='ltr'>νικήσαντες</span> <span class='ocrx_word' id='word_1_173' title='bbox 546 1637 592 1690; x_wconf 91' lang='grc' dir='ltr'>τοῦ</span> <span class='ocrx_word' id='word_1_174' title='bbox 610 1629 770 1710; x_wconf 88' lang='grc' dir='ltr'>ἀλάστορος,</span> <span class='ocrx_word' id='word_1_175' title='bbox 792 1629 838 1690; x_wconf 81' lang='grc' dir='ltr'>καί</span> <span class='ocrx_word' id='word_1_176' title='bbox 855 1644 873 1693; x_wconf 88' lang='lat' dir='ltr'>c</span> <span class='ocrx_word' id='word_1_177' title='bbox 888 1644 1002 1708; x_wconf 82' lang='lat' dir='ltr'>servata,</span> <span class='ocrx_word' id='word_1_178' title='bbox 1016 1632 1170 1693; x_wconf 85' lang='lat' dir='ltr'>conculcato</span> <span class='ocrx_word' id='word_1_179' title='bbox 1186 1633 1296 1714; x_wconf 80' lang='lat' dir='ltr'>tyranni</span> <span class='ocrx_word' id='word_1_180' title='bbox 1309 1631 1533 1711; x_wconf 75' lang='lat' dir='ltr'>mandato,‘ricto</span> <span class='ocrx_word' id='word_1_181' title='bbox 1550 1631 1607 1694; x_wconf 81' lang='lat' dir='ltr'>dae-</span> 
     </span>
     <span class='ocr_line' id='line_1_14' title="bbox 62 1719 1607 1806; baseline 0.004 -25"><span class='ocrx_word' id='word_1_182' title='bbox 62 1722 146 1802; x_wconf 87' lang='grc' dir='ltr'>μηδίν</span> <span class='ocrx_word' id='word_1_183' title='bbox 161 1719 313 1800; x_wconf 78' lang='grc' dir='ltr'>μηδαμόθεν</span> <span class='ocrx_word' id='word_1_184' title='bbox 324 1721 554 1802; x_wconf 76' lang='grc' dir='ltr'>παραῦλαύέντες,</span> <span class='ocrx_word' id='word_1_185' title='bbox 568 1721 660 1804; x_wconf 79' lang='grc' dir='ltr'>ὥσπερ</span> <span class='ocrx_word' id='word_1_186' title='bbox 673 1721 740 1783; x_wconf 87' lang='grc' dir='ltr'>οίκοι</span> <span class='ocrx_word' id='word_1_187' title='bbox 752 1723 837 1796; x_wconf 87' lang='grc' dir='ltr'>καθή-</span> <span class='ocrx_word' id='word_1_188' title='bbox 888 1722 975 1783; x_wconf 84' lang='lat' dir='ltr'>monis</span> <span class='ocrx_word' id='word_1_189' title='bbox 991 1736 1100 1799; x_wconf 88' lang='lat' dir='ltr'>terrore,</span> <span class='ocrx_word' id='word_1_190' title='bbox 1110 1745 1200 1802; x_wconf 68' lang='lat' dir='ltr'>&#39;neque</span> <span class='ocrx_word' id='word_1_191' title='bbox 1217 1726 1275 1785; x_wconf 94' lang='lat' dir='ltr'>ullo</span> <span class='ocrx_word' id='word_1_192' title='bbox 1296 1725 1352 1784; x_wconf 85' lang='lat' dir='ltr'>ulla</span> <span class='ocrx_word' id='word_1_193' title='bbox 1364 1746 1397 1784; x_wconf 82' lang='lat' dir='ltr'>cx</span> <span class='ocrx_word' id='word_1_194' title='bbox 1410 1737 1487 1806; x_wconf 85' lang='lat' dir='ltr'>parte</span> <span class='ocrx_word' id='word_1_195' title='bbox 1507 1722 1607 1787; x_wconf 79' lang='lat' dir='ltr'>damno</span> 
     </span>
     <span class='ocr_line' id='line_1_15' title="bbox 61 1812 1608 1895; baseline 0.002 -21"><span class='ocrx_word' id='word_1_196' title='bbox 61 1838 154 1892; x_wconf 88' lang='grc' dir='ltr'>μενοι,</span> <span class='ocrx_word' id='word_1_197' title='bbox 175 1813 222 1873; x_wconf 86' lang='grc' dir='ltr'>καί</span> <span class='ocrx_word' id='word_1_198' title='bbox 244 1813 350 1872; x_wconf 88' lang='grc' dir='ltr'>πάντων</span> <span class='ocrx_word' id='word_1_199' title='bbox 372 1812 478 1873; x_wconf 85' lang='grc' dir='ltr'>ἐκείνων</span> <span class='ocrx_word' id='word_1_200' title='bbox 500 1814 690 1884; x_wconf 83' lang='grc' dir='ltr'>ἀπολαύοντες,</span> <span class='ocrx_word' id='word_1_201' title='bbox 711 1813 781 1874; x_wconf 84' lang='grc' dir='ltr'>ούτω</span> <span class='ocrx_word' id='word_1_202' title='bbox 806 1814 837 1874; x_wconf 89' lang='grc' dir='ltr'>τδ</span> <span class='ocrx_word' id='word_1_203' title='bbox 887 1813 985 1891; x_wconf 82' lang='lat' dir='ltr'>allecti,</span> <span class='ocrx_word' id='word_1_204' title='bbox 1007 1815 1085 1894; x_wconf 88' lang='lat' dir='ltr'>quasi</span> <span class='ocrx_word' id='word_1_205' title='bbox 1106 1815 1182 1876; x_wconf 92' lang='lat' dir='ltr'>domi</span> <span class='ocrx_word' id='word_1_206' title='bbox 1202 1816 1334 1890; x_wconf 85' lang='lat' dir='ltr'>sederent,</span> <span class='ocrx_word' id='word_1_207' title='bbox 1357 1831 1384 1876; x_wconf 91' lang='lat' dir='ltr'>et</span> <span class='ocrx_word' id='word_1_208' title='bbox 1405 1815 1531 1895; x_wconf 83' lang='lat' dir='ltr'>omnibus</span> <span class='ocrx_word' id='word_1_209' title='bbox 1551 1816 1608 1877; x_wconf 83' lang='lat' dir='ltr'>illis</span> 
     </span>
     <span class='ocr_line' id='line_1_16' title="bbox 60 1903 1608 1994; baseline 0.003 -28"><span class='ocrx_word' id='word_1_210' title='bbox 60 1907 138 1989; x_wconf 77' lang='grc' dir='ltr'>ἔργον</span> <span class='ocrx_word' id='word_1_211' title='bbox 157 1906 224 1984; x_wconf 86' lang='grc' dir='ltr'>μετίι</span> <span class='ocrx_word' id='word_1_212' title='bbox 245 1903 333 1972; x_wconf 86' lang='grc' dir='ltr'>ἀδείας</span> <span class='ocrx_word' id='word_1_213' title='bbox 358 1904 513 1980; x_wconf 88' lang='grc' dir='ltr'>ἀνύσαντες,</span> <span class='ocrx_word' id='word_1_214' title='bbox 529 1909 569 1987; x_wconf 82' lang='grc' dir='ltr'>ἐρ’</span> <span class='ocrx_word' id='word_1_215' title='bbox 583 1904 662 1985; x_wconf 78' lang='grc' dir='ltr'>ἔτερα</span> <span class='ocrx_word' id='word_1_216' title='bbox 673 1906 753 1966; x_wconf 90' lang='grc' dir='ltr'>πάλιν</span> <span class='ocrx_word' id='word_1_217' title='bbox 775 1910 836 1967; x_wconf 76' lang='lat' dir='ltr'>lxe-</span> <span class='ocrx_word' id='word_1_218' title='bbox 888 1909 1052 1989; x_wconf 85' lang='lat' dir='ltr'>fruerentur,</span> <span class='ocrx_word' id='word_1_219' title='bbox 1075 1932 1155 1992; x_wconf 89' lang='lat' dir='ltr'>opere</span> <span class='ocrx_word' id='word_1_220' title='bbox 1176 1912 1214 1971; x_wconf 87' lang='lat' dir='ltr'>ita</span> <span class='ocrx_word' id='word_1_221' title='bbox 1235 1912 1319 1972; x_wconf 89' lang='lat' dir='ltr'>libere</span> <span class='ocrx_word' id='word_1_222' title='bbox 1340 1913 1464 1994; x_wconf 86' lang='lat' dir='ltr'>perlecto,</span> <span class='ocrx_word' id='word_1_223' title='bbox 1484 1910 1519 1972; x_wconf 86' lang='lat' dir='ltr'>ad</span> <span class='ocrx_word' id='word_1_224' title='bbox 1540 1912 1608 1973; x_wconf 88' lang='lat' dir='ltr'>alios</span> 
     </span>
     <span class='ocr_line' id='line_1_17' title="bbox 60 1989 1606 2081; baseline 0.005 -25"><span class='ocrx_word' id='word_1_225' title='bbox 60 1999 155 2058; x_wconf 88' lang='grc' dir='ltr'>λοῦντο</span> <span class='ocrx_word' id='word_1_226' title='bbox 175 1996 331 2075; x_wconf 83' lang='grc' dir='ltr'>σκάμματα.</span> <span class='ocrx_word' id='word_1_227' title='bbox 354 1996 408 2057; x_wconf 82' lang='grc' dir='ltr'>Καὶ</span> <span class='ocrx_word' id='word_1_228' title='bbox 430 1997 510 2058; x_wconf 65' lang='lat' dir='ltr'>noo</span> <span class='ocrx_word' id='word_1_229' title='bbox 533 1989 602 2071; x_wconf 81' lang='grc' dir='ltr'>ήσαν</span> <span class='ocrx_word' id='word_1_230' title='bbox 628 1999 652 2057; x_wconf 86' lang='grc' dir='ltr'>οἰ</span> <span class='ocrx_word' id='word_1_231' title='bbox 676 1997 763 2058; x_wconf 89' lang='grc' dir='ltr'>αἰιτοί·</span> <span class='ocrx_word' id='word_1_232' title='bbox 790 1997 837 2058; x_wconf 89' lang='grc' dir='ltr'>καί</span> <span class='ocrx_word' id='word_1_233' title='bbox 888 2021 981 2061; x_wconf 86' lang='lat' dir='ltr'>rursus</span> <span class='ocrx_word' id='word_1_234' title='bbox 995 2021 1093 2080; x_wconf 87' lang='lat' dir='ltr'>agones</span> <span class='ocrx_word' id='word_1_235' title='bbox 1108 2016 1170 2062; x_wconf 89' lang='lat' dir='ltr'>suut</span> <span class='ocrx_word' id='word_1_236' title='bbox 1183 2003 1283 2063; x_wconf 82' lang='lat' dir='ltr'>vocati.</span> <span class='ocrx_word' id='word_1_237' title='bbox 1300 2005 1401 2063; x_wconf 90' lang='lat' dir='ltr'>lterum</span> <span class='ocrx_word' id='word_1_238' title='bbox 1414 2018 1490 2064; x_wconf 85' lang='lat' dir='ltr'>eram</span> <span class='ocrx_word' id='word_1_239' title='bbox 1505 2001 1606 2081; x_wconf 72' lang='lat' dir='ltr'>iidem,</span> 
     </span>
     <span class='ocr_line' id='line_1_18' title="bbox 62 2087 1607 2176; baseline 0.004 -26"><span class='ocrx_word' id='word_1_240' title='bbox 62 2089 136 2171; x_wconf 84' lang='grc' dir='ltr'>ἀγὼν</span> <span class='ocrx_word' id='word_1_241' title='bbox 158 2095 204 2149; x_wconf 91' lang='grc' dir='ltr'>τοῦ</span> <span class='ocrx_word' id='word_1_242' title='bbox 225 2087 353 2171; x_wconf 75' lang='grc' dir='ltr'>προτέρω</span> <span class='ocrx_word' id='word_1_243' title='bbox 372 2087 558 2171; x_wconf 80' lang='grc' dir='ltr'>χαλεπώτερος</span> <span class='ocrx_word' id='word_1_244' title='bbox 578 2093 665 2159; x_wconf 87' lang='grc' dir='ltr'>αἰποῑς</span> <span class='ocrx_word' id='word_1_245' title='bbox 687 2091 835 2163; x_wconf 86' lang='grc' dir='ltr'>ἐπετίθετο,</span> <span class='ocrx_word' id='word_1_246' title='bbox 888 2105 914 2150; x_wconf 91' lang='lat' dir='ltr'>ct</span> <span class='ocrx_word' id='word_1_247' title='bbox 923 2106 1057 2152; x_wconf 88' lang='lat' dir='ltr'>certamen</span> <span class='ocrx_word' id='word_1_248' title='bbox 1066 2092 1155 2174; x_wconf 82' lang='lat' dir='ltr'>priore</span> <span class='ocrx_word' id='word_1_249' title='bbox 1165 2093 1307 2155; x_wconf 85' lang='lat' dir='ltr'>difficilius</span> <span class='ocrx_word' id='word_1_250' title='bbox 1319 2095 1384 2176; x_wconf 88' lang='lat' dir='ltr'>ipsis</span> <span class='ocrx_word' id='word_1_251' title='bbox 1395 2094 1607 2176; x_wconf 85' lang='lat' dir='ltr'>proponebatur,</span> 
     </span>
     <span class='ocr_line' id='line_1_19' title="bbox 61 2181 1608 2266; baseline 0.004 -24"><span class='ocrx_word' id='word_1_252' title='bbox 61 2181 109 2242; x_wconf 89' lang='grc' dir='ltr'>καί</span> <span class='ocrx_word' id='word_1_253' title='bbox 127 2181 237 2260; x_wconf 90' lang='grc' dir='ltr'>κάμινος</span> <span class='ocrx_word' id='word_1_254' title='bbox 257 2182 405 2256; x_wconf 88' lang='grc' dir='ltr'>ἀνήπτετο,</span> <span class='ocrx_word' id='word_1_255' title='bbox 423 2182 468 2242; x_wconf 89' lang='grc' dir='ltr'>καί</span> <span class='ocrx_word' id='word_1_256' title='bbox 490 2183 652 2266; x_wconf 84' lang='grc' dir='ltr'>βαρύαρικδν</span> <span class='ocrx_word' id='word_1_257' title='bbox 665 2184 730 2265; x_wconf 70' lang='grc' dir='ltr'>πρὸς</span> <span class='ocrx_word' id='word_1_258' title='bbox 743 2183 836 2254; x_wconf 86' lang='grc' dir='ltr'>αύτοίις</span> <span class='ocrx_word' id='word_1_259' title='bbox 888 2184 1010 2244; x_wconf 89' lang='lat' dir='ltr'>caminus</span> <span class='ocrx_word' id='word_1_260' title='bbox 1021 2184 1224 2261; x_wconf 87' lang='lat' dir='ltr'>incendebatur,</span> <span class='ocrx_word' id='word_1_261' title='bbox 1234 2186 1393 2250; x_wconf 80' lang='lat' dir='ltr'>barbaricus</span> <span class='ocrx_word' id='word_1_262' title='bbox 1406 2187 1553 2248; x_wconf 85' lang='lat' dir='ltr'>adversum</span> <span class='ocrx_word' id='word_1_263' title='bbox 1562 2208 1608 2248; x_wconf 90' lang='lat' dir='ltr'>cos</span> 
     </span>
     <span class='ocr_line' id='line_1_20' title="bbox 61 2273 1606 2357; baseline 0.001 -22"><span class='ocrx_word' id='word_1_264' title='bbox 61 2274 239 2355; x_wconf 83' lang='grc' dir='ltr'>στρατόπεδον</span> <span class='ocrx_word' id='word_1_265' title='bbox 253 2273 321 2353; x_wconf 77' lang='grc' dir='ltr'>μετὰ</span> <span class='ocrx_word' id='word_1_266' title='bbox 336 2281 381 2334; x_wconf 90' lang='grc' dir='ltr'>τοῦ</span> <span class='ocrx_word' id='word_1_267' title='bbox 397 2273 527 2355; x_wconf 81' lang='grc' dir='ltr'>βασιλέως</span> <span class='ocrx_word' id='word_1_268' title='bbox 547 2275 745 2357; x_wconf 86' lang='grc' dir='ltr'>παρετάττετο·</span> <span class='ocrx_word' id='word_1_269' title='bbox 759 2273 833 2350; x_wconf 80' lang='grc' dir='ltr'>καίή</span> <span class='ocrx_word' id='word_1_270' title='bbox 887 2275 1021 2335; x_wconf 86' lang='lat' dir='ltr'>exercitus</span> <span class='ocrx_word' id='word_1_271' title='bbox 1035 2297 1098 2336; x_wconf 91' lang='lat' dir='ltr'>cum</span> <span class='ocrx_word' id='word_1_272' title='bbox 1118 2297 1180 2357; x_wconf 84' lang='lat' dir='ltr'>rege</span> <span class='ocrx_word' id='word_1_273' title='bbox 1200 2277 1384 2338; x_wconf 81' lang='lat' dir='ltr'>instruebatur</span> <span class='ocrx_word' id='word_1_274' title='bbox 1396 2278 1473 2340; x_wconf 84' lang='lat' dir='ltr'>velut</span> <span class='ocrx_word' id='word_1_275' title='bbox 1487 2278 1516 2338; x_wconf 93' lang='lat' dir='ltr'>in</span> <span class='ocrx_word' id='word_1_276' title='bbox 1529 2279 1606 2339; x_wconf 81' lang='lat' dir='ltr'>acie:</span> 
     </span>
     <span class='ocr_line' id='line_1_21' title="bbox 60 2365 1607 2450; baseline 0.003 -26"><span class='ocrx_word' id='word_1_277' title='bbox 60 2365 182 2447; x_wconf 81' lang='grc' dir='ltr'>Περσική</span> <span class='ocrx_word' id='word_1_278' title='bbox 207 2377 281 2426; x_wconf 75' lang='grc' dir='ltr'>πᾶσα</span> <span class='ocrx_word' id='word_1_279' title='bbox 305 2366 414 2444; x_wconf 89' lang='grc' dir='ltr'>δύναμις</span> <span class='ocrx_word' id='word_1_280' title='bbox 440 2371 565 2442; x_wconf 80' lang='grc' dir='ltr'>ἐκινεῖτο,</span> <span class='ocrx_word' id='word_1_281' title='bbox 589 2366 633 2427; x_wconf 87' lang='grc' dir='ltr'>καί</span> <span class='ocrx_word' id='word_1_282' title='bbox 660 2365 747 2427; x_wconf 88' lang='grc' dir='ltr'>πάντα</span> <span class='ocrx_word' id='word_1_283' title='bbox 770 2369 835 2450; x_wconf 84' lang='grc' dir='ltr'>πρδς</span> <span class='ocrx_word' id='word_1_284' title='bbox 887 2380 943 2426; x_wconf 84' lang='lat' dir='ltr'>tota</span> <span class='ocrx_word' id='word_1_285' title='bbox 957 2367 1064 2427; x_wconf 88' lang='lat' dir='ltr'>Persica</span> <span class='ocrx_word' id='word_1_286' title='bbox 1074 2367 1191 2448; x_wconf 87' lang='lat' dir='ltr'>potentia</span> <span class='ocrx_word' id='word_1_287' title='bbox 1203 2367 1377 2445; x_wconf 85' lang='lat' dir='ltr'>incitabatur,</span> <span class='ocrx_word' id='word_1_288' title='bbox 1387 2369 1478 2428; x_wconf 87' lang='lat' dir='ltr'>omnia</span> <span class='ocrx_word' id='word_1_289' title='bbox 1486 2368 1522 2429; x_wconf 84' lang='lat' dir='ltr'>ad</span> <span class='ocrx_word' id='word_1_290' title='bbox 1532 2369 1607 2429; x_wconf 85' lang='lat' dir='ltr'>l&#39;rau·</span> 
     </span>
     <span class='ocr_line' id='line_1_22' title="bbox 61 2457 1605 2542; baseline 0.002 -25"><span class='ocrx_word' id='word_1_291' title='bbox 61 2459 168 2532; x_wconf 88' lang='grc' dir='ltr'>ἀπάτην</span> <span class='ocrx_word' id='word_1_292' title='bbox 183 2463 268 2520; x_wconf 77' lang='grc' dir='ltr'>αἰτῶν</span> <span class='ocrx_word' id='word_1_293' title='bbox 283 2460 471 2535; x_wconf 79' lang='grc' dir='ltr'>ἐπετηδεύετο,</span> <span class='ocrx_word' id='word_1_294' title='bbox 488 2459 535 2520; x_wconf 79' lang='grc' dir='ltr'>καί</span> <span class='ocrx_word' id='word_1_295' title='bbox 554 2459 628 2540; x_wconf 86' lang='grc' dir='ltr'>βίαν·</span> <span class='ocrx_word' id='word_1_296' title='bbox 644 2459 691 2521; x_wconf 87' lang='grc' dir='ltr'>καί</span> <span class='ocrx_word' id='word_1_297' title='bbox 707 2469 835 2540; x_wconf 74' lang='grc' dir='ltr'>μουσικῆς</span> <span class='ocrx_word' id='word_1_298' title='bbox 887 2457 950 2519; x_wconf 89' lang='lat' dir='ltr'>dem</span> <span class='ocrx_word' id='word_1_299' title='bbox 964 2480 996 2519; x_wconf 92' lang='lat' dir='ltr'>ac</span> <span class='ocrx_word' id='word_1_300' title='bbox 1007 2458 1066 2521; x_wconf 80' lang='lat' dir='ltr'>vim</span> <span class='ocrx_word' id='word_1_301' title='bbox 1089 2457 1155 2540; x_wconf 89' lang='lat' dir='ltr'>ipsis</span> <span class='ocrx_word' id='word_1_302' title='bbox 1177 2459 1340 2520; x_wconf 77' lang='lat' dir='ltr'>afferendam</span> <span class='ocrx_word' id='word_1_303' title='bbox 1362 2459 1605 2542; x_wconf 70' lang='lat' dir='ltr'>comparabantur,</span> 
     </span>
     <span class='ocr_line' id='line_1_23' title="bbox 61 2549 1607 2635; baseline 0.003 -26"><span class='ocrx_word' id='word_1_304' title='bbox 61 2549 120 2622; x_wconf 86' lang='grc' dir='ltr'>είδη</span> <span class='ocrx_word' id='word_1_305' title='bbox 143 2549 269 2631; x_wconf 82' lang='grc' dir='ltr'>διάρορα,</span> <span class='ocrx_word' id='word_1_306' title='bbox 293 2550 340 2611; x_wconf 89' lang='grc' dir='ltr'>καί</span> <span class='ocrx_word' id='word_1_307' title='bbox 363 2552 496 2612; x_wconf 80' lang='grc' dir='ltr'>κολάσεων</span> <span class='ocrx_word' id='word_1_308' title='bbox 521 2552 637 2614; x_wconf 84' lang='grc' dir='ltr'>ποικίλοι</span> <span class='ocrx_word' id='word_1_309' title='bbox 661 2554 766 2635; x_wconf 88' lang='grc' dir='ltr'>τρόποι,</span> <span class='ocrx_word' id='word_1_310' title='bbox 789 2554 835 2615; x_wconf 85' lang='grc' dir='ltr'>καί</span> <span class='ocrx_word' id='word_1_311' title='bbox 888 2551 996 2611; x_wconf 84' lang='lat' dir='ltr'>diversa</span> <span class='ocrx_word' id='word_1_312' title='bbox 1009 2549 1165 2610; x_wconf 89' lang='lat' dir='ltr'>cantionum</span> <span class='ocrx_word' id='word_1_313' title='bbox 1179 2571 1288 2631; x_wconf 85' lang='lat' dir='ltr'>genera,</span> <span class='ocrx_word' id='word_1_314' title='bbox 1307 2551 1391 2612; x_wconf 76' lang='lat' dir='ltr'>varia</span> <span class='ocrx_word' id='word_1_315' title='bbox 1411 2551 1607 2633; x_wconf 78' lang='lat' dir='ltr'>suppliciorum</span> 
     </span>
     <span class='ocr_line' id='line_1_24' title="bbox 60 2635 1605 2729; baseline 0.001 -27"><span class='ocrx_word' id='word_1_316' title='bbox 60 2640 184 2716; x_wconf 77' lang='grc' dir='ltr'>ἀπειλαί,</span> <span class='ocrx_word' id='word_1_317' title='bbox 202 2644 247 2702; x_wconf 89' lang='grc' dir='ltr'>καί</span> <span class='ocrx_word' id='word_1_318' title='bbox 264 2645 322 2725; x_wconf 82' lang='grc' dir='ltr'>ὄψις</span> <span class='ocrx_word' id='word_1_319' title='bbox 335 2643 463 2704; x_wconf 88' lang='grc' dir='ltr'>πάντοθεν</span> <span class='ocrx_word' id='word_1_320' title='bbox 481 2635 513 2717; x_wconf 81' lang='grc' dir='ltr'>ήν</span> <span class='ocrx_word' id='word_1_321' title='bbox 533 2644 646 2725; x_wconf 82' lang='grc' dir='ltr'>ρούερίι,</span> <span class='ocrx_word' id='word_1_322' title='bbox 662 2646 709 2707; x_wconf 89' lang='grc' dir='ltr'>καί</span> <span class='ocrx_word' id='word_1_323' title='bbox 727 2646 834 2729; x_wconf 81' lang='grc' dir='ltr'>ῥήματα</span> <span class='ocrx_word' id='word_1_324' title='bbox 887 2644 990 2717; x_wconf 81' lang='lat' dir='ltr'>lormae,</span> <span class='ocrx_word' id='word_1_325' title='bbox 1005 2642 1097 2717; x_wconf 75' lang='lat' dir='ltr'>mina,</span> <span class='ocrx_word' id='word_1_326' title='bbox 1110 2642 1315 2724; x_wconf 81' lang='lat' dir='ltr'>aspectusomui</span> <span class='ocrx_word' id='word_1_327' title='bbox 1327 2664 1361 2703; x_wconf 85' lang='lat' dir='ltr'>ex</span> <span class='ocrx_word' id='word_1_328' title='bbox 1374 2657 1453 2725; x_wconf 81' lang='lat' dir='ltr'>parte</span> <span class='ocrx_word' id='word_1_329' title='bbox 1464 2643 1605 2724; x_wconf 87' lang='lat' dir='ltr'>terribilis,</span> 
     </span>
     <span class='ocr_line' id='line_1_25' title="bbox 60 2733 1607 2825; baseline 0.003 -33"><span class='ocrx_word' id='word_1_330' title='bbox 60 2734 146 2814; x_wconf 64' lang='grc' dir='ltr'>ἀγεως</span> <span class='ocrx_word' id='word_1_331' title='bbox 169 2733 353 2815; x_wconf 79' lang='grc' dir='ltr'>ρούεριύτερα·</span> <span class='ocrx_word' id='word_1_332' title='bbox 379 2736 436 2796; x_wconf 83' lang='grc' dir='ltr'>ἀλλ’</span> <span class='ocrx_word' id='word_1_333' title='bbox 461 2735 533 2815; x_wconf 77' lang='grc' dir='ltr'>ὅμως</span> <span class='ocrx_word' id='word_1_334' title='bbox 555 2735 646 2810; x_wconf 83' lang='grc' dir='ltr'>ἐπειδὴ</span> <span class='ocrx_word' id='word_1_335' title='bbox 670 2738 776 2807; x_wconf 75' lang='grc' dir='ltr'>ἑαυτοὺς</span> <span class='ocrx_word' id='word_1_336' title='bbox 804 2744 834 2800; x_wconf 81' lang='grc' dir='ltr'>σθ</span> <span class='ocrx_word' id='word_1_337' title='bbox 853 2748 915 2804; x_wconf 79' lang='lat' dir='ltr'>net</span> <span class='ocrx_word' id='word_1_338' title='bbox 924 2736 1007 2795; x_wconf 84' lang='lat' dir='ltr'>rerba</span> <span class='ocrx_word' id='word_1_339' title='bbox 1015 2748 1127 2825; x_wconf 81' lang='lat' dir='ltr'>aspectu</span> <span class='ocrx_word' id='word_1_340' title='bbox 1134 2735 1468 2796; x_wconf 74' lang='lat' dir='ltr'>terribilioratsedtamen</span> <span class='ocrx_word' id='word_1_341' title='bbox 1479 2736 1607 2814; x_wconf 87' lang='lat' dir='ltr'>quoniam</span> 
     </span>
     <span class='ocr_line' id='line_1_26' title="bbox 61 2825 1608 2910; baseline 0.003 -26"><span class='ocrx_word' id='word_1_342' title='bbox 61 2825 227 2905; x_wconf 78' lang='grc' dir='ltr'>προέδωκεν,</span> <span class='ocrx_word' id='word_1_343' title='bbox 244 2825 312 2886; x_wconf 87' lang='grc' dir='ltr'>άλλίι</span> <span class='ocrx_word' id='word_1_344' title='bbox 326 2826 360 2886; x_wconf 80' lang='grc' dir='ltr'>τὰ</span> <span class='ocrx_word' id='word_1_345' title='bbox 375 2828 438 2908; x_wconf 87' lang='grc' dir='ltr'>παρ’</span> <span class='ocrx_word' id='word_1_346' title='bbox 452 2827 553 2906; x_wconf 79' lang='grc' dir='ltr'>ἑαυτῶν</span> <span class='ocrx_word' id='word_1_347' title='bbox 568 2828 655 2888; x_wconf 91' lang='grc' dir='ltr'>πάντα</span> <span class='ocrx_word' id='word_1_348' title='bbox 668 2829 834 2910; x_wconf 78' lang='grc' dir='ltr'>εἰσήνεγκαν,</span> <span class='ocrx_word' id='word_1_349' title='bbox 888 2827 1024 2909; x_wconf 83' lang='lat' dir='ltr'>semetipsi</span> <span class='ocrx_word' id='word_1_350' title='bbox 1046 2849 1098 2887; x_wconf 92' lang='lat' dir='ltr'>uon</span> <span class='ocrx_word' id='word_1_351' title='bbox 1121 2826 1316 2907; x_wconf 87' lang='lat' dir='ltr'>prodiderunt,</span> <span class='ocrx_word' id='word_1_352' title='bbox 1330 2825 1379 2888; x_wconf 90' lang='lat' dir='ltr'>sed</span> <span class='ocrx_word' id='word_1_353' title='bbox 1401 2848 1509 2888; x_wconf 85' lang='lat' dir='ltr'>omnem</span> <span class='ocrx_word' id='word_1_354' title='bbox 1530 2848 1608 2888; x_wconf 83' lang='lat' dir='ltr'>suam</span> 
     </span>
     <span class='ocr_line' id='line_1_27' title="bbox 63 2916 1608 3002; baseline 0.003 -26"><span class='ocrx_word' id='word_1_355' title='bbox 63 2916 138 2976; x_wconf 86' lang='grc' dir='ltr'>οἰιδίν</span> <span class='ocrx_word' id='word_1_356' title='bbox 159 2916 284 2977; x_wconf 74' lang='grc' dir='ltr'>οὐδέποτε</span> <span class='ocrx_word' id='word_1_357' title='bbox 299 2918 519 2999; x_wconf 79' lang='grc' dir='ltr'>παρεῦλάάησαν·</span> <span class='ocrx_word' id='word_1_358' title='bbox 540 2919 610 2980; x_wconf 68' lang='grc' dir='ltr'>ἀλλὰ</span> <span class='ocrx_word' id='word_1_359' title='bbox 623 2920 670 2980; x_wconf 88' lang='grc' dir='ltr'>καί</span> <span class='ocrx_word' id='word_1_360' title='bbox 685 2921 835 3002; x_wconf 82' lang='grc' dir='ltr'>λαμπροτά-</span> <span class='ocrx_word' id='word_1_361' title='bbox 889 2941 999 3001; x_wconf 88' lang='lat' dir='ltr'>operam</span> <span class='ocrx_word' id='word_1_362' title='bbox 1008 2920 1189 2998; x_wconf 84' lang='lat' dir='ltr'>contulerunt,</span> <span class='ocrx_word' id='word_1_363' title='bbox 1203 2920 1273 2980; x_wconf 87' lang='lat' dir='ltr'>nihil</span> <span class='ocrx_word' id='word_1_364' title='bbox 1284 2941 1413 2999; x_wconf 86' lang='lat' dir='ltr'>umquam</span> <span class='ocrx_word' id='word_1_365' title='bbox 1425 2918 1519 2980; x_wconf 84' lang='lat' dir='ltr'>damni</span> <span class='ocrx_word' id='word_1_366' title='bbox 1531 2940 1608 2981; x_wconf 87' lang='lat' dir='ltr'>acoe-</span> 
     </span>
     <span class='ocr_line' id='line_1_28' title="bbox 62 3007 1607 3093; baseline 0.005 -27"><span class='ocrx_word' id='word_1_367' title='bbox 62 3030 123 3089; x_wconf 89' lang='grc' dir='ltr'>ρους</span> <span class='ocrx_word' id='word_1_368' title='bbox 152 3012 205 3068; x_wconf 88' lang='grc' dir='ltr'>τῶν</span> <span class='ocrx_word' id='word_1_369' title='bbox 233 3007 368 3090; x_wconf 83' lang='grc' dir='ltr'>προτέρων</span> <span class='ocrx_word' id='word_1_370' title='bbox 397 3009 558 3082; x_wconf 70' lang='grc' dir='ltr'>διεδάσαντο</span> <span class='ocrx_word' id='word_1_371' title='bbox 588 3008 648 3078; x_wconf 78' lang='grc' dir='ltr'>τοὺς</span> <span class='ocrx_word' id='word_1_372' title='bbox 681 3011 833 3092; x_wconf 81' lang='grc' dir='ltr'>στεράνους.</span> <span class='ocrx_word' id='word_1_373' title='bbox 889 3011 1084 3093; x_wconf 90' lang='lat' dir='ltr'>perunt:quiu</span> <span class='ocrx_word' id='word_1_374' title='bbox 1099 3011 1182 3072; x_wconf 87' lang='lat' dir='ltr'>etiam</span> <span class='ocrx_word' id='word_1_375' title='bbox 1196 3011 1310 3088; x_wconf 91' lang='lat' dir='ltr'>coronis,</span> <span class='ocrx_word' id='word_1_376' title='bbox 1325 3033 1408 3090; x_wconf 88' lang='lat' dir='ltr'>quam</span> <span class='ocrx_word' id='word_1_377' title='bbox 1426 3011 1530 3093; x_wconf 82' lang='lat' dir='ltr'>priores</span> <span class='ocrx_word' id='word_1_378' title='bbox 1544 3013 1607 3074; x_wconf 82' lang='grc' dir='ltr'>ίοε-</span> 
     </span>
     <span class='ocr_line' id='line_1_29' title="bbox 59 3097 1607 3185; baseline 0.004 -26"><span class='ocrx_word' id='word_1_379' title='bbox 59 3098 165 3171; x_wconf 58' lang='lat' dir='ltr'>&#39;Etru</span> <span class='ocrx_word' id='word_1_380' title='bbox 176 3097 224 3178; x_wconf 80' lang='grc' dir='ltr'>μίν</span> <span class='ocrx_word' id='word_1_381' title='bbox 235 3099 287 3181; x_wconf 81' lang='grc' dir='ltr'>γάρ</span> <span class='ocrx_word' id='word_1_382' title='bbox 306 3099 397 3168; x_wconf 75' lang='grc' dir='ltr'>αὐτοὺς</span> <span class='ocrx_word' id='word_1_383' title='bbox 413 3106 427 3160; x_wconf 85' lang='grc' dir='ltr'>δ</span> <span class='ocrx_word' id='word_1_384' title='bbox 441 3101 689 3185; x_wconf 77' lang='grc' dir='ltr'>Ναύουχοδονύσορ,</span> <span class='ocrx_word' id='word_1_385' title='bbox 710 3103 756 3162; x_wconf 88' lang='grc' dir='ltr'>καί</span> <span class='ocrx_word' id='word_1_386' title='bbox 777 3102 835 3165; x_wconf 80' lang='grc' dir='ltr'>ἐνί·</span> <span class='ocrx_word' id='word_1_387' title='bbox 888 3119 961 3183; x_wconf 86' lang='lat' dir='ltr'>rant,</span> <span class='ocrx_word' id='word_1_388' title='bbox 987 3103 1183 3166; x_wconf 83' lang='lat' dir='ltr'>illustrioribus</span> <span class='ocrx_word' id='word_1_389' title='bbox 1200 3103 1319 3167; x_wconf 82' lang='lat' dir='ltr'>redimiti</span> <span class='ocrx_word' id='word_1_390' title='bbox 1333 3117 1407 3165; x_wconf 82' lang='lat' dir='ltr'>sunt.</span> <span class='ocrx_word' id='word_1_391' title='bbox 1423 3103 1522 3167; x_wconf 79' lang='lat' dir='ltr'>vinxit</span> <span class='ocrx_word' id='word_1_392' title='bbox 1534 3105 1607 3166; x_wconf 89' lang='lat' dir='ltr'>enim</span> 
     </span>
     <span class='ocr_line' id='line_1_30' title="bbox 60 3189 1603 3276; baseline 0.005 -27"><span class='ocrx_word' id='word_1_393' title='bbox 60 3189 143 3250; x_wconf 76' lang='grc' dir='ltr'>ἀαλεν</span> <span class='ocrx_word' id='word_1_394' title='bbox 165 3193 201 3258; x_wconf 90' lang='grc' dir='ltr'>εἰς</span> <span class='ocrx_word' id='word_1_395' title='bbox 221 3190 270 3264; x_wconf 75' lang='grc' dir='ltr'>τήν</span> <span class='ocrx_word' id='word_1_396' title='bbox 295 3192 417 3269; x_wconf 82' lang='grc' dir='ltr'>κάμινον,</span> <span class='ocrx_word' id='word_1_397' title='bbox 437 3194 467 3251; x_wconf 86' lang='grc' dir='ltr'>ού</span> <span class='ocrx_word' id='word_1_398' title='bbox 488 3192 536 3271; x_wconf 72' lang='grc' dir='ltr'>μὲν</span> <span class='ocrx_word' id='word_1_399' title='bbox 559 3193 740 3275; x_wconf 79' lang='grc' dir='ltr'>παρίύλαψεν,</span> <span class='ocrx_word' id='word_1_400' title='bbox 765 3193 834 3255; x_wconf 80' lang='grc' dir='ltr'>ἀλλὰ</span> <span class='ocrx_word' id='word_1_401' title='bbox 889 3217 934 3256; x_wconf 90' lang='lat' dir='ltr'>eos</span> <span class='ocrx_word' id='word_1_402' title='bbox 949 3195 1209 3274; x_wconf 80' lang='lat' dir='ltr'>Nabuchodonosor,</span> <span class='ocrx_word' id='word_1_403' title='bbox 1230 3197 1302 3256; x_wconf 88' lang='lat' dir='ltr'>etin</span> <span class='ocrx_word' id='word_1_404' title='bbox 1324 3195 1460 3255; x_wconf 84' lang='lat' dir='ltr'>caminum</span> <span class='ocrx_word' id='word_1_405' title='bbox 1480 3197 1603 3276; x_wconf 85' lang='lat' dir='ltr'>conjecit,</span> 
     </span>
     <span class='ocr_line' id='line_1_31' title="bbox 60 3281 1608 3369; baseline 0.005 -28"><span class='ocrx_word' id='word_1_406' title='bbox 60 3281 108 3342; x_wconf 85' lang='grc' dir='ltr'>καί</span> <span class='ocrx_word' id='word_1_407' title='bbox 128 3282 251 3361; x_wconf 83' lang='grc' dir='ltr'>μειζόνως</span> <span class='ocrx_word' id='word_1_408' title='bbox 267 3283 403 3364; x_wconf 83' lang='grc' dir='ltr'>ὠρίλησε,</span> <span class='ocrx_word' id='word_1_409' title='bbox 424 3284 471 3344; x_wconf 81' lang='grc' dir='ltr'>καί</span> <span class='ocrx_word' id='word_1_410' title='bbox 491 3284 667 3366; x_wconf 73' lang='grc' dir='ltr'>ἐνδοξοτέρους</span> <span class='ocrx_word' id='word_1_411' title='bbox 684 3286 835 3369; x_wconf 76' lang='grc' dir='ltr'>εἰργάσατο.</span> <span class='ocrx_word' id='word_1_412' title='bbox 889 3309 942 3349; x_wconf 92' lang='lat' dir='ltr'>non</span> <span class='ocrx_word' id='word_1_413' title='bbox 960 3301 1048 3348; x_wconf 83' lang='lat' dir='ltr'>tamen</span> <span class='ocrx_word' id='word_1_414' title='bbox 1062 3287 1171 3365; x_wconf 85' lang='lat' dir='ltr'>damno,</span> <span class='ocrx_word' id='word_1_415' title='bbox 1185 3288 1251 3367; x_wconf 87' lang='lat' dir='ltr'>quin</span> <span class='ocrx_word' id='word_1_416' title='bbox 1264 3287 1355 3368; x_wconf 87' lang='lat' dir='ltr'>potius</span> <span class='ocrx_word' id='word_1_417' title='bbox 1368 3288 1451 3347; x_wconf 84' lang='lat' dir='ltr'>etiam</span> <span class='ocrx_word' id='word_1_418' title='bbox 1464 3287 1608 3348; x_wconf 89' lang='lat' dir='ltr'>commodo</span> 
     </span>
     <span class='ocr_line' id='line_1_32' title="bbox 59 3374 1608 3460; baseline 0.001 -24"><span class='ocrx_word' id='word_1_419' title='bbox 59 3374 115 3436; x_wconf 86' lang='grc' dir='ltr'>Καί</span> <span class='ocrx_word' id='word_1_420' title='bbox 131 3375 189 3435; x_wconf 68' lang='lat' dir='ltr'>obre</span> <span class='ocrx_word' id='word_1_421' title='bbox 209 3376 269 3436; x_wconf 78' lang='grc' dir='ltr'>ναὸν</span> <span class='ocrx_word' id='word_1_422' title='bbox 289 3377 388 3450; x_wconf 87' lang='grc' dir='ltr'>(πάλιν</span> <span class='ocrx_word' id='word_1_423' title='bbox 402 3376 453 3457; x_wconf 71' lang='grc' dir='ltr'>γάρ</span> <span class='ocrx_word' id='word_1_424' title='bbox 466 3375 500 3436; x_wconf 82' lang='grc' dir='ltr'>τδ</span> <span class='ocrx_word' id='word_1_425' title='bbox 515 3376 582 3437; x_wconf 87' lang='grc' dir='ltr'>αἰιτίι</span> <span class='ocrx_word' id='word_1_426' title='bbox 597 3379 680 3460; x_wconf 82' lang='grc' dir='ltr'>ίρῶ),</span> <span class='ocrx_word' id='word_1_427' title='bbox 702 3377 763 3439; x_wconf 86' lang='grc' dir='ltr'>οὔτε</span> <span class='ocrx_word' id='word_1_428' title='bbox 785 3384 834 3438; x_wconf 80' lang='lat' dir='ltr'>tu·</span> <span class='ocrx_word' id='word_1_429' title='bbox 889 3379 988 3459; x_wconf 78' lang='lat' dir='ltr'>affecit,</span> <span class='ocrx_word' id='word_1_430' title='bbox 999 3393 1025 3439; x_wconf 92' lang='lat' dir='ltr'>et</span> <span class='ocrx_word' id='word_1_431' title='bbox 1035 3379 1196 3439; x_wconf 85' lang='lat' dir='ltr'>illustriores</span> <span class='ocrx_word' id='word_1_432' title='bbox 1206 3378 1337 3438; x_wconf 83' lang='lat' dir='ltr'>reddidit.</span> <span class='ocrx_word' id='word_1_433' title='bbox 1350 3380 1529 3457; x_wconf 88' lang='lat' dir='ltr'>Cumquenec</span> <span class='ocrx_word' id='word_1_434' title='bbox 1539 3390 1608 3438; x_wconf 87' lang='lat' dir='ltr'>tem-</span> 
     </span>
     <span class='ocr_line' id='line_1_33' title="bbox 59 3466 1606 3554; baseline -0.009 -13"><span class='ocrx_word' id='word_1_435' title='bbox 59 3466 224 3549; x_wconf 62' lang='lat' dir='ltr'>⁶¹⁰¹⁰³²ipttt2</span> <span class='ocrx_word' id='word_1_436' title='bbox 243 3471 273 3528; x_wconf 63' lang='grc' dir='ltr'>θ’)</span> <span class='ocrx_word' id='word_1_437' title='bbox 297 3468 428 3549; x_wconf 69' lang='grc' dir='ltr'>πατρίδα,</span> <span class='ocrx_word' id='word_1_438' title='bbox 452 3472 501 3550; x_wconf 77' lang='grc' dir='ltr'>οὐχ</span> <span class='ocrx_word' id='word_1_439' title='bbox 525 3470 624 3552; x_wconf 77' lang='grc' dir='ltr'>ἱερέας,</span> <span class='ocrx_word' id='word_1_440' title='bbox 647 3472 677 3532; x_wconf 85' lang='grc' dir='ltr'>ού</span> <span class='ocrx_word' id='word_1_441' title='bbox 698 3472 835 3554; x_wconf 68' lang='grc' dir='ltr'>προφήτας</span> <span class='ocrx_word' id='word_1_442' title='bbox 888 3470 1174 3552; x_wconf 87' lang='lat' dir='ltr'>plum(iterumenim</span> <span class='ocrx_word' id='word_1_443' title='bbox 1185 3470 1280 3530; x_wconf 88' lang='lat' dir='ltr'>eadem</span> <span class='ocrx_word' id='word_1_444' title='bbox 1289 3468 1606 3547; x_wconf 79' lang='lat' dir='ltr'>dicam),nequealtare,</span> 
     </span>
     <span class='ocr_line' id='line_1_34' title="bbox 57 3558 1607 3645; baseline -0.001 -25"><span class='ocrx_word' id='word_1_445' title='bbox 57 3559 184 3641; x_wconf 51' lang='lat' dir='ltr'>egerere,</span> <span class='ocrx_word' id='word_1_446' title='bbox 203 3562 230 3619; x_wconf 90' lang='grc' dir='ltr'>ἐν</span> <span class='ocrx_word' id='word_1_447' title='bbox 253 3560 380 3642; x_wconf 66' lang='grc' dir='ltr'>ἀλλοτρίας</span> <span class='ocrx_word' id='word_1_448' title='bbox 398 3560 444 3619; x_wconf 88' lang='grc' dir='ltr'>καί</span> <span class='ocrx_word' id='word_1_449' title='bbox 459 3561 588 3642; x_wconf 84' lang='grc' dir='ltr'>βαρύάρῳ</span> <span class='ocrx_word' id='word_1_450' title='bbox 608 3561 700 3644; x_wconf 68' lang='grc' dir='ltr'>χώρας,</span> <span class='ocrx_word' id='word_1_451' title='bbox 720 3567 747 3622; x_wconf 83' lang='grc' dir='ltr'>ἐν</span> <span class='ocrx_word' id='word_1_452' title='bbox 767 3567 834 3645; x_wconf 82' lang='grc' dir='ltr'>αὐτῇ</span> <span class='ocrx_word' id='word_1_453' title='bbox 888 3583 941 3622; x_wconf 93' lang='lat' dir='ltr'>uon</span> <span class='ocrx_word' id='word_1_454' title='bbox 951 3563 1079 3643; x_wconf 87' lang='lat' dir='ltr'>patriam,</span> <span class='ocrx_word' id='word_1_455' title='bbox 1091 3582 1145 3620; x_wconf 92' lang='lat' dir='ltr'>non</span> <span class='ocrx_word' id='word_1_456' title='bbox 1159 3559 1318 3634; x_wconf 88' lang='lat' dir='ltr'>sacerdotcs,</span> <span class='ocrx_word' id='word_1_457' title='bbox 1330 3580 1382 3618; x_wconf 91' lang='lat' dir='ltr'>uon</span> <span class='ocrx_word' id='word_1_458' title='bbox 1401 3558 1548 3641; x_wconf 86' lang='lat' dir='ltr'>propbetas</span> <span class='ocrx_word' id='word_1_459' title='bbox 1557 3558 1607 3619; x_wconf 73' lang='lat' dir='ltr'>ba=</span> 
     </span>
     <span class='ocr_line' id='line_1_35' title="bbox 59 3642 1607 3736; baseline 0.003 -28"><span class='ocrx_word' id='word_1_460' title='bbox 59 3650 110 3728; x_wconf 71' lang='grc' dir='ltr'>μὲν</span> <span class='ocrx_word' id='word_1_461' title='bbox 129 3642 173 3709; x_wconf 86' lang='grc' dir='ltr'>ούν</span> <span class='ocrx_word' id='word_1_462' title='bbox 194 3650 262 3730; x_wconf 81' lang='grc' dir='ltr'>μέση</span> <span class='ocrx_word' id='word_1_463' title='bbox 278 3656 312 3731; x_wconf 78' lang='grc' dir='ltr'>τῇ</span> <span class='ocrx_word' id='word_1_464' title='bbox 331 3651 453 3733; x_wconf 87' lang='grc' dir='ltr'>καμίνῳ,</span> <span class='ocrx_word' id='word_1_465' title='bbox 472 3651 570 3730; x_wconf 78' lang='grc' dir='ltr'>μεταξὺ</span> <span class='ocrx_word' id='word_1_466' title='bbox 589 3657 635 3711; x_wconf 90' lang='grc' dir='ltr'>τοῦ</span> <span class='ocrx_word' id='word_1_467' title='bbox 657 3655 834 3736; x_wconf 77' lang='grc' dir='ltr'>στρατοπέδου</span> <span class='ocrx_word' id='word_1_468' title='bbox 887 3652 991 3725; x_wconf 88' lang='lat' dir='ltr'>bereut,</span> <span class='ocrx_word' id='word_1_469' title='bbox 1008 3653 1037 3712; x_wconf 90' lang='lat' dir='ltr'>in</span> <span class='ocrx_word' id='word_1_470' title='bbox 1057 3652 1144 3712; x_wconf 87' lang='lat' dir='ltr'>aliena</span> <span class='ocrx_word' id='word_1_471' title='bbox 1159 3667 1184 3712; x_wconf 91' lang='lat' dir='ltr'>et</span> <span class='ocrx_word' id='word_1_472' title='bbox 1205 3652 1321 3712; x_wconf 82' lang='lat' dir='ltr'>barbara</span> <span class='ocrx_word' id='word_1_473' title='bbox 1335 3650 1452 3731; x_wconf 78' lang='lat' dir='ltr'>regione,</span> <span class='ocrx_word' id='word_1_474' title='bbox 1466 3651 1494 3710; x_wconf 93' lang='lat' dir='ltr'>in</span> <span class='ocrx_word' id='word_1_475' title='bbox 1516 3651 1607 3712; x_wconf 86' lang='lat' dir='ltr'>medio</span> 
     </span>
     <span class='ocr_line' id='line_1_36' title="bbox 58 3741 1606 3827; baseline 0.003 -27"><span class='ocrx_word' id='word_1_476' title='bbox 58 3743 158 3811; x_wconf 85' lang='grc' dir='ltr'>παντὸς</span> <span class='ocrx_word' id='word_1_477' title='bbox 168 3742 282 3817; x_wconf 81' lang='grc' dir='ltr'>ἐκείνου,</span> <span class='ocrx_word' id='word_1_478' title='bbox 297 3746 377 3803; x_wconf 77' lang='grc' dir='ltr'>αὐτοῦ</span> <span class='ocrx_word' id='word_1_479' title='bbox 393 3749 438 3802; x_wconf 90' lang='grc' dir='ltr'>τοῦ</span> <span class='ocrx_word' id='word_1_480' title='bbox 455 3743 585 3823; x_wconf 80' lang='grc' dir='ltr'>βασιλέως</span> <span class='ocrx_word' id='word_1_481' title='bbox 596 3751 643 3805; x_wconf 84' lang='grc' dir='ltr'>τοῦ</span> <span class='ocrx_word' id='word_1_482' title='bbox 652 3749 736 3804; x_wconf 92' lang='grc' dir='ltr'>ταῦτα</span> <span class='ocrx_word' id='word_1_483' title='bbox 753 3750 832 3827; x_wconf 77' lang='grc' dir='ltr'>ἔργα·</span> <span class='ocrx_word' id='word_1_484' title='bbox 887 3744 998 3824; x_wconf 88' lang='lat' dir='ltr'>camini,</span> <span class='ocrx_word' id='word_1_485' title='bbox 1017 3744 1152 3823; x_wconf 88' lang='lat' dir='ltr'>totiusque</span> <span class='ocrx_word' id='word_1_486' title='bbox 1162 3743 1245 3824; x_wconf 67' lang='lat' dir='ltr'>⁴illius</span> <span class='ocrx_word' id='word_1_487' title='bbox 1258 3742 1404 3820; x_wconf 88' lang='lat' dir='ltr'>exercitus,</span> <span class='ocrx_word' id='word_1_488' title='bbox 1424 3762 1487 3823; x_wconf 90' lang='lat' dir='ltr'>rege</span> <span class='ocrx_word' id='word_1_489' title='bbox 1506 3741 1606 3804; x_wconf 84' lang='lat' dir='ltr'>barum</span> 
     </span>
     <span class='ocr_line' id='line_1_37' title="bbox 59 3833 1606 3917; baseline 0.002 -24"><span class='ocrx_word' id='word_1_490' title='bbox 59 3833 168 3911; x_wconf 81' lang='grc' dir='ltr'>ζομίνου</span> <span class='ocrx_word' id='word_1_491' title='bbox 184 3840 354 3916; x_wconf 81' lang='grc' dir='ltr'>θεωροῦντες,</span> <span class='ocrx_word' id='word_1_492' title='bbox 367 3834 490 3916; x_wconf 72' lang='grc' dir='ltr'>λαμπρὸν</span> <span class='ocrx_word' id='word_1_493' title='bbox 508 3835 686 3908; x_wconf 81' lang='grc' dir='ltr'>ἀνεστήσαντο</span> <span class='ocrx_word' id='word_1_494' title='bbox 698 3837 833 3917; x_wconf 84' lang='grc' dir='ltr'>τρόπαιον,</span> <span class='ocrx_word' id='word_1_495' title='bbox 852 3855 871 3902; x_wconf 75' lang='grc' dir='ltr'><strong>Β</strong></span> <span class='ocrx_word' id='word_1_496' title='bbox 886 3857 977 3895; x_wconf 88' lang='lat' dir='ltr'>rerum</span> <span class='ocrx_word' id='word_1_497' title='bbox 990 3850 1098 3896; x_wconf 87' lang='lat' dir='ltr'>auctore</span> <span class='ocrx_word' id='word_1_498' title='bbox 1108 3848 1256 3916; x_wconf 79' lang='lat' dir='ltr'>spectante,</span> <span class='ocrx_word' id='word_1_499' title='bbox 1270 3834 1444 3915; x_wconf 86' lang='lat' dir='ltr'>splendidum</span> <span class='ocrx_word' id='word_1_500' title='bbox 1456 3847 1606 3896; x_wconf 86' lang='lat' dir='ltr'>statuerunt</span> 
     </span>
     <span class='ocr_line' id='line_1_38' title="bbox 58 3925 1603 4009; baseline 0.001 -24"><span class='ocrx_word' id='word_1_501' title='bbox 58 3926 246 4009; x_wconf 79' lang='grc' dir='ltr'>καίπεριρανῆ</span> <span class='ocrx_word' id='word_1_502' title='bbox 254 3926 329 4000; x_wconf 89' lang='grc' dir='ltr'>νίκην</span> <span class='ocrx_word' id='word_1_503' title='bbox 339 3925 502 4008; x_wconf 56' lang='lat' dir='ltr'>iponem-lu</span> <span class='ocrx_word' id='word_1_504' title='bbox 512 3927 666 4006; x_wconf 76' lang='grc' dir='ltr'>θαυμαστήν</span> <span class='ocrx_word' id='word_1_505' title='bbox 674 3929 776 4001; x_wconf 85' lang='grc' dir='ltr'>ἐκείνην</span> <span class='ocrx_word' id='word_1_506' title='bbox 786 3930 832 3990; x_wconf 87' lang='grc' dir='ltr'>καί</span> <span class='ocrx_word' id='word_1_507' title='bbox 887 3941 1018 4008; x_wconf 75' lang='lat' dir='ltr'>tropaeum</span> <span class='ocrx_word' id='word_1_508' title='bbox 1044 3941 1070 3987; x_wconf 84' lang='lat' dir='ltr'>ct</span> <span class='ocrx_word' id='word_1_509' title='bbox 1095 3927 1229 4007; x_wconf 76' lang='lat' dir='ltr'>insignem</span> <span class='ocrx_word' id='word_1_510' title='bbox 1253 3939 1424 4007; x_wconf 82' lang='lat' dir='ltr'>reportarunt</span> <span class='ocrx_word' id='word_1_511' title='bbox 1449 3926 1603 4004; x_wconf 88' lang='lat' dir='ltr'>victoriam,</span> 
     </span>
     <span class='ocr_line' id='line_1_39' title="bbox 58 4018 1605 4103; baseline 0 -24"><span class='ocrx_word' id='word_1_512' title='bbox 58 4018 206 4099; x_wconf 83' lang='grc' dir='ltr'>παράδοξον</span> <span class='ocrx_word' id='word_1_513' title='bbox 221 4020 330 4100; x_wconf 73' lang='grc' dir='ltr'>ᾄσαντες</span> <span class='ocrx_word' id='word_1_514' title='bbox 345 4019 426 4102; x_wconf 77' lang='grc' dir='ltr'>ᾠδήν,</span> <span class='ocrx_word' id='word_1_515' title='bbox 440 4020 489 4095; x_wconf 80' lang='grc' dir='ltr'>τήν</span> <span class='ocrx_word' id='word_1_516' title='bbox 508 4019 553 4079; x_wconf 85' lang='grc' dir='ltr'>καί</span> <span class='ocrx_word' id='word_1_517' title='bbox 572 4020 653 4103; x_wconf 82' lang='grc' dir='ltr'>μέχρι</span> <span class='ocrx_word' id='word_1_518' title='bbox 674 4028 719 4082; x_wconf 92' lang='grc' dir='ltr'>τοῦ</span> <span class='ocrx_word' id='word_1_519' title='bbox 741 4030 785 4084; x_wconf 91' lang='grc' dir='ltr'>νῦν</span> <span class='ocrx_word' id='word_1_520' title='bbox 805 4024 832 4094; x_wconf 82' lang='grc' dir='ltr'>ἐξ</span> <span class='ocrx_word' id='word_1_521' title='bbox 886 4019 1042 4079; x_wconf 87' lang='lat' dir='ltr'>admirabili</span> <span class='ocrx_word' id='word_1_522' title='bbox 1063 4020 1111 4079; x_wconf 89' lang='lat' dir='ltr'>illa</span> <span class='ocrx_word' id='word_1_523' title='bbox 1123 4033 1149 4079; x_wconf 87' lang='lat' dir='ltr'>et</span> <span class='ocrx_word' id='word_1_524' title='bbox 1164 4020 1301 4101; x_wconf 90' lang='lat' dir='ltr'>inopinata</span> <span class='ocrx_word' id='word_1_525' title='bbox 1314 4018 1436 4079; x_wconf 89' lang='lat' dir='ltr'>cautione</span> <span class='ocrx_word' id='word_1_526' title='bbox 1450 4019 1605 4094; x_wconf 86' lang='lat' dir='ltr'>decantata,</span> 
     </span>
     <span class='ocr_line' id='line_1_40' title="bbox 58 4109 1605 4196; baseline 0.001 -26"><span class='ocrx_word' id='word_1_527' title='bbox 58 4109 159 4170; x_wconf 84' lang='grc' dir='ltr'>ἐκείνου</span> <span class='ocrx_word' id='word_1_528' title='bbox 170 4116 307 4192; x_wconf 85' lang='grc' dir='ltr'>πανταχοῦ</span> <span class='ocrx_word' id='word_1_529' title='bbox 317 4117 364 4185; x_wconf 71' lang='grc' dir='ltr'>τῆς</span> <span class='ocrx_word' id='word_1_530' title='bbox 374 4111 529 4191; x_wconf 78' lang='grc' dir='ltr'>οἰκουμένης</span> <span class='ocrx_word' id='word_1_531' title='bbox 540 4111 681 4194; x_wconf 74' lang='grc' dir='ltr'>ᾀδομένην,</span> <span class='ocrx_word' id='word_1_532' title='bbox 693 4114 738 4173; x_wconf 86' lang='grc' dir='ltr'>καί</span> <span class='ocrx_word' id='word_1_533' title='bbox 749 4119 832 4196; x_wconf 72' lang='grc' dir='ltr'>οἰσθη-</span> <span class='ocrx_word' id='word_1_534' title='bbox 885 4133 945 4191; x_wconf 83' lang='lat' dir='ltr'>quae</span> <span class='ocrx_word' id='word_1_535' title='bbox 953 4134 987 4172; x_wconf 83' lang='lat' dir='ltr'>ex</span> <span class='ocrx_word' id='word_1_536' title='bbox 998 4112 1045 4171; x_wconf 93' lang='lat' dir='ltr'>illo</span> <span class='ocrx_word' id='word_1_537' title='bbox 1057 4112 1207 4172; x_wconf 85' lang='lat' dir='ltr'>etiamnum</span> <span class='ocrx_word' id='word_1_538' title='bbox 1215 4112 1317 4191; x_wconf 91' lang='lat' dir='ltr'>ubique</span> <span class='ocrx_word' id='word_1_539' title='bbox 1328 4125 1462 4171; x_wconf 86' lang='lat' dir='ltr'>terrarum</span> <span class='ocrx_word' id='word_1_540' title='bbox 1473 4125 1605 4185; x_wconf 85' lang='lat' dir='ltr'>cantatur,</span> 
     </span>
     <span class='ocr_line' id='line_1_41' title="bbox 58 4199 1604 4285; baseline -0.001 -22"><span class='ocrx_word' id='word_1_541' title='bbox 58 4203 172 4280; x_wconf 85' lang='grc' dir='ltr'>σομίνην</span> <span class='ocrx_word' id='word_1_542' title='bbox 187 4203 214 4264; x_wconf 81' lang='grc' dir='ltr'>δέ</span> <span class='ocrx_word' id='word_1_543' title='bbox 226 4203 272 4263; x_wconf 86' lang='grc' dir='ltr'>καί</span> <span class='ocrx_word' id='word_1_544' title='bbox 285 4203 322 4271; x_wconf 89' lang='grc' dir='ltr'>εἰς</span> <span class='ocrx_word' id='word_1_545' title='bbox 332 4203 379 4272; x_wconf 80' lang='grc' dir='ltr'>τὰς</span> <span class='ocrx_word' id='word_1_546' title='bbox 393 4204 461 4283; x_wconf 76' lang='grc' dir='ltr'>μετὰ</span> <span class='ocrx_word' id='word_1_547' title='bbox 473 4210 558 4263; x_wconf 90' lang='grc' dir='ltr'>ταῦτα</span> <span class='ocrx_word' id='word_1_548' title='bbox 568 4203 666 4285; x_wconf 89' lang='grc' dir='ltr'>γενεάς.</span> <span class='ocrx_word' id='word_1_549' title='bbox 682 4205 775 4274; x_wconf 88' lang='grc' dir='ltr'>Ούτως</span> <span class='ocrx_word' id='word_1_550' title='bbox 787 4199 830 4266; x_wconf 84' lang='grc' dir='ltr'>ούν</span> <span class='ocrx_word' id='word_1_551' title='bbox 886 4217 912 4264; x_wconf 85' lang='grc' dir='ltr'>εἰ</span> <span class='ocrx_word' id='word_1_552' title='bbox 927 4205 1079 4264; x_wconf 82' lang='lat' dir='ltr'>cantabitur</span> <span class='ocrx_word' id='word_1_553' title='bbox 1093 4204 1175 4264; x_wconf 89' lang='lat' dir='ltr'>etiam</span> <span class='ocrx_word' id='word_1_554' title='bbox 1189 4204 1218 4263; x_wconf 91' lang='lat' dir='ltr'>in</span> <span class='ocrx_word' id='word_1_555' title='bbox 1232 4219 1337 4285; x_wconf 90' lang='lat' dir='ltr'>postera</span> <span class='ocrx_word' id='word_1_556' title='bbox 1356 4202 1466 4262; x_wconf 79' lang='lat' dir='ltr'>saecula.</span> <span class='ocrx_word' id='word_1_557' title='bbox 1481 4203 1528 4264; x_wconf 92' lang='lat' dir='ltr'>Sic</span> <span class='ocrx_word' id='word_1_558' title='bbox 1540 4224 1604 4283; x_wconf 89' lang='lat' dir='ltr'>ergo</span> 
     </span>
     <span class='ocr_line' id='line_1_42' title="bbox 57 4293 1603 4378; baseline -0.002 -24"><span class='ocrx_word' id='word_1_559' title='bbox 57 4295 122 4354; x_wconf 80' lang='grc' dir='ltr'>ὅταν</span> <span class='ocrx_word' id='word_1_560' title='bbox 132 4294 224 4374; x_wconf 78' lang='grc' dir='ltr'>μηδείς</span> <span class='ocrx_word' id='word_1_561' title='bbox 234 4294 325 4356; x_wconf 73' lang='grc' dir='ltr'>ἑαυτὸν</span> <span class='ocrx_word' id='word_1_562' title='bbox 337 4297 426 4376; x_wconf 84' lang='grc' dir='ltr'>ἀδικῇ,</span> <span class='ocrx_word' id='word_1_563' title='bbox 436 4296 509 4356; x_wconf 73' lang='grc' dir='ltr'>οὐδὲν</span> <span class='ocrx_word' id='word_1_564' title='bbox 520 4300 583 4376; x_wconf 85' lang='grc' dir='ltr'>παρ’</span> <span class='ocrx_word' id='word_1_565' title='bbox 597 4296 687 4377; x_wconf 82' lang='grc' dir='ltr'>ἑτέρου</span> <span class='ocrx_word' id='word_1_566' title='bbox 700 4298 832 4376; x_wconf 82' lang='grc' dir='ltr'>βλαάῆναι</span> <span class='ocrx_word' id='word_1_567' title='bbox 885 4298 908 4357; x_wconf 89' lang='lat' dir='ltr'>si</span> <span class='ocrx_word' id='word_1_568' title='bbox 920 4318 998 4357; x_wconf 87' lang='lat' dir='ltr'>nemo</span> <span class='ocrx_word' id='word_1_569' title='bbox 1008 4297 1126 4378; x_wconf 88' lang='lat' dir='ltr'>seipsum</span> <span class='ocrx_word' id='word_1_570' title='bbox 1138 4296 1227 4368; x_wconf 82' lang='lat' dir='ltr'>laedat,</span> <span class='ocrx_word' id='word_1_571' title='bbox 1239 4297 1274 4355; x_wconf 85' lang='lat' dir='ltr'>ab</span> <span class='ocrx_word' id='word_1_572' title='bbox 1286 4297 1339 4354; x_wconf 86' lang='lat' dir='ltr'>alio</span> <span class='ocrx_word' id='word_1_573' title='bbox 1350 4295 1414 4354; x_wconf 77' lang='lat' dir='ltr'>lndi</span> <span class='ocrx_word' id='word_1_574' title='bbox 1425 4315 1477 4353; x_wconf 92' lang='lat' dir='ltr'>nou</span> <span class='ocrx_word' id='word_1_575' title='bbox 1488 4293 1603 4375; x_wconf 88' lang='lat' dir='ltr'>poterit:</span> 
     </span>
     <span class='ocr_line' id='line_1_43' title="bbox 56 4384 1604 4470; baseline -0.001 -24"><span class='ocrx_word' id='word_1_576' title='bbox 56 4386 208 4458; x_wconf 86' lang='grc' dir='ltr'>δυνήσεται·</span> <span class='ocrx_word' id='word_1_577' title='bbox 218 4388 248 4445; x_wconf 85' lang='grc' dir='ltr'>οὐ</span> <span class='ocrx_word' id='word_1_578' title='bbox 259 4385 310 4468; x_wconf 84' lang='grc' dir='ltr'>γίιρ</span> <span class='ocrx_word' id='word_1_579' title='bbox 319 4387 456 4465; x_wconf 81' lang='grc' dir='ltr'>παύσομαι</span> <span class='ocrx_word' id='word_1_580' title='bbox 469 4393 584 4468; x_wconf 75' lang='grc' dir='ltr'>συνεχῶς</span> <span class='ocrx_word' id='word_1_581' title='bbox 594 4393 672 4448; x_wconf 89' lang='grc' dir='ltr'>τοῦτο</span> <span class='ocrx_word' id='word_1_582' title='bbox 684 4390 787 4470; x_wconf 74' lang='grc' dir='ltr'>ἐπήδων</span> <span class='ocrx_word' id='word_1_583' title='bbox 801 4390 832 4450; x_wconf 91' lang='grc' dir='ltr'>τδ</span> <span class='ocrx_word' id='word_1_584' title='bbox 884 4410 937 4448; x_wconf 92' lang='lat' dir='ltr'>nou</span> <span class='ocrx_word' id='word_1_585' title='bbox 950 4389 1022 4448; x_wconf 89' lang='lat' dir='ltr'>enim</span> <span class='ocrx_word' id='word_1_586' title='bbox 1034 4387 1143 4448; x_wconf 88' lang='lat' dir='ltr'>cessabo</span> <span class='ocrx_word' id='word_1_587' title='bbox 1153 4388 1204 4446; x_wconf 91' lang='lat' dir='ltr'>boc</span> <span class='ocrx_word' id='word_1_588' title='bbox 1212 4387 1316 4446; x_wconf 87' lang='lat' dir='ltr'>dictum</span> <span class='ocrx_word' id='word_1_589' title='bbox 1327 4387 1495 4445; x_wconf 88' lang='lat' dir='ltr'>continenter</span> <span class='ocrx_word' id='word_1_590' title='bbox 1505 4384 1604 4445; x_wconf 89' lang='lat' dir='ltr'>decan·</span> 
     </span>
     <span class='ocr_line' id='line_1_44' title="bbox 57 4476 1603 4561; baseline 0.002 -27"><span class='ocrx_word' id='word_1_591' title='bbox 57 4481 142 4558; x_wconf 80' lang='grc' dir='ltr'>ρῆμα.</span> <span class='ocrx_word' id='word_1_592' title='bbox 160 4479 195 4537; x_wconf 85' lang='grc' dir='ltr'>Εἰ</span> <span class='ocrx_word' id='word_1_593' title='bbox 205 4477 256 4559; x_wconf 74' lang='grc' dir='ltr'>γὰρ</span> <span class='ocrx_word' id='word_1_594' title='bbox 266 4478 449 4558; x_wconf 80' lang='grc' dir='ltr'>αἰχμαλωσία,</span> <span class='ocrx_word' id='word_1_595' title='bbox 464 4480 510 4541; x_wconf 88' lang='grc' dir='ltr'>καί</span> <span class='ocrx_word' id='word_1_596' title='bbox 520 4479 634 4553; x_wconf 88' lang='grc' dir='ltr'>δουλεία,</span> <span class='ocrx_word' id='word_1_597' title='bbox 646 4480 691 4539; x_wconf 89' lang='grc' dir='ltr'>καί</span> <span class='ocrx_word' id='word_1_598' title='bbox 707 4483 830 4560; x_wconf 85' lang='grc' dir='ltr'>μόνωσις,</span> <span class='ocrx_word' id='word_1_599' title='bbox 885 4494 950 4540; x_wconf 89' lang='lat' dir='ltr'>tare.</span> <span class='ocrx_word' id='word_1_600' title='bbox 963 4480 1060 4540; x_wconf 90' lang='lat' dir='ltr'>Namsi</span> <span class='ocrx_word' id='word_1_601' title='bbox 1070 4480 1224 4561; x_wconf 86' lang='lat' dir='ltr'>eaptivitas,</span> <span class='ocrx_word' id='word_1_602' title='bbox 1235 4478 1362 4553; x_wconf 85' lang='lat' dir='ltr'>servitus,</span> <span class='ocrx_word' id='word_1_603' title='bbox 1373 4476 1501 4553; x_wconf 88' lang='lat' dir='ltr'>solitudo,</span> <span class='ocrx_word' id='word_1_604' title='bbox 1509 4477 1603 4560; x_wconf 71' lang='lat' dir='ltr'>patriae</span> 
     </span>
     <span class='ocr_line' id='line_1_45' title="bbox 57 4568 1603 4657; baseline 0.001 -30"><span class='ocrx_word' id='word_1_605' title='bbox 57 4569 105 4628; x_wconf 86' lang='grc' dir='ltr'>καί</span> <span class='ocrx_word' id='word_1_606' title='bbox 117 4568 242 4651; x_wconf 87' lang='grc' dir='ltr'>πατρίδος</span> <span class='ocrx_word' id='word_1_607' title='bbox 256 4570 374 4644; x_wconf 82' lang='grc' dir='ltr'>ἀπούολὴ</span> <span class='ocrx_word' id='word_1_608' title='bbox 388 4572 435 4632; x_wconf 81' lang='grc' dir='ltr'>καὶ</span> <span class='ocrx_word' id='word_1_609' title='bbox 450 4576 503 4632; x_wconf 93' lang='grc' dir='ltr'>τῶν</span> <span class='ocrx_word' id='word_1_610' title='bbox 523 4573 625 4633; x_wconf 81' lang='grc' dir='ltr'>οἰκείων</span> <span class='ocrx_word' id='word_1_611' title='bbox 639 4572 773 4649; x_wconf 82' lang='grc' dir='ltr'>ἁπάντων,</span> <span class='ocrx_word' id='word_1_612' title='bbox 787 4574 832 4634; x_wconf 89' lang='grc' dir='ltr'>καί</span> <span class='ocrx_word' id='word_1_613' title='bbox 841 4615 877 4657; x_wconf 51' lang='grc' dir='ltr'>γρ,</span> <span class='ocrx_word' id='word_1_614' title='bbox 884 4570 1004 4649; x_wconf 87' lang='lat' dir='ltr'>amissio,</span> <span class='ocrx_word' id='word_1_615' title='bbox 1015 4585 1041 4630; x_wconf 91' lang='lat' dir='ltr'>et</span> <span class='ocrx_word' id='word_1_616' title='bbox 1049 4572 1171 4630; x_wconf 89' lang='lat' dir='ltr'>omnium</span> <span class='ocrx_word' id='word_1_617' title='bbox 1185 4584 1375 4657; x_wconf 84' lang='lat' dir='ltr'>cognatorum,</span> <span class='ocrx_word' id='word_1_618' title='bbox 1384 4590 1466 4646; x_wconf 82' lang='lat' dir='ltr'>mors,</span> <span class='ocrx_word' id='word_1_619' title='bbox 1480 4569 1603 4629; x_wconf 92' lang='lat' dir='ltr'>incendi-</span> 
     </span>
     <span class='ocr_line' id='line_1_46' title="bbox 56 4659 1603 4745; baseline -0.006 -16"><span class='ocrx_word' id='word_1_620' title='bbox 56 4661 182 4735; x_wconf 71' lang='grc' dir='ltr'>θάνατος,</span> <span class='ocrx_word' id='word_1_621' title='bbox 195 4663 240 4721; x_wconf 89' lang='grc' dir='ltr'>καί</span> <span class='ocrx_word' id='word_1_622' title='bbox 256 4663 430 4743; x_wconf 82' lang='grc' dir='ltr'>ἐμπρησμὸς,</span> <span class='ocrx_word' id='word_1_623' title='bbox 446 4665 492 4724; x_wconf 88' lang='grc' dir='ltr'>καί</span> <span class='ocrx_word' id='word_1_624' title='bbox 508 4665 683 4745; x_wconf 87' lang='grc' dir='ltr'>στρατόπεδον</span> <span class='ocrx_word' id='word_1_625' title='bbox 698 4670 831 4742; x_wconf 86' lang='grc' dir='ltr'>τοσοῦτον,</span> <span class='ocrx_word' id='word_1_626' title='bbox 849 4671 869 4717; x_wconf 78' lang='grc' dir='ltr'>Α</span> <span class='ocrx_word' id='word_1_627' title='bbox 886 4687 941 4740; x_wconf 90' lang='lat' dir='ltr'>um,</span> <span class='ocrx_word' id='word_1_628' title='bbox 952 4677 1041 4722; x_wconf 92' lang='lat' dir='ltr'>tantus</span> <span class='ocrx_word' id='word_1_629' title='bbox 1049 4661 1192 4737; x_wconf 81' lang='lat' dir='ltr'>exercitus,</span> <span class='ocrx_word' id='word_1_630' title='bbox 1204 4675 1335 4742; x_wconf 86' lang='lat' dir='ltr'>tyrannus</span> <span class='ocrx_word' id='word_1_631' title='bbox 1347 4674 1402 4719; x_wconf 88' lang='lat' dir='ltr'>tam</span> <span class='ocrx_word' id='word_1_632' title='bbox 1412 4659 1540 4738; x_wconf 86' lang='lat' dir='ltr'>crudelis,</span> <span class='ocrx_word' id='word_1_633' title='bbox 1550 4681 1603 4720; x_wconf 92' lang='lat' dir='ltr'>non</span> 
     </span>
     <span class='ocr_line' id='line_1_47' title="bbox 56 4752 1604 4839; baseline 0 -26"><span class='ocrx_word' id='word_1_634' title='bbox 56 4753 103 4813; x_wconf 89' lang='grc' dir='ltr'>καί</span> <span class='ocrx_word' id='word_1_635' title='bbox 121 4754 245 4833; x_wconf 88' lang='grc' dir='ltr'>τύραννος</span> <span class='ocrx_word' id='word_1_636' title='bbox 261 4753 341 4822; x_wconf 74' lang='grc' dir='ltr'>οὕτως</span> <span class='ocrx_word' id='word_1_637' title='bbox 359 4756 431 4832; x_wconf 83' lang='grc' dir='ltr'>ὠμὸς</span> <span class='ocrx_word' id='word_1_638' title='bbox 438 4798 450 4836; x_wconf 16' lang='grc' dir='ltr'>,Α</span> <span class='ocrx_word' id='word_1_639' title='bbox 460 4758 509 4815; x_wconf 88' lang='grc' dir='ltr'>οὐκ</span> <span class='ocrx_word' id='word_1_640' title='bbox 526 4755 639 4837; x_wconf 78' lang='grc' dir='ltr'>ἴσχυσαν</span> <span class='ocrx_word' id='word_1_641' title='bbox 656 4760 753 4825; x_wconf 87' lang='grc' dir='ltr'>παῖδας</span> <span class='ocrx_word' id='word_1_642' title='bbox 763 4768 833 4839; x_wconf 86' lang='grc' dir='ltr'>τρεῖς</span> <span class='ocrx_word' id='word_1_643' title='bbox 884 4759 1028 4817; x_wconf 87' lang='lat' dir='ltr'>valuerunt</span> <span class='ocrx_word' id='word_1_644' title='bbox 1039 4755 1128 4814; x_wconf 90' lang='lat' dir='ltr'>tribus</span> <span class='ocrx_word' id='word_1_645' title='bbox 1138 4753 1405 4834; x_wconf 84' lang='lat' dir='ltr'>pueris,juvenibus,</span> <span class='ocrx_word' id='word_1_646' title='bbox 1415 4752 1539 4833; x_wconf 87' lang='lat' dir='ltr'>captivis,</span> <span class='ocrx_word' id='word_1_647' title='bbox 1548 4774 1604 4813; x_wconf 87' lang='lat' dir='ltr'>scr·</span> 
     </span>
     <span class='ocr_line' id='line_1_48' title="bbox 56 4844 1603 4932; baseline 0.001 -28"><span class='ocrx_word' id='word_1_648' title='bbox 56 4844 360 4926; x_wconf 73' lang='grc' dir='ltr'>νίους,αἰγμαλώτους,</span> <span class='ocrx_word' id='word_1_649' title='bbox 377 4846 499 4921; x_wconf 87' lang='grc' dir='ltr'>δούλους,</span> <span class='ocrx_word' id='word_1_650' title='bbox 516 4846 619 4918; x_wconf 75' lang='grc' dir='ltr'>ξένους,</span> <span class='ocrx_word' id='word_1_651' title='bbox 637 4852 678 4909; x_wconf 87' lang='grc' dir='ltr'>ἐπ’</span> <span class='ocrx_word' id='word_1_652' title='bbox 691 4849 831 4932; x_wconf 89' lang='grc' dir='ltr'>ἀλλοτρίας</span> <span class='ocrx_word' id='word_1_653' title='bbox 884 4850 939 4926; x_wconf 87' lang='lat' dir='ltr'>vis,</span> <span class='ocrx_word' id='word_1_654' title='bbox 964 4846 1124 4930; x_wconf 83' lang='lat' dir='ltr'>peregrinis,</span> <span class='ocrx_word' id='word_1_655' title='bbox 1145 4848 1174 4903; x_wconf 88' lang='lat' dir='ltr'>in</span> <span class='ocrx_word' id='word_1_656' title='bbox 1193 4845 1280 4904; x_wconf 89' lang='lat' dir='ltr'>aliena</span> <span class='ocrx_word' id='word_1_657' title='bbox 1300 4845 1409 4924; x_wconf 89' lang='lat' dir='ltr'>regione</span> <span class='ocrx_word' id='word_1_658' title='bbox 1430 4845 1603 4907; x_wconf 82' lang='lat' dir='ltr'>versantibus</span> 
     </span>
     <span class='ocr_line' id='line_1_49' title="bbox 56 4935 1602 5022; baseline 0.002 -26"><span class='ocrx_word' id='word_1_659' title='bbox 56 4937 134 5004; x_wconf 78' lang='grc' dir='ltr'>ὄντας</span> <span class='ocrx_word' id='word_1_660' title='bbox 147 4935 317 5015; x_wconf 89' lang='grc' dir='ltr'>λυμήνασθαί</span> <span class='ocrx_word' id='word_1_661' title='bbox 335 4960 362 4995; x_wconf 90' lang='grc' dir='ltr'>τι</span> <span class='ocrx_word' id='word_1_662' title='bbox 378 4937 414 5005; x_wconf 91' lang='grc' dir='ltr'>εἰς</span> <span class='ocrx_word' id='word_1_663' title='bbox 433 4938 480 5010; x_wconf 78' lang='grc' dir='ltr'>τήν</span> <span class='ocrx_word' id='word_1_664' title='bbox 501 4937 599 4999; x_wconf 90' lang='grc' dir='ltr'>οἰκείαν</span> <span class='ocrx_word' id='word_1_665' title='bbox 614 4943 700 4999; x_wconf 86' lang='grc' dir='ltr'>αὐτῶν</span> <span class='ocrx_word' id='word_1_666' title='bbox 723 4939 830 5022; x_wconf 78' lang='grc' dir='ltr'>ἀρενήν,</span> <span class='ocrx_word' id='word_1_667' title='bbox 884 4940 1034 5020; x_wconf 89' lang='lat' dir='ltr'>quidquam</span> <span class='ocrx_word' id='word_1_668' title='bbox 1045 4942 1140 4998; x_wconf 82' lang='lat' dir='ltr'>nocere</span> <span class='ocrx_word' id='word_1_669' title='bbox 1149 4937 1238 5018; x_wconf 84' lang='lat' dir='ltr'>quoad</span> <span class='ocrx_word' id='word_1_670' title='bbox 1249 4959 1326 4997; x_wconf 86' lang='lat' dir='ltr'>suam</span> <span class='ocrx_word' id='word_1_671' title='bbox 1336 4937 1476 5014; x_wconf 86' lang='lat' dir='ltr'>virtutem,</span> <span class='ocrx_word' id='word_1_672' title='bbox 1485 4938 1532 4999; x_wconf 87' lang='lat' dir='ltr'>sed</span> <span class='ocrx_word' id='word_1_673' title='bbox 1545 4960 1602 4998; x_wconf 88' lang='lat' dir='ltr'>ma-</span> 
     </span>
     <span class='ocr_line' id='line_1_50' title="bbox 56 5027 1602 5115; baseline 0.002 -27"><span class='ocrx_word' id='word_1_674' title='bbox 56 5027 126 5088; x_wconf 85' lang='grc' dir='ltr'>ἀλλίι</span> <span class='ocrx_word' id='word_1_675' title='bbox 142 5030 188 5088; x_wconf 84' lang='grc' dir='ltr'>καί</span> <span class='ocrx_word' id='word_1_676' title='bbox 202 5028 319 5106; x_wconf 86' lang='grc' dir='ltr'>μείζονος</span> <span class='ocrx_word' id='word_1_677' title='bbox 331 5033 417 5098; x_wconf 89' lang='grc' dir='ltr'>αὐτοῖς</span> <span class='ocrx_word' id='word_1_678' title='bbox 428 5031 577 5111; x_wconf 73' lang='grc' dir='ltr'>παρρησίας</span> <span class='ocrx_word' id='word_1_679' title='bbox 590 5035 679 5113; x_wconf 87' lang='grc' dir='ltr'>γε’γονε</span> <span class='ocrx_word' id='word_1_680' title='bbox 701 5034 832 5115; x_wconf 78' lang='grc' dir='ltr'>πρόφασις</span> <span class='ocrx_word' id='word_1_681' title='bbox 881 5035 950 5115; x_wconf 85' lang='lat' dir='ltr'>joris</span> <span class='ocrx_word' id='word_1_682' title='bbox 969 5033 1050 5092; x_wconf 88' lang='lat' dir='ltr'>ctiam</span> <span class='ocrx_word' id='word_1_683' title='bbox 1069 5031 1198 5110; x_wconf 92' lang='lat' dir='ltr'>loquendi</span> <span class='ocrx_word' id='word_1_684' title='bbox 1217 5029 1352 5090; x_wconf 85' lang='lat' dir='ltr'>libertatis</span> <span class='ocrx_word' id='word_1_685' title='bbox 1367 5030 1471 5093; x_wconf 80' lang='lat' dir='ltr'>occasio</span> <span class='ocrx_word' id='word_1_686' title='bbox 1494 5032 1602 5092; x_wconf 84' lang='lat' dir='ltr'>luerunt</span> 
     </span>
     <span class='ocr_line' id='line_1_51' title="bbox 56 5120 1601 5205; baseline 0.003 -28"><span class='ocrx_word' id='word_1_687' title='bbox 56 5125 73 5190; x_wconf 78' lang='grc' dir='ltr'>ἡ</span> <span class='ocrx_word' id='word_1_688' title='bbox 89 5121 231 5192; x_wconf 78' lang='grc' dir='ltr'>ἰπιῦουλή·</span> <span class='ocrx_word' id='word_1_689' title='bbox 250 5120 277 5179; x_wconf 90' lang='grc' dir='ltr'>τί</span> <span class='ocrx_word' id='word_1_690' title='bbox 293 5121 339 5180; x_wconf 75' lang='grc' dir='ltr'>τὸν</span> <span class='ocrx_word' id='word_1_691' title='bbox 353 5121 468 5202; x_wconf 74' lang='grc' dir='ltr'>νήφοντα</span> <span class='ocrx_word' id='word_1_692' title='bbox 483 5123 661 5205; x_wconf 77' lang='grc' dir='ltr'>παραύλάψαι</span> <span class='ocrx_word' id='word_1_693' title='bbox 675 5125 830 5199; x_wconf 85' lang='grc' dir='ltr'>δυνήσεται;</span> <span class='ocrx_word' id='word_1_694' title='bbox 884 5126 936 5184; x_wconf 77' lang='lat' dir='ltr'>iltae</span> <span class='ocrx_word' id='word_1_695' title='bbox 951 5123 1073 5184; x_wconf 78' lang='lat' dir='ltr'>insidiae:</span> <span class='ocrx_word' id='word_1_696' title='bbox 1087 5122 1155 5201; x_wconf 89' lang='lat' dir='ltr'>quid</span> <span class='ocrx_word' id='word_1_697' title='bbox 1169 5122 1290 5182; x_wconf 87' lang='lat' dir='ltr'>sobrium</span> <span class='ocrx_word' id='word_1_698' title='bbox 1301 5121 1399 5180; x_wconf 65' lang='lat' dir='ltr'>laedere</span> <span class='ocrx_word' id='word_1_699' title='bbox 1408 5122 1527 5202; x_wconf 79' lang='lat' dir='ltr'>poterit?</span> <span class='ocrx_word' id='word_1_700' title='bbox 1541 5125 1601 5182; x_wconf 84' lang='lat' dir='ltr'>Non</span> 
     </span>
     <span class='ocr_line' id='line_1_52' title="bbox 56 5208 1600 5297; baseline 0.003 -27"><span class='ocrx_word' id='word_1_701' title='bbox 56 5214 115 5270; x_wconf 82' lang='grc' dir='ltr'>Οὐκ</span> <span class='ocrx_word' id='word_1_702' title='bbox 128 5208 199 5270; x_wconf 84' lang='grc' dir='ltr'>ἐστιν</span> <span class='ocrx_word' id='word_1_703' title='bbox 213 5211 296 5284; x_wconf 82' lang='grc' dir='ltr'>οὐδὲν,</span> <span class='ocrx_word' id='word_1_704' title='bbox 312 5212 362 5272; x_wconf 85' lang='grc' dir='ltr'>κάν</span> <span class='ocrx_word' id='word_1_705' title='bbox 375 5223 462 5273; x_wconf 81' lang='grc' dir='ltr'>πᾶσαν</span> <span class='ocrx_word' id='word_1_706' title='bbox 481 5213 531 5285; x_wconf 85' lang='grc' dir='ltr'>τήν</span> <span class='ocrx_word' id='word_1_707' title='bbox 546 5215 706 5293; x_wconf 81' lang='grc' dir='ltr'>οἰκουμένην</span> <span class='ocrx_word' id='word_1_708' title='bbox 719 5215 768 5297; x_wconf 77' lang='grc' dir='ltr'>ἔχῃ</span> <span class='ocrx_word' id='word_1_709' title='bbox 781 5241 833 5278; x_wconf 82' lang='grc' dir='ltr'>πο·</span> <span class='ocrx_word' id='word_1_710' title='bbox 884 5231 922 5276; x_wconf 90' lang='lat' dir='ltr'>cst</span> <span class='ocrx_word' id='word_1_711' title='bbox 936 5216 1098 5296; x_wconf 89' lang='lat' dir='ltr'>quidquam,</span> <span class='ocrx_word' id='word_1_712' title='bbox 1118 5215 1168 5274; x_wconf 92' lang='lat' dir='ltr'>etsi</span> <span class='ocrx_word' id='word_1_713' title='bbox 1193 5227 1279 5274; x_wconf 87' lang='lat' dir='ltr'>totum</span> <span class='ocrx_word' id='word_1_714' title='bbox 1300 5213 1394 5274; x_wconf 89' lang='lat' dir='ltr'>orbem</span> <span class='ocrx_word' id='word_1_715' title='bbox 1415 5213 1600 5275; x_wconf 81' lang='lat' dir='ltr'>adversarium</span> 
     </span>
     <span class='ocr_line' id='line_1_53' title="bbox 55 5304 1600 5390; baseline 0.004 -28"><span class='ocrx_word' id='word_1_716' title='bbox 55 5306 188 5380; x_wconf 89' lang='grc' dir='ltr'>λεμοῦσαν</span> <span class='ocrx_word' id='word_1_717' title='bbox 211 5307 293 5386; x_wconf 82' lang='grc' dir='ltr'>αὐτῷ.</span> <span class='ocrx_word' id='word_1_718' title='bbox 315 5305 409 5365; x_wconf 71' lang='lat' dir='ltr'>‘lo&#39;o</span> <span class='ocrx_word' id='word_1_719' title='bbox 422 5305 491 5374; x_wconf 80' lang='grc' dir='ltr'>Θεὸς</span> <span class='ocrx_word' id='word_1_720' title='bbox 511 5305 587 5385; x_wconf 84' lang='grc' dir='ltr'>τύτε,</span> <span class='ocrx_word' id='word_1_721' title='bbox 609 5309 692 5389; x_wconf 87' lang='grc' dir='ltr'>ρησί,</span> <span class='ocrx_word' id='word_1_722' title='bbox 712 5310 831 5390; x_wconf 86' lang='grc' dir='ltr'>παρίστη</span> <span class='ocrx_word' id='word_1_723' title='bbox 885 5309 1006 5370; x_wconf 86' lang='lat' dir='ltr'>haberet.</span> <span class='ocrx_word' id='word_1_724' title='bbox 1021 5311 1056 5368; x_wconf 82' lang='lat' dir='ltr'>lt</span> <span class='ocrx_word' id='word_1_725' title='bbox 1064 5311 1138 5368; x_wconf 91' lang='lat' dir='ltr'>Deus</span> <span class='ocrx_word' id='word_1_726' title='bbox 1148 5320 1216 5385; x_wconf 88' lang='lat' dir='ltr'>tum,</span> <span class='ocrx_word' id='word_1_727' title='bbox 1224 5306 1324 5385; x_wconf 92' lang='lat' dir='ltr'>inquit,</span> <span class='ocrx_word' id='word_1_728' title='bbox 1335 5305 1374 5367; x_wconf 90' lang='lat' dir='ltr'>cis</span> <span class='ocrx_word' id='word_1_729' title='bbox 1383 5304 1496 5387; x_wconf 84' lang='lat' dir='ltr'>adstitit,</span> <span class='ocrx_word' id='word_1_730' title='bbox 1504 5327 1600 5386; x_wconf 83' lang='lat' dir='ltr'>cosque</span> 
     </span>
    </p>
   </div>
   <div class='ocr_carea' id='block_1_3' title="bbox 0 0 1886 5992">
    <p class='ocr_par' dir='ltr' id='par_1_3' title="bbox 0 0 1886 5992">
     <span class='ocr_line' id='line_1_54' title="bbox 0 0 1886 5992; baseline 0 2"><span class='ocrx_word' id='word_1_731' title='bbox 0 0 1886 5992; x_wconf 95' lang='lat' dir='ltr'> </span> 
     </span>
    </p>
   </div>
  </div>
 </body>
</html>
