3764 5992
844 533 1024 596 errsrote.
1634 521 1703 615 7θὸ

347 765 395 836 οη’.
421 766 554 845 Ῥωμανῷ
566 766 745 847 πρεσδυτέρῳ.
953 771 971 817 Β
1087 767 1259 825 LXXVIII.
1274 767 1407 825 Romano
1419 769 1600 847 presbytero.

206 952 265 1010 Ὀὐ
281 949 361 1030 μέχρι
373 956 421 1023 τῆς
434 951 572 1030 Ἀρμενίας
587 950 674 1030 μόνον,
685 950 744 1010 οὐδὲ
756 953 803 1021 τῆς
814 953 933 1010 Karrea·
1028 951 1088 1009 Non
1102 950 1130 1010 iu
1142 951 1294 1011 Armeniam
1306 950 1450 1013 dumtaxat
1459 967 1485 1013 et
1496 953 1703 1036 Cappadociam,
1711 960 1798 1005 eurum
1816 977 1856 1005 an·

164 1043 249 1102 θάκων
267 1040 366 1123 χώρας,
390 1043 459 1102 ἀλλὰ
473 1043 518 1101 καὶ
530 1041 691 1123 πορρωτέρω
708 1047 756 1114 τ’ἥς
769 1043 877 1123 ἀγάπης
887 1064 933 1100 σου
988 1040 1126 1101 sedetiam
1136 1043 1245 1124 lougius
1255 1043 1375 1104 caritatis
1386 1057 1439 1104 tuae
1451 1059 1533 1123 atque
1543 1038 1742 1106 benevoles-”⁰
1753 1018 1808 1084 ⁴⁰⁵⁸

163 1134 210 1193 καλ
227 1139 274 1205 τῆς
296 1134 445 1208 διαθέσεως,
459 1136 492 1207 ἣν
506 1134 568 1215 περὶ
579 1140 651 1213 ἡμᾶς
661 1133 785 1204 ἐπεδείξω
799 1135 934 1209 διηνεκῶς,
990 1133 1045 1202 tiae,
1067 1155 1149 1213 quam
1170 1156 1277 1217 semper
1288 1156 1351 1216 erga
1369 1157 1417 1196 nos
1430 1135 1589 1218 praestitisti,
1607 1136 1705 1217 quavis

164 1227 308 1306 σάλπιγγος
324 1226 498 1310 λαμπροτέρα
510 1232 527 1298 ἡ
542 1227 618 1307 φήμη
633 1226 808 1309 παραγίγονε.
836 1226 935 1307 Διόπερ
989 1224 1054 1283 tuba
1067 1226 1229 1287 luculentior
1239 1229 1311 1287 sama
1324 1228 1453 1308 pervasit.
1466 1228 1649 1300 Quamobrem
1657 1249 1705 1289 nos

163 1317 208 1375 καί
222 1323 300 1394 ἡμεῖς
314 1319 413 1400 σράδρα
427 1319 648 1396 καλλωπιζόμεθα
660 1320 705 1379 ieri
720 1318 876 1400 τῇδιαθίσει
887 1324 935 1391 τῆς
989 1338 1096 1397 quoque
1116 1318 1151 1378 ob
1165 1333 1240 1379 tuam
1259 1319 1338 1378 istam
1357 1319 1571 1381 benevolentiam
1589 1342 1704 1403 magno-

163 1409 299 1478 εθλσὸείας
310 1433 366 1482 σου,
379 1411 425 1469 καί
438 1410 625 1493 μακαρίζοντές
637 1435 666 1470 σε
675 1415 703 1471 οὐ
715 1411 935 1491 διαλιμπάνομεν,
989 1430 1052 1489 pere
1065 1411 1224 1491 gloriamur,
1243 1432 1292 1471 nec
1312 1425 1338 1471 te
1354 1411 1465 1472 laudare
1487 1413 1701 1474 intermittimus

161 1501 207 1559 xri
224 1525 270 1561 σου
286 1501 400 1579 δεύμεθα
415 1509 531 1583 συνεχῶς
545 1503 708 1564 ἐπιστέλλειν
727 1509 793 1582 ἡμῖν
812 1502 873 1582 περί
888 1505 935 1573 τῆς
989 1505 1035 1563 Tu
1056 1524 1120 1564 vero
1141 1503 1176 1564 de
1198 1517 1244 1563 tua
1260 1503 1416 1565 valetudine
1431 1525 1512 1585 quam
1533 1505 1701 1588 sepissime,

161 1593 249 1671 ὑγείας
266 1598 313 1665 τῆς
329 1599 385 1667 σῆς.
410 1598 444 1654 nt
455 1597 506 1677 γὰρ
521 1596 566 1654 καλ
581 1597 606 1655 ἓν
619 1597 717 1676 ἐρημία
727 1595 876 1674 καθήμεθα,
889 1595 934 1654 καλ
952 1615 971 1662 c
987 1617 1090 1674 quaeso,
1106 1595 1142 1656 ad
1156 1617 1204 1656 nos
1215 1597 1325 1658 scribas.
1340 1600 1409 1657 Nam
1422 1598 1484 1658 lieet
1497 1598 1524 1657 in
1537 1598 1701 1679 solitudine,

162 1688 252 1768 πόρρω
267 1691 341 1765 ὑμῶν
356 1691 539 1770 άπῳκίσμεθα,
554 1692 612 1749 ἀλλ’
628 1689 699 1767 ὅμως
712 1694 745 1768 τῇ
762 1694 811 1762 τῆς
829 1692 935 1767 ἀγάπης
987 1708 1019 1747 ac
1032 1688 1154 1768 procula
1168 1688 1247 1750 vobis
1260 1691 1355 1749 remoti
1369 1690 1463 1768 simus,
1485 1705 1512 1750 at
1526 1692 1645 1752 carimtis
1658 1705 1704 1752 ta·

163 1780 252 1839 ἁλύσει
276 1780 449 1858 συνδεδέμεθά
469 1804 510 1839 σοι
524 1826 531 1855 ,
556 1781 589 1853 ἣν
602 1781 629 1850 ἐξ
644 1786 731 1863 ἀρχῆς
745 1781 859 1841 διάθεσιν
873 1781 934 1861 περί
987 1802 1048 1839 men
1062 1795 1153 1840 catena
1169 1795 1257 1841 tecum
1271 1781 1392 1842 devincti
1404 1804 1517 1862 sumus,
1532 1782 1654 1844 eamdem
1663 1785 1704 1846 vi-

163 1872 211 1943 τὴν
233 1873 281 1946 σὴν
297 1873 440 1951 τιμιότητα
454 1873 653 1952 ἐπεδειξάμεθα,
668 1874 777 1947 ταύτην,
793 1876 893 1953 μᾶλλον
907 1875 935 1934 δὲ
986 1870 1091 1948 delicet,
1105 1894 1186 1951 quam
1199 1872 1265 1933 olim
1278 1887 1357 1952 atque
1370 1875 1405 1933 ab
1417 1874 1494 1935 initio
1506 1897 1568 1957 erga
1580 1889 1607 1936 te
1619 1876 1704 1953 bene-

163 1964 208 2023 καὶ
222 1967 312 2044 πολλῷ
325 1965 434 2024 πλείονα
451 1964 497 2024 καλ
510 1965 670 2046 θερμοτέραν
681 1972 726 2024 νῦν
739 1965 852 2046 ἔχοντες.
874 1967 934 2024 Ού-
988 1964 1131 2025 volentiam
1138 1986 1194 2046 prae
1203 1966 1282 2026 nobis
1292 1966 1413 2044 tulimus,
1421 1967 1476 2027 imo
1485 1968 1566 2028 etiam
1576 1969 1708 2050 majorem

164 2054 206 2114 δὲν
230 2053 280 2135 γὰρ
301 2060 369 2132 ὑμᾶς
390 2056 450 2116 οὔτε
474 2062 520 2116 τοῦ
534 2057 631 2138 χρόνου
648 2058 680 2118 τδ
690 2059 798 2130 πλῆθος,
818 2056 877 2116 οὔτε
887 2059 936 2128 τῆς
988 2078 1019 2116 ac
1039 2058 1227 2118 ferventiorem
1248 2080 1320 2118 nunc
1333 2060 1470 2120 habentes.
1488 2063 1545 2121 Nec
1567 2061 1638 2122 enim
1659 2077 1706 2122 aut

163 2149 223 2206 ὁδοῦ
234 2147 264 2204 τδ
275 2140 358 2223 μῆκος
370 2150 562 2228 ῥᾳθυμοτέρως
573 2153 608 2217 εἰς
618 2157 695 2210 τοῦτο
704 2148 858 2222 πεποίηκεν,
866 2148 936 2209 ἀλλὰ
988 2149 1118 2230 temporis
1127 2149 1302 2227 diuturnitas,
1315 2165 1362 2211 aut
1373 2152 1424 2212 via
1437 2152 1587 2234 longitudo,
1600 2156 1706 2234 segnio-

164 2239 209 2297 καὶ
229 2239 456 2319 σπουδαιοτέρους.
481 2243 564 2299 Ταῦτ’
585 2232 630 2301 οὖν
652 2240 737 2315 εἰδὼς,
755 2238 870 2300 δέσποτά
884 2263 935 2318 μου
989 2262 1030 2300 res
1043 2241 1077 2300 ad
1093 2262 1153 2301 eam
1167 2264 1223 2302 rem
1236 2264 1284 2302 nos
1298 2243 1433 2320 reddidit,
1451 2245 1506 2304 imo
1526 2246 1606 2306 etiam
1619 2247 1705 2307 acrio-

163 2329 307 2408 τιμιώτατε
321 2330 367 2389 καί
381 2332 568 2406 εὐλαύέστατε,
588 2333 634 2391 καί
653 2333 824 2410 λογισάμενος
838 2330 934 2404 ἡλίκην
989 2353 1031 2390 res
1047 2353 1079 2392 ac
1095 2333 1288 2413 diligentiores.
1314 2335 1381 2394 Haec
1406 2336 1491 2415 igitur
1511 2358 1574 2397 cum
1595 2338 1706 2399 minime

163 2428 227 2500 ἡμῖν
247 2428 329 2504 χαριῇ
352 2423 430 2505 χάριν
454 2423 641 2505 συνεχέστερον
661 2422 832 2498 έπιστελλων,
852 2424 936 2506 γράρι
989 2423 1106 2503 ignores,
1122 2425 1231 2486 domine
1250 2428 1288 2486 mi
1307 2428 1528 2490 reverendissime
1540 2450 1573 2489 ae
1585 2430 1705 2511 religio-

163 2520 227 2593 ἡμῖν
250 2514 283 2574 τά
299 2515 360 2593 περὶ
383 2519 430 2587 τῆς
452 2515 541 2597 ὑγείας
560 2520 608 2588 τῆς
619 2519 686 2590 σῆς,
706 2515 752 2576 καλ
765 2515 935 2596 προηγουμέ-
989 2517 1103 2594 sissime,
1120 2533 1248 2598 quantam
1266 2519 1446 2579 crebrioribus
1461 2521 1516 2580 tuis
1537 2520 1624 2582 literis
1639 2543 1705 2602 gra-

163 2632 213 2674 νως
232 2609 357 2680 διηνεκῶς
371 2609 398 2665 ἐν
414 2618 472 2675 ταῖς
485 2608 573 2687 ἁγίαις
590 2632 636 2669 σου
651 2609 817 2686 μεμνημένος
828 2611 934 2688 εὐχαῖς·
990 2610 1080 2670 tiama
1094 2610 1172 2671 nobis
1181 2608 1298 2672 initurus
1308 2613 1353 2689 sis,
1365 2626 1453 2672 tecum
1465 2629 1603 2695 reputans,
1616 2615 1652 2674 de
1659 2628 1707 2675 tue

163 2699 207 2757 ίνα
228 2699 272 2758 καί
288 2703 318 2759 ἐκ
331 2698 455 2759 τοσούτου
471 2700 615 2778 καθήμενοι
633 2700 823 2779 διαστήματος,
834 2700 936 2774 πολλὴν
953 2723 973 2770 Ι)
989 2703 1145 2764 valetudine
1155 2701 1190 2762 ad
1200 2724 1248 2763 nos
1257 2704 1358 2764 scribas
1371 2704 1463 2782 velim,
1474 2727 1505 2765 ac
1517 2707 1707 2788 presertimin

165 2792 209 2852 καὶ
220 2794 335 2852 ἐντεῦθεν
347 2791 553 2872 καρπωσάμεθα
565 2792 613 2865 τὴν
627 2791 791 2874 συμμαχίαν.
989 2795 1044 2855 tuis
1057 2794 1157 2855 sanetis
1169 2795 1295 2876 precibus
1308 2797 1466 2856 memoriam
1480 2799 1564 2858 nostri
1577 2820 1611 2859 ne
1625 2799 1707 2859 inter·

989 2888 1178 2966 mitteretque,
1203 2887 1265 2946 licet
1282 2901 1356 2947 tanto
1379 2888 1522 2949 intervallo
1543 2889 1591 2950 abs
1606 2904 1634 2951 te
1647 2891 1705 2952 dis-

986 2980 1085 3062 juncti,
1098 2980 1234 3060 ingentem
1252 2992 1339 3039 umen
1359 2980 1422 3039 hinc
1435 3002 1513 3063 opem
1531 2995 1558 3042 et
1570 2982 1706 3045 auxilium

989 3072 1162 3153 accipiamus.

447 3263 646 3343 ποίνιμιιῳ,
1190 3243 1489 3330 ermreemeeo.

204 3449 240 3508 Τί
262 3453 355 3522 τοῦτο,
376 3448 444 3510 Ὅτε
462 3455 479 3522 ἡ
500 3450 614 3524 τοσαύτη
637 3453 683 3514 καὶ
700 3452 847 3526 τηλικαύτη
859 3455 935 3523 πολις
1030 3451 1168 3525 Quidnam
1181 3452 1233 3513 hoc
1243 3467 1293 3529 est,
1311 3461 1340 3512 ut
1353 3474 1414 3513 cum
1425 3467 1497 3512 tenta
1511 3466 1618 3532 tamque
1632 3474 1703 3533 prae-
1714 3458 1799 3502 θυίων
1817 3474 1858 3501 ³⁰·

164 3543 257 3623 ἑορτὴν
269 3540 466 3622 άγειλαμπρδν
478 3542 687 3624 (τοῦτογδρτὴν
699 3544 784 3625 ἀρχὴν
797 3547 870 3604 καλῶ
887 3545 934 3619 την
989 3545 1061 3604 clara
1080 3545 1176 3606 civitas
1190 3543 1355 3604 luculentum
1375 3547 1471 3604 festum
1484 3557 1547 3624 egat
1559 3545 1616 3618 (sic
1631 3518 1807 3642 ming5l⁰l'
1823 3520 1857 3562 '⁶¹

166 3636 237 3708 σὴν),
256 3633 315 3692 τότε
344 3637 416 3710 ἡμᾶς
438 3636 464 3693 ἐν
484 3634 584 3695 πλείονι
608 3635 773 3710 κατέστησας
795 3638 936 3721 κατηφείην,
989 3637 1177 3715 magistratum
1195 3650 1271 3695 tuum
1286 3649 1367 3715 atque
1381 3635 1522 3716 imperium
1538 3644 1630 3713 voco),
1645 3651 1704 3697 tum

167 3725 272 3805 μακρὰν
282 3725 353 3784 oure
363 3724 475 3803 σιγήσας
490 3726 584 3803 σιγήν,
598 3727 653 3787 Καὶ
663 3731 687 3787 εί
702 3727 750 3806 μέν
761 3728 840 3795 ἄλλος
850 3752 890 3796 τις
903 3721 935 3802 ἦν
990 3741 1020 3785 tu
1033 3725 1161 3786 diuturno
1178 3739 1225 3785 tuo
1241 3725 1347 3785 silentio
1361 3726 1491 3805 majorem
1507 3726 1583 3786 nobis
1602 3727 1704 3788 moesti-

164 3823 217 3877 τῶν
233 3819 337 3877 πολλῶν
357 3820 371 3874 δ
386 3823 462 3877 τοῦτο
475 3818 632 3894 πεπονθὼς,
648 3819 694 3879 καί
710 3817 759 3891 τλν
777 3818 864 3878 αἰτίαν
884 3826 934 3901 ραγ-
989 3819 1054 3879 tiam
1068 3818 1211 3879 attuleris?
1236 3820 1274 3877 Ac
1287 3817 1310 3876 si
1328 3817 1438 3896 quidem
1451 3817 1522 3877 alius
1534 3818 1670 3901 quispiam
1689 3841 1704 3878 e
1811 3872 1815 3885 ,

165 3910 226 3976 δίως
237 3909 267 3969 ἂν
280 3899 363 3990 εθρον.
385 3907 434 3976 Τίς
445 3908 474 3968 δέ
484 3911 555 3969 ἔστιν
568 3909 634 3982 αθτη
644 3935 652 3983 ;
664 3909 797 3971 Εἰύθασιν
808 3916 831 3973 ot
842 3914 935 3973 resilui
989 3913 1073 3994 vulgo
1086 3926 1164 3986 esset,
1184 3912 1227 3972 cui
1241 3911 1293 3970 hoc
1310 3909 1459 3984 accidisset,
1476 3930 1584 3972 eausam
1598 3933 1704 3990 quoque

165 4007 217 4060 τῶν
228 4000 383 4081 ἀνθρώπων,
392 4000 471 4074 ἡνίκα
483 4001 514 4061 ἂν
526 4001 640 4080 μείζονος
652 4007 737 4083 ἀρχῆς
747 4005 935 4080 ἐπιλάθωνται,
989 4005 1065 4065 nullo
1077 4005 1183 4085 negotio
1195 4002 1363 4064 invenissem.
1379 4002 1469 4093 Quam
1482 4004 1591 4064 tandem
1605 4004 1704 4064 utam?

165 4094 211 4153 καί
224 4095 252 4152 έν
266 4093 338 4174 δγιιῳ
352 4093 518 4173 φρονήματος
530 4093 647 4175 γίνεσθαι
661 4096 776 4173 μείζονι·
791 4097 835 4156 ἐπὶ
848 4097 876 4157 δὲ
888 4103 936 4171 τῆς
953 4109 972 4156 E
989 4099 1079 4158 Solent
1091 4098 1213 4180 plerique
1223 4097 1388 4170 mortalium,
1399 4118 1461 4155 cum
1471 4095 1508 4157 ad
1515 4097 1646 4178 majorem
1655 4097 1703 4158 di-

167 4191 215 4257 σῆς
230 4185 455 4264 μεγαλοπρεπείας
469 4187 618 4266 ριλοσορεῖν
632 4187 747 4263 εἰδυίας,
762 4189 807 4248 καὶ
819 4191 936 4273 ἀκριύῶς
988 4187 1117 4266 gnitatem
1130 4183 1311 4269 pervenerint,
1323 4185 1427 4245 animos
1440 4208 1547 4265 quoque
1563 4187 1644 4246 simul
1657 4203 1702 4248 at-

167 4277 354 4355 διεσκεμμίνης
368 4279 420 4335 τῶν
432 4276 567 4357 ἐπικήρων
578 4278 676 4338 τούτων
688 4281 734 4340 καὶ
746 4281 856 4362 ῥεόντων
867 4307 935 4365 upa·
988 4279 1093 4356 tollere,
1108 4301 1139 4339 ac
1149 4280 1263 4361 majores
1278 4278 1388 4360 spiritus
1397 4300 1501 4338 sumere
1512 4302 1519 4336 ε
1531 4292 1558 4337 at
1575 4280 1603 4338 in
1618 4294 1643 4339 te
1656 4281 1702 4360 qui

166 4369 273 4447 γμάτων
284 4367 332 4440 την
345 4367 432 4449 φύσιν,
446 4368 492 4428 καί
503 4370 552 4428 οθκ
562 4371 805 4448 άπατωμένηςτοῖς
814 4373 934 4454 έπιτρίμ-
989 4367 1175 4448 philosophari
1188 4368 1249 4446 scis,
1265 4388 1297 4427 ac
1311 4366 1475 4426 caducarum
1494 4367 1591 4425 harum
1604 4381 1630 4425 et
1643 4367 1703 4426 ira-

168 4485 233 4538 μασι
247 4458 310 4518 ὴκαί
324 4467 383 4526 ταῖς
397 4465 576 4542 ύπσγραραῖς,
593 4462 662 4521 ἀλλὰ
682 4461 770 4542 γυμνά
783 4469 836 4524 τῶν
849 4489 935 4546 προσ-
988 4460 1085 4538 gilium
1096 4481 1186 4520 rerum
1201 4475 1325 4520 naturam
1340 4457 1463 4539 apprime
1476 4458 1556 4534 nesti,
1575 4479 1623 4518 nee
1635 4459 1703 4518 fucis

164 4553 245 4612 τύπων
267 4554 301 4610 ed
322 4552 470 4632 πράγματα
491 4553 761 4632 καταμανθανούσης,
779 4556 828 4630 τὴν
848 4557 935 4618 αἰτίαν
988 4574 1019 4614 ac
1038 4553 1183 4636 pigmentis
1198 4552 1341 4634 deciperis,
1359 4573 1454 4612 verum
1475 4573 1517 4611 res
1536 4551 1608 4633 ipsas
1619 4551 1703 4613 larvis

167 4649 196 4703 ού
219 4645 332 4723 δύναμαι
346 4649 395 4717 τῆς
419 4648 495 4724 σιγῆς
517 4651 609 4727 εθρεῖν.
645 4647 714 4707 Ἀλλ’
736 4648 777 4709 ύτι
800 4649 846 4728 μὲν
865 4657 1087 4741 ἡμᾶςγωνοουοε
1108 4643 1238 4726 perspicis
1261 4656 1342 4720 atquc
1364 4640 1572 4714 animadvertis,
1603 4641 1704 4702 silentii

166 4735 264 4812 ὁμοίοις
273 4738 347 4818 Ιἐρίζις
368 4736 413 4795 καλ
435 4743 479 4797 νῦν
493 4737 583 4821 ὥσπερ
596 4740 641 4799 καί
655 4739 814 4821 ἔμπροσθεν,
836 4748 971 4822 partove
988 4757 1095 4797 eausam
1116 4736 1232 4818 reperire
1253 4755 1364 4812 nequeo.
1384 4732 1419 4792 Et
1439 4733 1549 4812 quidem
1566 4731 1638 4793 illud
1654 4755 1705 4814 pro

167 4827 194 4885 et
210 4827 333 4905 μειζόνως
352 4832 396 4886 νῦν
409 4827 427 4900 ἢ
442 4828 600 4911 ἔμπροσθεν,
619 4823 676 4891 οἶδα
693 4838 792 4914 σαρῶς.
816 4834 894 4906 Τίνος
908 4836 936 4897 δὲ
988 4840 1059 4888 certo
1070 4827 1167 4903 habeo,
1180 4823 1441 4905 meaequeacprius,
1459 4824 1514 4883 imo
1526 4824 1606 4884 etiam
1618 4823 1706 4905 magis

165 4921 253 4978 ἕνεκεν
275 4919 344 4979 οθτω
368 4921 530 4998 διακείμενος
550 4931 671 4985 τοσοῦτον
691 4924 817 5006 ἓσίγησας
832 4928 935 5011 χρόνον,
986 4943 1069 5000 quam
1082 4934 1144 4980 1111ῑ11
1157 4919 1206 4978 abs
1218 4933 1245 4978 ῑθ
1256 4919 1350 4979 amasi·
1364 4916 1440 4990 Quid
1454 4933 1545 4978 autem
1561 4916 1706 5001 Slbqtldffl·

167 5015 249 5071 εἰπεῖν
261 5016 308 5071 οὐκ
322 5012 385 5094 ἔχω,
399 5012 469 5073 ἀλλὰ
483 5015 529 5074 καί
543 5016 576 5073 δι’
594 5017 657 5076 αὐτδ
674 5017 722 5096 μὲν
736 5009 780 5077 οὖν
794 5024 870 5079 τοῦτο
885 5021 936 5100 μά·
987 5015 1090 5089 obrem,
1106 5032 1168 5074 cum
1179 5011 1231 5072 boc
1245 5033 1307 5093 erga
1320 5032 1362 5070 me
1377 5011 1467 5072 animo
1483 5012 1535 5084 sis,
1548 5012 1652 5073 tamdiu
1667 5027 1706 5073 ta·

165 5106 243 5162 λιστα
257 5107 360 5184 ἀπορῶ.
382 5106 469 5165 Λῦσον
485 5105 517 5179 δὴ
532 5111 596 5186 ἡμῖν
610 5107 640 5167 τδ
656 5108 766 5189 αίνιγμα
779 5110 813 5169 δι’
828 5115 937 5173 έπιστο-
988 5114 1093 5188 coeris,
1121 5113 1211 5173 dicere
1231 5133 1332 5193 nequeo
1349 5136 1355 5170 τ
1372 5114 1428 5174 imo
1449 5112 1501 5173 boc
1523 5135 1628 5194 quoque
1648 5115 1707 5198 ipso

200 5306 209 5325 ¹¹
228 5291 284 5339 Duo
294 5291 354 5339 Mss.
368 5295 393 5342 ού
404 5300 473 5359 μέχρι
492 5303 532 5350 τῆς
544 5290 659 5363 ippotae
675 5305 753 5360 μόνον.
762 5296 832 5349 lnsra
842 5315 929 5354 omnes
989 5300 1001 5338 ¹³
1020 5307 1062 5352 net
1081 5310 1130 5358 ταῖς
1148 5306 1279 5373 δπιγροιραῐς
1293 5297 1397 5352 Coislin.
1412 5297 1479 5351 lbid.
1492 5299 1596 5354 Coislin.
1610 5313 1636 5354 ct
1647 5302 1709 5372 lleg.

167 5368 225 5418 llss.
241 5369 321 5420 nostri
333 5374 453 5437 σάλπιγγος
466 5377 625 5442 λαμπρότερον
637 5379 650 5433 ἡ
663 5385 746 5444 ρήμη..
780 5404 782 5409 ·
956 5392 1000 5432 τῶν
1010 5387 1163 5448 προσωπείων.
