3764 5992
737 466 917 517 unumne.
1529 454 1598 528 631

61 609 136 672 sunt,
147 607 227 675 atque
236 591 411 655 homiliarum
422 608 497 654 more
508 592 682 665 concinnate,
693 591 754 653 alie
772 591 808 651 ad
825 610 1007 652 erumnarum
1017 591 1106 674 ipsius
1114 589 1259 656 historiam
1271 597 1415 660 texendam
1427 604 1602 683 opportunis-
1612 615 1669 657 urs·

61 690 147 749 simae.
161 689 241 749 Circa
257 688 326 746 hanc
339 685 532 768 Olympiadem
542 687 602 746 haec
615 685 712 746 scribit
721 685 854 744 Henrieus
864 683 985 745 Savilius
1002 684 1030 744 in
1044 684 1114 745 notis
1127 707 1155 766 p.
1167 684 1238 747 85t.

104 807 120 836 e
141 780 297 862 Olympias,
309 779 346 838 ad
360 800 440 857 quam
451 792 515 839 sunt
527 778 569 837 hae
587 775 694 856 μίλιτος
710 775 944 854 καταλιιὸομίνοιο
956 775 1091 837 dulciores
1110 778 1240 859 epistolae,
1254 782 1342 862 neptis
1354 782 1407 843 fuit
1422 784 1544 863 Ablahii,
1554 787 1603 866 qui

59 872 114 932 sub
135 872 310 931 Constantino
331 873 433 950 Magno
459 870 601 951 prefectus
619 867 745 950 praetorio
766 867 828 940 fuit,
842 868 938 948 Anysii
957 868 1067 929 secundi
1087 870 1193 930 comitis
1211 872 1277 931 lilia.
1292 876 1392 935 Utrum
1411 898 1477 937 vero
1494 877 1604 938 ubhhii

60 965 150 1045 neptis
164 964 245 1023 fuerit
258 985 293 1023 ex
307 964 365 1023 filia
381 963 560 1044 Olympiade,
576 983 637 1041 quae
656 961 774 1043 primum
787 959 927 1020 Constanti
945 961 1037 1043 nupsit
1056 964 1189 1043 Augusto,
1205 977 1264 1023 tum
1279 968 1371 1026 Arsaci
1387 969 1521 1030 hrmenite
1534 970 1606 1050 regi,

61 1079 145 1135 quam
157 1057 265 1116 tertium
286 1071 362 1138 putat
376 1055 528 1115 Cardinalis
542 1055 675 1115 baronius
684 1054 788 1134 Anysio
802 1052 935 1133 nupsisse,
948 1074 984 1112 ex
998 1074 1081 1133 eoque
1092 1054 1162 1114 hanc
1174 1070 1292 1117 nostram
1306 1059 1501 1142 Olympiadem
1510 1063 1604 1143 junio·

61 1170 120 1207 rem
130 1148 209 1207 matri
222 1147 361 1227 ὁμώνυμον
379 1150 535 1229 suscepisse,
550 1169 600 1229 pro
615 1160 686 1206 certo
700 1166 753 1205 non
765 1144 892 1204 dixerim.
903 1144 971 1207 Veri
985 1145 1053 1204 mihi
1064 1145 1270 1207 similevidetur
1280 1165 1402 1211 auctores
1411 1152 1603 1214 illerumtem-

59 1261 162 1320 porum
171 1239 198 1298 in
212 1240 295 1319 hujus
309 1254 405 1299 nostrae
418 1239 512 1299 laudes
522 1240 588 1299 satis
596 1239 705 1314 effusos,
719 1237 754 1297 de
765 1249 837 1296 tanta
851 1236 936 1314 gloria
949 1259 1001 1296 non
1012 1239 1094 1297 luisse
1108 1239 1245 1314 tacituros,
1256 1239 1280 1298 si
1293 1243 1421 1321 Augustae
1431 1243 1605 1324 ejusde-que

59 1332 161 1410 reginae
181 1331 237 1389 lilia
256 1332 410 1391 exstitisset.
425 1331 547 1391 Alteram
565 1351 684 1391 sororem
694 1328 792 1389 habuit
805 1327 958 1409 Olympias,
969 1342 998 1387 ut
1011 1350 1047 1388 ex
1059 1330 1218 1390 Nazianzeni
1234 1331 1345 1412 epistola
1354 1333 1390 1392 ad
1405 1335 1537 1417 Anysium
1549 1358 1603 1418 pa·

58 1437 131 1483 trem
152 1437 234 1505 patet,
247 1425 325 1504 cujus
342 1424 462 1500 initium,
476 1423 543 1485 Ἰδοὺ
565 1424 611 1483 καὶ
631 1421 748 1502 δεύτερός
764 1446 805 1482 σοι
822 1421 950 1501 γαμίρός,
964 1422 1032 1482 etin
1046 1434 1135 1482 tenera
1151 1436 1227 1483 aetate
1239 1423 1379 1485 rectricem
1387 1439 1414 1486 et
1421 1427 1604 1489 formatricem

59 1535 171 1574 morum
185 1513 373 1588 Theosdosirn,
383 1514 474 1594 magni
487 1512 672 1595 Amphilochii
690 1532 808 1572 sororem
824 1533 990 1592 germanam.
1004 1515 1117 1592 Jamque
1136 1514 1239 1574 nuhilis
1257 1516 1386 1576 collocata
1401 1530 1442 1577 est
1455 1531 1561 1599 epatre
1573 1518 1602 1579 in

59 1606 265 1665 matrimonium
283 1605 415 1665 Nebridio
434 1627 470 1663 ex
485 1605 626 1686 prefectis.
638 1604 682 1664 hd
703 1625 771 1682 quas
790 1604 898 1686 nuptias
917 1604 1047 1665 invitatus
1061 1607 1255 1686 Nazianzenus,
1269 1608 1373 1690 Anysio
1387 1630 1435 1690 per
1449 1610 1602 1691 epistolam,

58 1698 139 1777 cujus
150 1697 268 1770 initium,
281 1697 440 1776 claudiopol
460 1703 513 1757 τῶν
524 1696 711 1777 ἐγκλημάτων,
725 1709 789 1772 ete,
805 1695 923 1776 seipsum
943 1710 1063 1768 excusat,
1077 1696 1254 1778 podagricum
1269 1698 1371 1780 nuptiis
1381 1700 1507 1781 interesse
1517 1721 1605 1780 noque

58 1788 201 1848 commode
222 1810 299 1869 posse
316 1809 402 1867 neque
418 1788 498 1848 etiam
521 1787 635 1848 decere:
650 1808 756 1849 carmen
778 1801 867 1848 tamen
885 1789 1033 1869 egregium,
1048 1790 1123 1869 quod
1143 1803 1230 1849 exstat
1246 1793 1326 1851 Tom.
1339 1796 1369 1866 2,
1382 1814 1410 1872 p.
1423 1793 1494 1869 lbh,
1511 1793 1600 1853 Paris.

59 1880 207 1955 Editionis,
218 1881 432 1962 epithalamium,
445 1903 490 1941 sen
508 1881 600 1962 potius
617 1879 805 1962 paraeneticum
827 1877 863 1938 ad
884 1899 982 1939 novam
1005 1901 1132 1961 sponsam
1146 1879 1229 1940 misit.
1244 1882 1289 1941 Ex
1302 1903 1357 1960 quo
1370 1894 1483 1963 apparet
1493 1882 1603 1964 nuptias

57 1972 141 2030 hasce
158 1972 304 2031 celebratas
321 1971 404 2031 fuisse
420 1987 482 2032 ante
495 1972 604 2032 finitum
624 1970 770 2031 concilium
786 1969 1121 2052 Coustantinopolitanum,
1135 1993 1189 2050 quo
1203 1986 1322 2054 tempore
1336 1972 1429 2032 relicto
1445 1974 1603 2056 episcopatu

58 2063 88 2122 in
107 2062 307 2145 Cappadociam
321 2064 427 2123 secessit
443 2065 592 2144 Gregorius
609 2087 616 2121 e
632 2077 658 2123 et
672 2065 782 2123 fortasse
803 2064 862 2144 ipso
877 2063 985 2121 concilii
1002 2078 1130 2146 tempore,
1143 2065 1195 2124 hoc
1215 2079 1254 2125 est
1276 2086 1347 2126 anno
1363 2064 1432 2143 581,
1443 2066 1603 2130 consulibus

57 2156 169 2236 Siagrio
179 2170 204 2214 et
214 2156 360 2228 Eucherio,
368 2157 441 2234 quod
452 2157 554 2238 nuptiis
566 2156 621 2215 illis
631 2155 783 2215 interfuisse
792 2153 892 2214 scribat
901 2156 1049 2235 Gregorius
1059 2177 1187 2236 magnum
1195 2158 1383 2239 episcoporum
1391 2180 1547 2237 numerum,
1554 2159 1601 2220 acal

57 2252 149 2326 παρῆν
169 2247 318 2310 teramus
338 2249 438 2326 ὅμιλος,
449 2270 517 2326 quos
534 2270 583 2329 per
600 2247 767 2308 occasionem
785 2246 892 2307 ooneilii
914 2247 942 2306 in
956 2247 1059 2328 regiam
1077 2249 1169 2308 urbem
1186 2250 1347 2310 confluxisse
1358 2271 1408 2331 par
1421 2265 1487 2311 erat.
1500 2252 1532 2311 ln
1550 2252 1602 2312 boo

56 2339 232 2398 matrimonio
243 2340 315 2399 vixit
328 2362 431 2399 menses
443 2340 557 2420 viginti,
569 2338 597 2400 id
611 2354 659 2415 est,
669 2361 753 2419 usque
764 2338 799 2399 ad
814 2359 916 2398 annum
932 2337 1000 2416 585,
1012 2360 1066 2418 quo
1080 2339 1135 2401 vita
1151 2340 1260 2400 functus
1273 2355 1312 2400 est
1328 2340 1486 2402 Nebridius.
1497 2344 1529 2402 ln
1539 2343 1602 2425 ipso

56 2431 151 2510 itaque
164 2430 249 2490 aetatis
266 2430 373 2491 floreia
387 2453 483 2512 magna
497 2454 589 2491 rerum
603 2431 724 2490 omnium
738 2430 816 2512 copia
827 2445 853 2489 et
867 2430 1004 2490 affluentia
1017 2431 1115 2490 marito
1129 2431 1251 2508 viduata,
1261 2433 1288 2491 in
1298 2432 1392 2493 eodem
1407 2448 1543 2515 perpetue
1559 2435 1602 2495 ri-

58 2522 177 2582 dnitatis
188 2523 326 2604 proposito
346 2545 428 2602 nsque
445 2522 480 2582 ad
498 2538 610 2583 mortem
630 2523 842 2583 constantissime
854 2522 1051 2604 perseveravit:
1066 2544 1152 2602 neque
1165 2523 1291 2604 precibus
1302 2538 1348 2584 aut
1361 2523 1443 2584 minis
1453 2524 1602 2595 Theodosii

56 2613 157 2694 Magni
177 2615 351 2694 imperatoris
364 2614 496 2676 dimoveri
516 2616 612 2696 potuit,
623 2615 671 2695 qui
685 2636 745 2674 eam
758 2615 853 2691 forma,
863 2614 972 2696 opibus,
984 2614 1107 2673 omnium
1120 2615 1254 2675 virtutum
1266 2615 1419 2676 decoratam
1433 2639 1539 2694 corona,
1552 2617 1601 2678 El-

55 2706 134 2789 pidio
144 2721 256 2787 cognato
271 2729 331 2785 suo,
344 2707 449 2767 bomini
465 2707 597 2789 Hispano,
608 2729 714 2768 summa
728 2706 757 2768 vi
773 2705 941 2788 despondere
954 2705 1101 2765 ambiebat.
1117 2707 1178 2779 Qua
1189 2706 1297 2788 repulsa
1309 2709 1426 2768 offensus
1440 2711 1600 2792 Imperator,

54 2813 200 2879 antequam
208 2813 299 2859 contra
310 2801 465 2860 Maximum
475 2815 621 2883 tyrannum
632 2799 857 2882 proficisceretur,
866 2798 940 2878 quod
951 2818 1022 2857 anno
1030 2797 1089 2861 588
1098 2799 1221 2878 contigit,
1230 2801 1354 2880 prefecto
1363 2800 1440 2861 urhis
1450 2801 1600 2880 mandavit,

56 2907 89 2951 ut
100 2893 211 2971 quesite
224 2892 315 2972 aliquo
324 2893 391 2974 legis
401 2894 498 2969 colore,
507 2915 613 2954 omnem
626 2895 685 2974 ejus
699 2891 877 2952 substantiam
888 2889 1044 2968 custodiret,
1056 2912 1194 2970 quousque
1207 2891 1375 2970 trigesimum
1389 2893 1474 2953 aetatis
1485 2892 1600 2974 imples-

55 2998 99 3044 set
132 3006 242 3045 annum.
261 2985 352 3058 Quam
384 2986 432 3045 illa
467 2986 637 3045 fortunarum
673 3006 784 3045 suarum
817 2983 996 3064 direptionem
1023 2982 1090 3043 adeo
1112 2983 1232 3058 excelso,
1256 2997 1281 3042 et
1301 3004 1383 3065 supra
1404 3005 1500 3045 senem
1524 2984 1599 3047 virili

56 3076 151 3136 animo
162 3076 257 3136 tulisse
270 3077 440 3158 perhibetur,
450 3089 481 3136 ut
492 3077 573 3136 etiam
590 3076 644 3136 sibi
660 3075 736 3139 illam
756 3076 792 3135 ab
809 3077 972 3156 Imperatore
983 3075 1087 3134 illatam
1103 3074 1231 3157 injuriam
1249 3088 1353 3155 gratam
1371 3075 1500 3137 babuisse
1517 3076 1599 3147 vide-

57 3184 147 3244 retur,
174 3168 201 3228 in
221 3168 332 3245 eodem,
355 3183 386 3228 ut
404 3168 480 3245 dixi,
504 3167 648 3229 viduitatis
667 3180 757 3228 tenore
778 3187 943 3250 permanens.
964 3169 1034 3227 Nam
1053 3165 1088 3226 dc
1110 3166 1267 3246 virginitate
1289 3181 1420 3249 perpetuo
1441 3166 1599 3232 conservata

56 3259 215 3319 fabulosum
232 3281 288 3320 esse
307 3283 369 3321 cum
387 3261 503 3321 Baronio
522 3259 659 3338 fatebitur,
669 3259 792 3339 quisquis
807 3280 870 3318 cum
889 3257 994 3340 judicio
1011 3258 1107 3338 legerit
1118 3258 1193 3317 illam
1208 3258 1327 3340 epistolae
1349 3258 1473 3319 secundae
1487 3261 1600 3322 Joannis

56 3352 143 3410 nostri
164 3350 199 3410 ad
221 3373 279 3411 eam
301 3352 407 3432 scripta·
430 3367 544 3433 partem,
560 3352 641 3410 Torn.
658 3353 687 3426 7,
701 3374 728 3433 p.
743 3352 791 3427 58,
805 3352 825 3412 l.
839 3349 888 3427 58,
903 3349 1039 3410 Editionis
1059 3364 1165 3409 nostra.
1181 3351 1245 3410 Post
1258 3351 1377 3411 reditum
1390 3373 1406 3410 a
1419 3351 1493 3411 bello
1507 3364 1600 3411 contra

56 3443 213 3501 Maximum
225 3457 309 3523 gesto,
324 3442 375 3501 hoc
389 3457 428 3502 cst
441 3465 511 3502 anno
524 3445 593 3518 591,
605 3441 787 3515 Theodosius,
801 3442 933 3503 intellecta
946 3441 1120 3523 Olympiadis
1132 3442 1291 3517 constantia,
1302 3462 1344 3501 res
1357 3462 1420 3501 suas
1432 3442 1486 3501 sibi
1500 3442 1601 3501 hahere

51 3532 145 3613 jussit.
160 3536 228 3607 Quae
245 3554 280 3591 ex
293 3555 324 3592 eo
335 3547 457 3614 tempore
471 3554 614 3593 commune
626 3533 732 3614 aperuit
748 3532 823 3593 domi
839 3554 893 3592 suaa
904 3533 1085 3593 diversorium
1096 3532 1224 3592 omnihus
1238 3532 1381 3613 episcopis,
1391 3532 1541 3606 monachis,
1557 3553 1600 3592 sa·

56 3624 223 3700 cerdotibus,
238 3638 263 3683 et
277 3624 344 3683 viris
355 3625 539 3685 ecclesiasticis
553 3646 584 3684 eo
596 3624 776 3685 venientibus.
794 3627 867 3684 Inter
880 3639 999 3696 ceteros,
1015 3644 1114 3703 magno
1127 3623 1329 3704 Amphilocbio,
1340 3624 1453 3705 Optimo
1463 3624 1600 3705 episeopo,
1655 3674 1660 3681 .

57 3717 138 3774 Petro
152 3714 244 3774 Basilii
258 3717 346 3789 fratri,
359 3717 514 3798 Epiphanio
526 3717 612 3798 Cypri
625 3716 749 3797 episcopo
763 3719 893 3797 pecunias
904 3717 1017 3777 donavit
1026 3730 1052 3775 et
1062 3717 1157 3786 villas,
1166 3716 1228 3775 illos
1241 3717 1323 3775 etiam
1334 3722 1496 3796 θεοστυγιῖς,
1510 3717 1601 3776 Theo·

56 3806 176 3887 philum,
192 3807 366 3886 Antiochum,
382 3808 522 3886 Acacium,
537 3808 714 3869 Severianum
723 3808 796 3867 omni
807 3808 980 3869 liberalitatis
991 3822 1016 3867 et
1027 3806 1219 3867 munificentiae
1233 3828 1329 3887 genere
1338 3808 1491 3890 complexa.
1506 3809 1602 3887 Itaque

56 3899 93 3957 ab
102 3899 160 3980 ipso
171 3900 295 3960 Nectario
304 3901 601 3982 Constantinopolitano
618 3900 742 3981 episcopo
756 3901 826 3960 facta
840 3915 879 3960 est
892 3900 1141 3981 diaconissa:cujus
1155 3898 1235 3958 etiam
1247 3900 1398 3979 morientis,
1414 3913 1445 3959 nt
1457 3913 1484 3960 et
1494 3899 1601 3982 Optimi

56 3990 176 4072 episcopi
189 3993 281 4052 oculos
291 3992 348 4052 suis
357 3992 483 4052 manibus
495 3991 600 4052 clausit.
608 3992 673 4051 Post
681 3991 836 4052 Nectarium
845 4014 927 4074 quam
940 3991 1021 4051 luerit
1034 4012 1095 4065 cara
1107 3991 1215 4064 Joanni,
1226 4012 1309 4068 quam
1319 3991 1372 4072 ipsi
1381 4013 1461 4052 carus
1471 3995 1600 4067 ioannes,
1641 4014 1649 4023 ·

57 4082 195 4143 declarant
207 4085 249 4144 hae
267 4084 397 4165 epistolae.
415 4084 450 4144 Et
464 4083 576 4163 quidem
596 4098 657 4165 post
674 4082 802 4143 exsilium
816 4084 928 4146 Joannis
942 4097 1020 4165 rapta
1034 4082 1062 4142 in
1073 4082 1218 4163 judicium,
1233 4096 1259 4142 et
1271 4082 1389 4143 incendii
1399 4083 1493 4165 templi
1504 4084 1534 4144 S.
1550 4085 1600 4144 So-

58 4173 131 4254 phiae
141 4174 209 4232 inter
224 4188 332 4232 caeteros
343 4173 454 4235 Joannis
465 4174 580 4233 fautores
592 4194 649 4251 rea,
662 4194 725 4232 cum
739 4172 952 4233 constantissime
965 4170 1155 4250 quaesitoribus
1166 4169 1357 4251 respondisset,
1369 4172 1430 4231 auri
1443 4185 1533 4234 tamen
1546 4192 1600 4231 non

57 4265 187 4324 mediocri
201 4287 305 4324 summa
321 4265 461 4341 mulctata,
476 4266 568 4325 relicta
585 4265 829 4347 Constantinopoli,
845 4263 975 4323 concessit
989 4262 1128 4344 Cyzicum,
1144 4276 1265 4343 tempora
1280 4277 1468 4344 exspectatura
1483 4263 1599 4324 mitiora.

57 4358 123 4417 Haec
136 4371 163 4417 et
184 4358 270 4417 multo
294 4358 338 4417 his
361 4359 441 4440 plura
460 4359 579 4419 inveniet
599 4358 682 4418 lector
694 4358 728 4419 de
742 4359 793 4418 hac
805 4356 898 4418 divina
919 4355 1016 4414 femina
1032 4354 1116 4414 literis
1126 4354 1233 4436 prodita
1247 4378 1263 4414 a
1276 4355 1409 4435 Gregorio
1423 4355 1601 4430 Nazianzeno,

58 4446 196 4524 Palladio,
211 4450 366 4523 Summeno,
381 4450 534 4526 Ammiano,
548 4449 720 4529 Menologiis,
735 4450 853 4529 Georgia
867 4447 1063 4523 Alexandrino,
1075 4450 1230 4526 caterisque
1246 4448 1408 4532 βιογράφοις.
1421 4471 1437 4504 a

98 4538 214 4611 Quande
229 4539 402 4622 Olympiadis
416 4542 519 4622 origine
528 4542 574 4601 bic
588 4542 717 4602 dicunlur
731 4541 835 4620 aliquot
850 4553 913 4601 sunt
929 4540 1051 4600 intricata
1063 4538 1285 4612 difficultatibus,
1296 4560 1364 4617 quas
1374 4540 1481 4600 solvere
1494 4561 1547 4601 non
1560 4556 1600 4601 est

56 4630 199 4713 praesentis
221 4631 349 4707 instituti;
367 4632 441 4711 quod
463 4649 553 4692 autem
574 4632 641 4692 dicit
661 4632 790 4708 Savilius,
808 4632 1002 4715 Olympiadem
1026 4629 1157 4691 Nebridio
1178 4630 1301 4712 nupsisse
1319 4652 1389 4691 anno
1410 4629 1599 4713 58l,Siagrio

54 4738 83 4784 et
98 4723 234 4783 Eucherio
247 4725 415 4802 consulibus,
427 4725 536 4786 omnino
552 4740 623 4785 stare
641 4724 743 4804 nequit.
755 4723 907 4803 Siquidem,
920 4736 950 4783 ut
969 4723 1069 4804 optime
1086 4722 1211 4780 observat
1232 4721 1434 4796 Tillemontius,
1448 4720 1598 4783 Neluridins

54 4816 157 4896 viginti
168 4816 274 4876 circiter
285 4816 423 4878 mensibus
431 4831 538 4877 tantum
548 4831 608 4899 post
616 4816 727 4877 ductam
741 4816 935 4898 Olympiadem
948 4815 1031 4892 obiit,
1040 4814 1062 4873 si
1072 4828 1162 4874 autem
1173 4813 1250 4873 illam
1259 4812 1369 4872 duxerit
1379 4835 1449 4873 anno
1459 4813 1528 4890 581,
1542 4815 1599 4877 fato

55 4910 165 4967 functus
183 4909 233 4967 erit
252 4930 322 4967 anno
336 4909 406 4984 585,
420 4931 481 4968 curn
500 4910 659 4969 tardissime.
675 4909 760 4989 lltqui
775 4911 822 4970 lex
842 4907 876 4968 ad
896 4907 977 4966 illum
992 4905 1131 4988 dirigitur,
1147 4904 1175 4964 in
1196 4905 1297 4965 Codice
1317 4905 1517 4982 Theodosiano,
1528 4928 1599 4967 anno

55 5001 127 5077 586,
141 5001 181 5059 29
195 5000 280 5075 Junii,
293 5014 374 5078 atque
384 4999 451 5060 adeo
460 5001 622 5081 quaerendus
634 5002 705 5062 alius
721 5003 879 5084 nuptiarum
891 4998 1067 5082 Olympiadis
1080 5019 1178 5058 annus.
1190 4998 1319 5080 Nupserit
1330 5019 1395 5079 ergo
1409 4997 1553 5081 Olympias
1568 5013 1599 5059 ut

55 5105 169 5174 putatur
182 5113 252 5151 anno
266 5105 386 5153 vertente
399 5091 469 5153 584.

96 5182 171 5242 Ordo
179 5183 355 5264 epistolarum
363 5183 400 5243 ad
406 5183 608 5268 Olympiadem,
621 5197 687 5245 utet
696 5185 982 5246 caeterarumomnium
990 5182 1210 5262 subsequentium
1222 5182 1415 5244 interturbans
1424 5197 1478 5264 ost3
1492 5185 1597 5248 nullam
1604 5189 1660 5230 ⁶²⁸⁸

54 5277 185 5357 temporis
199 5277 330 5338 rationem
344 5277 521 5339 observarunt
533 5274 583 5356 qui
596 5278 724 5358 epistolas
738 5277 799 5338 illas
810 5277 984 5358 collegerunt,
1000 5289 1030 5336 ut
1043 5275 1240 5362 animadvertet
1251 5275 1274 5336 is
1285 5276 1334 5356 qui
1347 5277 1476 5360 temporis
1492 5278 1598 5341 notulas
