3764 5992
397 355 468 449 874
716 372 745 419 s.
773 370 913 418 ioannis
939 369 1122 418 cunvsosr.
1150 368 1306 418 tncnrrr.
1335 367 1634 434 uonsrsarrnor.

470 604 631 667 CCXXIV.
642 602 801 663 Marciano
812 613 840 660 et
852 600 1039 661 Marcellino.
1300 594 1366 656 oxd'.
1380 598 1541 677 Μαρκιανῷ
1567 594 1624 655 καί
1649 592 1843 674 Μαρκελλίνιρ.

264 816 331 847 urum
346 817 387 846 nn·
437 788 575 867 Quidnam
588 808 675 848 causa
689 785 1012 866 est,quamobrem,cum
1022 797 1113 846 tanto-
1208 774 1244 834 Τί
1263 775 1463 852 τνῦτοὶθῧτως
1476 781 1564 856 ἡμῶν
1581 775 1733 857 ἐρῶντες(
1745 771 1882 852 ὠδλγᾶρ

242 881 257 910 “
333 898 338 911 ·
395 903 519 965 perenos
536 878 631 941 ametis
645 884 752 958 (neque
766 877 839 938 enim
848 891 923 938 tanto
933 875 1113 938 licctavobis
1168 865 1261 928 σνῦτον
1272 869 1435 946 καθημένους
1446 872 1527 948 ὑμῶν
1542 869 1750 948 διαστήματος
1763 864 1852 925 &utcu
1862 871 1882 942 i.

395 974 538 1035 intervallo
550 972 698 1054 disjunctos
706 971 772 1031 latet
781 991 829 1031 nos
839 991 916 1030 amor
928 983 1024 1046 vester,
1038 969 1113 1049 qnod
1167 957 1249 1040 ἔρωτι
1262 960 1306 1021 διὰ
1318 961 1349 1021 τὸ
1362 961 1471 1043 σφοδρὸς
1484 951 1559 1022 εἶναι
1579 962 1635 1021 καὶ
1652 957 1873 1040 πεπυρωμένος),

394 1082 422 1128 οι
429 1068 572 1131 vehemens
583 1067 618 1126 sit
629 1079 656 1125 οι
667 1065 850 1125 indamnatus
857 1070 878 1141 ),
887 1063 966 1124 silere
974 1062 1112 1144 ροιυίιιὶι,
1169 1051 1274 1122 δέξασθε
1286 1063 1379 1134 σιγᾷν,
1393 1054 1439 1113 καὶ
1452 1054 1516 1114 οὐδὲ
1528 1053 1613 1122 ἅπαξ
1627 1059 1703 1132 ἡμῖν
1715 1050 1875 1112 smmum

394 1181 427 1220 ac
439 1182 473 1220 ne
488 1160 570 1220 semel
584 1157 695 1237 quidem
707 1158 800 1218 literas
813 1157 850 1218 ad
863 1178 911 1237 nos
924 1155 1049 1234 dedistis,
1065 1155 1114 1217 sed
1168 1143 1278 1225 “itttt‘fl
1291 1144 1322 1205 τὸ
1332 1155 1445 1227 πρᾶγμα
1457 1152 1527 1226 ivit
1544 1145 1757 1218 πεπνῑήκῑῐέἑ
1771 1142 1840 1204 οὐδὲ
1851 1144 1878 1221 ti

395 1271 451 1311 rem
473 1248 554 1309 sum
573 1246 691 1308 omnem
707 1246 843 1327 aenigmati
866 1244 1112 1306 ιιιιιιῑιιιιινι-
1166 1243 1249 1297 κοντα
1262 1237 1407 1320 πρόφασιν,
1420 1240 1453 1312 ἣν
1467 1237 1881 1321 ἐνιένατεέπιστελνοππι·

394 1362 447 1421 que
463 1341 535 1401 enim
555 1339 675 1420 legitima
692 1338 745 1398 suit
761 1337 809 1398 illa
826 1338 974 1413 excusatio,
989 1337 1113 1418 quami„
1132 1327 1255 1412 Βκύριόν
1267 1354 1318 1409 μου
1327 1330 1371 1391 τὸν
1386 1331 1587 1393 εὐλαὸίατατον
1612 1330 1807 1413 πρεσὸιίτερον
1827 1331 1880 1389 lior

395 1432 508 1514 epistola
523 1430 560 1492 ad
580 1428 813 1510 religiosissimum
828 1431 1019 1512 presbyterum
1040 1432 1114 1490 Con·
1166 1445 1231 1485 τιον.
1252 1423 1329 1497 Πλὴν
1345 1426 1403 1484 ἀλλ’
1425 1423 1498 1484 οὐδὲν
1515 1423 1781 1505 ἀκριὸολογοῧμαι.
1806 1421 1866 1481 ’ἀλλ’

395 1523 524 1584 cantum
535 1523 616 1584 missa
628 1521 806 1603 expressistis.
819 1524 1016 1585 Verumtamen
1027 1521 1114 1581 nolim
1165 1522 1242 1577 τοῦτο
1255 1514 1337 1584 οὕτως
1350 1515 1422 1597 ἔχον,
1435 1514 1481 1576 καλ
1495 1513 1603 1577 κείσθω
1617 1520 1674 1588 τῆς
1689 1519 1775 1596 σιγῆς
1793 1515 1878 1586 ταύτην

394 1615 454 1675 hacc
471 1630 563 1676 exacte
581 1614 740 1695 disquirere.
752 1614 795 1673 Sit
810 1613 848 1673 ita
861 1634 935 1692 sane,
948 1625 1029 1693 atquc
1043 1613 1114 1672 hanc
1165 1608 1214 1683 τὴν
1238 1608 1341 1669 αἰτίαν·
1375 1607 1429 1670 ἰδοὺ
1451 1596 1500 1669 καί
1527 1607 1602 1682 adri
1643 1614 1717 1688 ὑμῖν
1750 1609 1873 1689 ἀνῄρηται

394 1702 477 1762 tuisse
498 1723 607 1763 causrnn
625 1702 724 1762 silentii
745 1700 928 1787 demustecce
942 1714 969 1761 et
982 1701 1041 1761 haec
1053 1701 1112 1783 ipsa
1165 1703 1288 1786 πρότεροι
1314 1711 1368 1770 τοῖς
1391 1703 1457 1783 πρλς
1476 1705 1546 1779 ὑμᾶς
1564 1701 1880 1781 ἐπεπηδήσαμενγριίμς

395 1812 466 1852 nunc
477 1792 557 1855 vobis
575 1791 701 1870 eripitur,
715 1805 742 1851 et
752 1791 838 1852 literis
851 1791 949 1852 nostris
961 1813 1010 1852 vos
1024 1792 1112 1853 laces·
1164 1795 1277 1876 χοίριτάς
1288 1818 1317 1854 τε
1330 1800 1392 1874 ὑμῖν
1401 1798 1595 1874 ὁμολογοῦντες
1604 1797 1660 1864 τῆς
1672 1791 1823 1872 γνησίαςά

393 1883 488 1962 simus,
498 1905 530 1943 ac
543 1883 625 1944 simul
633 1882 848 1964 gratiasagimus
858 1883 895 1944 ob
903 1884 1034 1945 sinceram
1041 1885 1113 1947 hanc
1164 1886 1246 1955 οὕτως
1260 1886 1430 1965 ἀκμάζουσαν
1441 1887 1503 1968 περὶ
1515 1890 1593 1964 ἡμᾶς
1608 1887 1797 1966 διατηρεῑτε,
1810 1886 1852 1944 καὶ
1877 1920 1882 1929 -

392 1975 629 2056 sadotemqmm
639 1996 703 2056 erga
714 1998 762 2038 nos
770 1976 808 2037 ita
817 1977 957 2038 florentem
968 1999 1113 2040 conserva·
1163 1983 1320 2056 καλοῦντες,
1332 1980 1411 2054 ἡνίκα
1425 1979 1456 2039 ἂν
1469 1979 1527 2059 ἐξῇ,
1545 1979 1598 2038 καὶ
1622 1977 1809 2038 ἐπιστέλλειν
1827 1982 1881 2054 ἡμῖν

392 2065 437 2143 tis,
445 2088 478 2128 nc
487 2068 615 2149 petimtm,
626 2082 656 2128 ut
664 2068 883 2149 quotiescumque
896 2069 1112 2147 licebit,crebras
1163 2076 1241 2154 εχῶς.
1253 2073 1320 2134 Ὅτι
1333 2073 1382 2152 μὲν
1395 2071 1447 2154 γὰρ
1457 2071 1501 2131 καί
1515 2070 1735 2152 παραγενέσθαι
1748 2073 1859 2130 ἐνταῦθα
1872 2103 1877 2115 .

392 2157 426 2218 ad
441 2180 490 2219 nos
501 2160 594 2221 literas
605 2161 685 2222 dctis,
700 2163 761 2222 Non
780 2161 853 2221 enim
865 2159 961 2222 dubito
977 2162 1043 2242 quin
1056 2162 1111 2225 huc
1162 2167 1318 2241 ὠκνήσατε,
1334 2169 1357 2226 εἰ
1379 2165 1417 2244 μὴ
1438 2162 1472 2224 τὰ
1492 2162 1626 2245 εἰρημένα
1648 2164 1814 2242 κωλύματα
1850 2198 1853 2207 ·
1876 2200 1881 2211 .

392 2251 508 2334 impigre
526 2252 654 2316 advolare
670 2253 759 2336 parati
777 2253 906 2328 fuissetis,
925 2253 979 2315 nisi
1000 2275 1030 2313 ea
1051 2276 1111 2334 quae
1163 2259 1336 2337 κοσμιότητος
1357 2261 1431 2336 ὑμῶν
1446 2248 1496 2329 ἦν,
1510 2255 1588 2314 οὐδὲν
1606 2255 1810 2338 ἀμφιὸἀλλιυ·
1856 2256 1878 2269 “

392 2346 621 2406 commemorastis
627 2345 819 2428 impedimenta
827 2345 1047 2424 intercessissent5
1054 2347 1110 2407 imo
1127 2365 1146 2414 c
1163 2353 1216 2413 ἀπὸ
1229 2356 1276 2424 τῆς
1289 2350 1397 2430 γνώμης
1409 2350 1455 2409 καὶ
1476 2345 1674 2429 παρεγένεσθε.
1689 2349 1770 2408 Ἀλλ’
1786 2347 1871 2419 ἕτεειδίΙ

392 2458 456 2498 vero
466 2439 557 2499 animo
562 2439 620 2520 jam
627 2460 660 2498 ac
670 2439 808 2500 voluntate
817 2437 973 2500 advolastis.
982 2437 1036 2499 Sed
1046 2460 1110 2517 qno
1162 2445 1231 2525 ἔργῳ
1242 2447 1382 2527 πληρῶσαι
1392 2442 1456 2509 τέως
1465 2442 1512 2499 οὐκ
1524 2439 1577 2511 ἔνι,
1589 2438 1642 2512 τὴν
1657 2441 1722 2502 ἀπὸ
1730 2445 1788 2500 τῶν
1797 2464 1867 2520 γραμ

392 2531 464 2592 niam
477 2531 506 2592 id
520 2531 606 2613 reipsa
617 2531 676 2592 fieri
689 2532 821 2614 tantisper
834 2552 888 2592 non
901 2544 999 2614 potest,
1011 2531 1108 2591 litera·
1161 2543 1227 2617 ἡμῖν
1240 2540 1372 2618 παρέχετε
1380 2533 1559 2613 παράκλησιν,
1572 2531 1610 2592 cd
1623 2532 1697 2615 περὶ
1714 2538 1768 2606 τῆς
1787 2532 1870 2613 ὑγείας

391 2645 453 2683 rum
467 2625 561 2685 saltem
575 2624 671 2684 solatio
684 2638 807 2684 nostrum
818 2644 959 2685 moerorem
975 2622 1067 2699 lenite,
1077 2643 1110 2683 ac
1162 2629 1265 2690 καὶτοῦ
1279 2626 1351 2688 οἴκου
1360 2626 1457 2693 παντὸς
1467 2622 1725 2704 εὐαγγελιζόμενοι.
1743 2627 1781 2684 Εἰ
1793 2624 1845 2706 γὰρ
1857 2668 1864 2682 .
1878 2661 1879 2664 =

390 2714 425 2776 de
435 2730 523 2778 vestra
537 2717 674 2796 totiusque
684 2730 778 2777 restrae
787 2718 885 2777 domus
895 2715 1110 2779 valetudinenos
1163 2720 1302 2799 δεξαίμεθα
1316 2720 1432 2799 συνεχῶς
1443 2718 1506 2797 παρ’
1520 2719 1596 2792 ὑμῶν
1615 2715 1801 2796 γράμματα,
1816 2715 1862 2774 κάν

390 2807 470 2869 facite
482 2808 616 2869 certiores.
630 2807 661 2868 Si
679 2806 751 2868 enim
769 2806 903 2888 ejusmodi
915 2807 998 2867 literae
1012 2805 1047 2866 ad
1060 2827 1109 2867 nos
1161 2812 1300 2894 λειτωτέρρ
1314 2809 1410 2883 ταύτης
1424 2806 1521 2889 ἐρημίᾳ
1532 2806 1702 2885 καθήμεθα,
1714 2808 1825 2882 πολλὴν
1843 2844 1866 2860 ι

391 2899 497 2960 avobis
514 2899 603 2959 missae
617 2899 726 2975 suerint,
735 2899 861 2979 quamvis
875 2899 904 2960 in
917 2898 1046 2981 asperiori
1057 2899 1108 2959 dc·
1163 2906 1308 2964 ἐπιστολῶν
1323 2905 1397 2981 ὑμῶν
1411 2898 1611 2982 καρπωσόμεθα
1621 2897 1678 2973 τὴν
1691 2900 1877 2981 παράκλησιν.

391 3011 487 3070 gamus
497 2990 651 3067 solitudine,
660 3012 743 3070 quam
754 2990 789 3050 sit
802 2990 864 3068 ista,
874 2990 988 3051 multam
1000 3012 1035 3051 ex
1047 2991 1109 3052 lite·

392 3082 430 3142 ris
442 3083 539 3143 vestris
548 3082 755 3143 consolationem
768 3082 915 3164 capiemus.

484 3268 629 3330 CCXXV.
645 3268 819 3329 Constantio
831 3269 1015 3348 presbytero.
1323 3266 1386 3328 σκε’.
1403 3266 1582 3347 Κωνσταντίιρ
1593 3268 1797 3353 πρεσόυτίριρ.

431 3453 549 3515 Miratus
561 3474 682 3515 sumcur
698 3468 729 3514 tu
743 3453 790 3533 qui
802 3467 858 3515 um
872 3452 1042 3516 vehementer
1059 3474 1108 3516 uos
1204 3448 1362 3528 Ἐθαιίμασα
1383 3452 1439 3517 πῶς
1453 3448 1521 3509 οὕτω
1535 3448 1646 3532 σφοδρὸς
1669 3454 1756 3529 ἡμῶν
1771 3453 1814 3510 ὧν
1827 3454 1873 3532 ἐρα

242 3540 271 3569 ¹¹⁰
317 3526 339 3571 ”
391 3569 475 3624 antas,
487 3547 587 3627 quique
596 3547 666 3608 nihil
675 3568 728 3609 non
736 3567 825 3628 agere,
836 3547 937 3622 dicere,
945 3568 978 3607 ac
988 3547 1045 3629 pati
1055 3568 1108 3609 no-
1162 3541 1309 3602 minuimur
1322 3552 1405 3602 ποιεῖν
1425 3542 1470 3601 καί
1483 3541 1568 3620 λέγειν
1580 3540 1649 3621 ὑπὲρ
1666 3547 1752 3622 ἡμῶν
1771 3545 1822 3603 καὶ
1844 3545 1880 3603 πεί

391 3655 446 3703 stra
460 3662 540 3701 causa
554 3654 664 3722 paratus
675 3661 703 3700 es
713 3645 818 3720 (neque
827 3639 899 3701 enim
909 3660 958 3700 nos
967 3639 1049 3719 fugit,
1061 3661 1108 3701 ne·
1126 3656 1147 3704 n
1163 3635 1408 3717 παρεσκευασμένος
1419 3633 1495 3710 (sust
1505 3632 1556 3713 tlte
1564 3638 1637 3710 ἡμᾶς
1648 3632 1751 3694 ἔλαθεν
1762 3661 1771 3673 ·
1784 3636 1848 3697 οὐδὲ
1856 3636 1881 3714 v*

392 3756 445 3814 que
454 3732 513 3793 fieri
525 3746 621 3815 potest,
632 3746 663 3791 ut
680 3732 782 3793 sincere
798 3745 932 3792 amantem
945 3730 974 3789 id
988 3731 1106 3811 fugiat),
1163 3726 1276 3810 γνησίως
1295 3731 1420 3810 φιλοῦντα
1439 3730 1559 3802 λαθεῖν),
1572 3725 1632 3786 οὐδὲ
1646 3727 1726 3797 ἅπαξ
1749 3735 1824 3808 ἡμῖν
1840 3735 1882 3790 ἐπ

393 3846 426 3886 ne
441 3825 523 3885 semel
537 3823 648 3904 quidem
669 3823 705 3884 ad
725 3845 774 3885 nos
788 3824 929 3900 scriberes,
947 3822 1030 3903 idque
1044 3846 1108 3885 cum
1162 3825 1226 3897 λας,
1240 3821 1382 3880 καὶταῦτα
1400 3818 1512 3893 πλησίον
1526 3820 1643 3878 ἐλθοῦσιν
1659 3822 1760 3899 ὑμῶν,
1777 3822 1828 3883 καὶ
1856 3867 1863 3880 .

392 3937 442 3976 nos
461 3913 535 3974 haud
554 3915 633 3994 louge
647 3915 756 3975 anobis
775 3913 985 3991 advenissemus,
999 3916 1107 3978 etmihi
1163 3913 1224 3996 μίοο
1246 3939 1291 3994 μοι
1304 3915 1351 3974 καὶ
1369 3912 1534 3982 ἐνδοξοτάτου
1552 3912 1666 3990 ἀδελφοῦ
1684 3915 1830 3975 Λιθανίαυ

392 4007 544 4090 plurimum
560 4002 687 4066 colendus
706 4019 733 4065 et
744 4004 910 4067 clarissimus
923 4007 1005 4068 irater
1019 4009 1108 4071 Liba-
1162 4006 1316 4089 ἀφιγμένω.
1331 4006 1384 4066 Καὶ
1394 4012 1478 4066 ταῦτα
1487 4008 1533 4064 οὐκ
1543 4005 1680 4082 ἐγκαλῶν,
1693 4008 1759 4066 ἀλλ’
1770 4009 1864 4086 ἀλγῶν

393 4099 455 4159 nius
467 4098 503 4158 ad
516 4118 564 4158 nos
582 4109 712 4179 pergeret.
727 4095 791 4155 Haec
804 4117 820 4156 a
832 4118 940 4157 menon
953 4119 985 4158 oo
996 4101 1108 4162 consilio
1162 4099 1274 4174 Ἐπειδὴ
1293 4098 1345 4180 γὰρ
1367 4098 1467 4179 σφόδρα
1491 4096 1626 4175 διάκειμαι
1647 4099 1715 4178 περὶ
1736 4099 1793 4174 τὴν
1815 4103 1878 4162 εὗλά

392 4191 534 4266 dicuntur,
545 4205 575 4250 ut
588 4211 638 4252 vos
647 4187 880 4266 accusem,scdut
892 4188 982 4250 dolori
992 4212 1052 4252 meo
1064 4214 1108 4254 sa-
1162 4193 1299 4271 sponte
1312 4191 1401 4273 ἕτερον
1416 4189 1466 4270 μὲν
1486 4186 1644 4263 οὖδὲν,·ὅτι
1666 4189 1699 4249 δι’
1724 4215 1777 4252 σου
1803 4199 1879 4276 τῆςῆ

392 4286 533 4348 tisiaciam.
541 4286 610 4345 Nam
621 4281 749 4363 quoniam
762 4301 860 4361 magno
872 4282 970 4342 affectu
980 4283 1107 4365 pietatem
1162 4286 1286 4368 φροντίδα
1305 4293 1390 4353 ποιεῖς
1405 4283 1473 4361 μετὰ
1486 4282 1572 4355 πάσης
1586 4286 1633 4354 τῆς
1646 4286 1794 4361 σπουδῆς,
1807 4289 1856 4348 καὶ

392 4393 510 4443 vestrum
529 4397 686 4460 prosequor,
703 4395 756 4435 non
775 4372 858 4434 aliam
877 4374 913 4434 ob
927 4395 1047 4453 caumm,
1059 4376 1108 4439 sed
1162 4370 1277 4446 είκοινὸς
1286 4382 1338 4438 τῶν
1350 4380 1377 4438 ἐν
1387 4375 1513 4456 ἀνάγκαις
1519 4375 1616 4453 ὄντων,
1627 4379 1726 4436 πενίαν
1738 4379 1833 4454 λύων,
1843 4407 1880 4464 χι,

391 4473 520 4552 quoniam
530 4470 604 4531 omni
616 4466 706 4528 studio
714 4467 750 4526 de
761 4465 859 4528 animae
867 4479 920 4526 tute
932 4466 1018 4527 salute
1029 4468 1105 4529 solli-
1161 4469 1357 4552 διορθούμενος,
1368 4467 1494 4552 ὀρφανίαν
1506 4467 1623 4548 ἀνέχων,
1641 4470 1734 4538 κοινὸς
1747 4474 1851 4556 πατὴρ
1873 4483 1882 4521 ³

389 4565 458 4625 citus
472 4576 542 4641 es,et
554 4561 642 4641 iisqui
652 4560 853 4623 necessitatibus
862 4572 1021 4640 premuntur
1031 4581 1106 4623 com·
1124 4569 1142 4618 tt
1160 4585 1212 4621 των
1222 4560 1269 4635 ὢν,
1281 4559 1372 4623 τούτου
1383 4560 1462 4642 χάριν
1472 4561 1573 4643 σφόδρα
1585 4583 1631 4619 σου
1643 4564 1727 4641 ἀρῶν,
1737 4565 1792 4625 καὶ
1803 4568 1881 4649 γράμ

389 4679 499 4720 munem
513 4669 538 4716 te
552 4667 661 4737 portum
673 4655 763 4731 oiiers,
779 4653 847 4714 dum
857 4651 946 4734 egenis
957 4653 1103 4734 succurris,
1159 4655 1231 4731 παρὰ
1243 4658 1291 4727 τῆς
1304 4658 1351 4727 σῆς
1364 4651 1501 4721 εὐλοιάείας
1522 4652 1644 4733 δέχεσθαι
1658 4656 1805 4736 ἐπιθυμεῖν.
1826 4663 1852 4721 Δ
1866 4663 1878 4682 “

388 4751 456 4813 dum
475 4747 568 4811 viduis
584 4745 723 4822 subvenis,
734 4744 802 4806 dum
816 4757 948 4805 sustentas
960 4744 1104 4826 orphanos,
1157 4748 1255 4820 ταύτην
1266 4754 1331 4826 ἡμῖν
1344 4746 1392 4822 riv
1403 4747 1492 4832 χάριν,
1506 4746 1552 4806 καλ
1576 4745 1719 4825 ἔμπλησον
1735 4756 1871 4831 ἡμῶνῃλ,

385 4857 412 4905 et
423 4861 593 4905 communem
606 4837 732 4900 omnibns
742 4850 768 4898 te
775 4848 913 4918 petentem
925 4835 1040 4918 prebes,
1053 4837 1105 4897 ltac
1157 4838 1263 4920 θυμίαν.
1279 4842 1320 4899 Οὐ
1338 4841 1391 4921 γὰρ
1406 4841 1454 4913 τὴν
1474 4840 1605 4919 τυχοῦσαν
1621 4844 1839 4924 καρπωσόμεθα
1876 4886 1878 4890 ψ

385 4935 420 4998 de
432 4958 513 4998 cansa
527 4956 591 4996 cum
604 4930 705 5014 ingenti
721 4949 812 4990 amore
825 4926 865 4989 tui
881 4927 995 5008 afficiar,
1010 4928 1103 4990 literas
1156 4934 1265 5007 κλησιν,
1277 4931 1414 4991 καὶταῦτα
1428 4933 1454 4991 ἐν
1467 4929 1566 5012 ἐρημίᾳ
1574 4930 1762 5014 διατρίὸοντες
1769 4983 1779 5014 ,
1792 4938 1827 4999 ἀν
1839 4965 1882 5013 τη

416 5191 428 5216 ¹
444 5175 507 5227 Tres
517 5173 578 5226 Μαι.
589 5180 624 5228 der
635 5175 660 5226 tt
669 5193 702 5226 σοι
714 5183 753 5231 τῆς
763 5177 835 5239 ψυχῆς
845 5171 912 5234 plin
925 5180 964 5228 τῆς
977 5179 1015 5229 τῆς
1023 5176 1093 5235 μετὰ,
