3764 5992
111 389 186 482 614
444 410 476 459 s.
502 407 642 460 roauurs
666 405 850 457 cnarsosr.
877 407 1035 458 ancurnn.
1060 408 1329 459 consulantne.

151 548 319 610 siccam
341 565 381 608 an
392 546 604 608 Isrocmrrma
618 563 782 606 ammonere
796 538 943 601 misitcum
952 541 1011 620 jam
1029 540 1139 601 tertium
1151 561 1253 601 annum
1272 540 1302 600 in
1317 537 1414 601 exsilio
1424 551 1527 619 ageret,
1541 550 1575 598 ut
1596 536 1651 617 ipse

112 640 142 700 in
151 641 274 723 epistolae
288 641 344 701 {ine
356 654 554 701 commemorat
569 638 669 698 Pulsus
686 650 713 696 et
727 636 757 695 in
769 633 899 694 exsilium
917 631 1052 693 abductus
1071 634 1125 692 luit
1146 633 1355 714 chrysostomus
1377 652 1449 691 anno
1469 632 1550 710 dcl,
1564 649 1651 689 meme

110 731 196 793 Iunio
201 755 211 808 3
223 731 259 791 de
267 730 314 791 die
323 731 421 791 m'ensis
429 745 468 792 est
477 731 600 810 questio,
609 749 669 807 quae
676 728 704 786 in
713 726 780 789 Vita
793 724 979 804 Chrysostomi
985 724 1136 784 excutietur
1139 747 1149 801 ;
1162 725 1220 784 bec
1228 724 1313 804 igitur
1325 723 1441 805 epistola
1461 723 1564 804 scripta
1575 721 1652 780 luerit

111 842 206 883 vmsas
219 823 301 883 finem
311 824 375 884 anni
385 825 456 901 406,
468 844 530 883 cum
541 822 651 881 tertium
658 839 759 879 annum
768 819 797 877 in
807 815 903 876 exsilio
917 829 1006 895 ageret
1014 815 1232 896 Chrysostomus.
1243 818 1348 877 Verum
1355 815 1407 874 hae
1418 813 1494 875 dere
1507 835 1562 874 non
1571 833 1652 895 parra

65 921 104 962 ⁸¹⁸
114 915 234 994 exmrgit
244 915 393 976 difficultas
407 939 414 972 ε
427 917 467 975 ait
482 915 583 997 quippe
598 914 810 995 chrysostomus
829 931 857 968 se
873 908 943 967 hanc
967 908 1108 989 epistolam
1126 910 1232 967 mittere
1245 930 1295 989 per
1314 911 1445 970 Joannem
1462 908 1652 989 presbyterum

112 1026 214 1088 perque
226 1007 344 1066 Paulum
356 1007 501 1067 diaconum
516 1031 524 1064 r
538 1021 564 1066 et
577 1020 666 1065 tamen
681 1005 710 1063 in
719 1002 832 1085 epistola
842 999 912 1072 tte,
921 1000 1001 1069 intra,
1009 1020 1070 1078 quae
1079 1013 1118 1058 est
1132 999 1168 1058 ad
1182 999 1339 1081 Cyriacum,
1352 1002 1522 1059 Demetrium
1536 1013 1564 1058 et
1583 1013 1654 1058 cete·

113 1117 168 1174 roe,
181 1106 208 1156 et
218 1097 318 1179 scripta
329 1113 444 1180 putatur
453 1119 524 1158 anno
532 1099 602 1175 405,
611 1098 650 1157 ait
659 1097 869 1178 cbrysostomus
879 1094 1011 1152 Ioannem
1019 1092 1206 1172 presbyterum
1220 1106 1247 1151 et
1261 1091 1379 1152 Paulum
1387 1090 1536 1151 diaconum
1547 1091 1601 1150 iter
1610 1111 1654 1170 pa-

113 1209 184 1266 rare,
199 1203 230 1248 ut
243 1190 315 1270 ipsos
328 1191 503 1268 conveniant3
516 1190 539 1249 si
549 1203 639 1249 autem
647 1210 679 1249 eo
695 1208 775 1263 anno,
789 1206 885 1265 nempe
897 1184 967 1256 wi,
981 1183 1051 1242 banc
1065 1183 1206 1263 epistolam
1223 1184 1359 1265 scripserit
1373 1184 1596 1264 chrysostomus,
1606 1202 1655 1259 quo

112 1293 192 1361 pacto
204 1279 294 1340 dicere
306 1283 392 1363 possit
406 1304 434 1341 se
446 1282 555 1342 tertium
567 1301 668 1341 annum
679 1281 708 1340 in
716 1279 813 1339 exsilio
839 1297 919 1356 agere
933 1275 980 1354 qui
992 1289 1051 1334 tum
1059 1274 1207 1334 secundum
1217 1289 1321 1334 tantum
1334 1276 1401 1334 inire
1413 1275 1540 1356 poterat?
1555 1274 1655 1354 Opina-

113 1383 160 1430 tur
170 1371 503 1433 Tillemontiusdoannem
516 1386 542 1433 et
559 1373 685 1447 Paulum,
706 1370 754 1449 qui
768 1382 832 1428 tuno
849 1367 901 1428 iter·
913 1366 1053 1449 parabant,
1070 1366 1214 1426 Inannum
1235 1382 1387 1446 sequentem
1407 1368 1561 1448 profectum
1580 1386 1656 1423 suum

112 1459 269 1541 distulisse,
284 1462 332 1523 sed
344 1464 397 1524 hac
409 1464 484 1524 dere
495 1464 621 1545 plurrbus
635 1463 665 1522 in
678 1461 744 1523 Vita
759 1459 956 1541 cbrysostomi.
969 1460 1001 1518 ln
1014 1459 1066 1518 hac
1083 1459 1194 1539 epistola
1213 1459 1422 1540 chrysostomus
1438 1479 1493 1518 non
1508 1479 1597 1516 unum
1615 1458 1657 1515 In·

115 1555 270 1614 nocentium
282 1556 440 1635 alloquitur,
459 1555 508 1616 sed
525 1569 551 1615 et
564 1555 655 1637 plures
667 1555 780 1614 sortasse
792 1553 931 1633 episcopos
947 1550 996 1630 qui
1014 1550 1058 1611 vel
1077 1571 1140 1609 oum
1152 1551 1307 1610 Innocentio
1325 1551 1451 1630 agebant,
1466 1550 1513 1610 vel
1534 1571 1551 1608 e
1569 1547 1657 1608 vicino

114 1645 199 1726 pocin‘
208 1660 293 1705 erant.
307 1647 346 1706 Iis
360 1647 462 1727 gratias
471 1647 529 1727 agit
538 1647 748 1728 chrysostomus
759 1642 796 1703 de
806 1642 939 1703 constanti
957 1662 1020 1723 erga
1031 1663 1060 1703 se
1075 1641 1196 1720 caritate,
1214 1641 1302 1723 deque
1324 1642 1519 1718 sollicitudine,
1534 1661 1590 1719 qua
1610 1661 1657 1720 pro

115 1734 233 1796 sedanda
247 1752 405 1819 tempestate
414 1753 489 1799 tanta
499 1739 543 1798 usi
555 1739 669 1798 fererant.

156 1827 302 1888 Errsroua
314 1831 488 1889 Innocuam
503 1852 541 1890 an
552 1833 696 1892 torsera
711 1829 963 1898 Guarsosrorrmt,
978 1844 1060 1902 quam
1082 1823 1201 1884 servavit
1221 1822 1393 1901 Sorommus,
1409 1838 1465 1885 tota
1479 1823 1659 1885 consolatoria

114 1931 165 1994 eet,
176 1932 202 1978 et
212 1919 390 1980 observantie
401 1921 575 2000 caritatisque
587 1921 668 2002 plena
679 1943 686 1976 :
699 1919 795 2002 paucis
804 1917 851 1976 hic
861 1916 952 1994 agitur
966 1913 1001 1974 de
1010 1915 1140 1995 patientia
1154 1915 1181 1974 in
1196 1915 1327 1992 adversis,
1340 1915 1429 1995 deque
1441 1938 1543 1975 corona
1557 1916 1660 1997 patien-

114 2007 404 2090 tibussanctisparata.
418 2011 571 2092 Respondet
582 2010 752 2071 Innocentius
761 2008 881 2090 epistole
890 2007 1087 2089 chrysostomi,
1099 2007 1240 2086 aquodam
1250 2009 1365 2089 cyriaco
1374 2008 1490 2068 diacono
1498 2008 1554 2067 sibi
1564 2007 1660 2066 allata.

155 2099 300 2162 Errsrota
316 2103 489 2163 Inuocearn
506 2124 545 2162 an
568 2123 691 2163 cusan!
707 2102 1086 2162 &asnaamsororrrartrrrr
1112 2112 1152 2158 est
1175 2099 1312 2181 responsio
1333 2099 1369 2161 ad
1383 2100 1528 2181 epistolam
1541 2099 1662 2179 ejusdem

119 2190 186 2250 cleri
195 2205 222 2251 et
237 2193 343 2273 populi,
360 2214 376 2251 a
385 2195 523 2254 Germano
535 2193 692 2275 presbytero
702 2206 729 2252 et
741 2192 868 2252 cassiano
878 2189 992 2251 diacono
1005 2189 1040 2250 ad
1054 2192 1240 2252 Innocentium
1253 2193 1374 2270 allatam,
1387 2194 1415 2252 in
1428 2213 1482 2273 qua
1496 2190 1664 2251 calamitates

113 2281 252 2342 alentalis
264 2283 393 2343 Ecclesiae
403 2283 529 2365 deplorat
539 2285 721 2345 Innocentius.
738 2284 784 2343 hir
797 2280 974 2343 necessariam
991 2303 1048 2341 esse
1058 2281 1095 2341 ad
1107 2283 1261 2343 curandum
1272 2284 1374 2343 malum
1387 2282 1486 2366 synodi
1500 2281 1662 2342 celebratio-

116 2391 181 2432 nem
197 2395 205 2430 ι
221 2386 249 2433 et
263 2394 291 2433 se
301 2373 450 2434 admodum
460 2389 554 2456 optare
565 2389 596 2434 ut
604 2374 767 2435 mcumenica
776 2374 897 2456 synodus
910 2388 1030 2453 cogatur,
1041 2395 1096 2452 quo
1108 2375 1258 2434 turbulenti
1269 2391 1358 2436 motus
1368 2377 1506 2436 sedentur.

155 2461 298 2524 Eersrona
312 2465 437 2525 Horroarr
453 2467 652 2526 Irrrraaroars
665 2488 704 2526 an
713 2468 873 2525 hacanrnrr
895 2465 1036 2525 cernens
1053 2486 1223 2543 rmncrrrrr,
1239 2489 1274 2527 ex
1288 2468 1388 2527 Codice
1402 2469 1540 2530 Vaticano
1554 2465 1662 2536 educta,

114 2565 143 2613 et
153 2575 171 2613 a
183 2554 322 2614 Cardinali
333 2556 451 2617 Baronio
464 2556 613 2637 publicata,
627 2577 735 2616 causam
745 2554 856 2618 Ioannis
870 2556 1055 2638 chrysostomi
1066 2557 1185 2638 respicit
1200 2558 1318 2619 Orditur
1328 2561 1479 2641 Imperator
1489 2560 1527 2618 ab
1537 2559 1665 2638 imagine,

114 2643 246 2724 nimirum
261 2645 407 2724 Eudoxire,
423 2669 483 2727 quae
500 2668 550 2728 per
566 2646 721 2727 provincias
736 2647 974 2707 circumferebatur
992 2647 1102 2707 honoris
1124 2670 1225 2708 causa:
1242 2665 1384 2730 postquam
1404 2652 1508 2711 scilicet
1532 2649 1665 2709 Eudoxias

114 2749 202 2797 statua
210 2750 335 2817 argentea
344 2739 371 2799 in
380 2738 469 2820 platea
476 2754 538 2800 ante
544 2740 684 2800 ecclesiam
695 2741 727 2800 S.
738 2739 848 2820 Sophia
861 2752 948 2798 erecta
957 2737 1116 2799 etdedicata
1125 2739 1308 2820 suit,ludique
1318 2743 1456 2815 celebratI,
1470 2757 1498 2802 et
1511 2741 1667 2823 speetamrla

114 2828 185 2888 forte
198 2829 289 2913 minus
297 2830 409 2890 honesta
419 2831 492 2891 edita
503 2845 576 2905 sunt,
589 2853 648 2910 quae
659 2831 818 2914 populuma
833 2829 952 2890 collectis
960 2844 988 2890 et
998 2830 1061 2891 aliis
1068 2831 1175 2911 pietatis
1183 2834 1319 2893 exercitiis
1331 2842 1492 2894 averterent.
1503 2837 1576 2908 Quae
1588 2854 1666 2894 eausa

115 2916 168 2978 brit
182 2934 212 2979 ut
222 2921 417 3002 chysostomus
430 2922 458 2981 in
468 2922 641 2982 concionibus
657 2923 716 2982 haec
725 2944 775 3003 pro
788 2943 863 2982 more
874 2943 924 2981 suo
936 2922 1128 3002 perstringeret
1137 2944 1170 2982 ac
1182 2925 1358 3006 vituperaret,
1376 2926 1458 3006 inque
1472 2925 1611 2985 Eudoxire
1622 2926 1666 2982 ol-

115 3010 264 3071 Iensionem
277 3012 435 3090 incurreret,
450 3035 511 3092 que
523 3013 632 3073 resiuse
643 3014 804 3072 tractabitur
813 3013 842 3072 irr
850 3014 917 3076 Vita
930 3014 1126 3095 Chrysostomi.
1141 3016 1173 3074 ln
1188 3016 1239 3075 hac
1253 3018 1366 3098 epistola
1375 3032 1431 3078 tota
1447 3017 1551 3077 acriter
1560 3014 1667 3075 invehi·

116 3115 164 3161 tur
178 3102 314 3163 Honorius
329 3103 442 3184 ingesta
458 3103 506 3163 illa
519 3104 822 3185 constantinopolitana,
838 3126 898 3184 que
919 3105 948 3164 in
968 3104 1135 3187 depositione
1152 3107 1199 3166 illa
1217 3108 1310 3186 iniqua
1320 3108 1513 3190 Chrysostomi
1527 3105 1667 3190 aecidere3

115 3193 240 3272 queitur
252 3195 337 3254 altare
347 3195 478 3275 sanguine
490 3195 610 3255 humano
624 3199 739 3256 tinctum
750 3196 846 3274 luisse,
858 3193 1007 3255 sacerdotes
1019 3195 1048 3255 in
1062 3197 1190 3257 exsilium
1199 3213 1283 3274 actos,
1301 3200 1413 3281 pulsum
1431 3200 1526 3281 ipsum
1536 3203 1668 3263 Joannem

118 3284 459 3368 canstantinopolitanum5
470 3306 529 3365 quae
541 3286 667 3346 omniain
680 3288 739 3368 ipsa
751 3287 864 3368 epistola
881 3285 1018 3346 studiosus
1036 3286 1120 3348 lector
1133 3288 1339 3349 animadvertet.

157 3375 301 3439 Ermronr
315 3399 354 3437 an
370 3396 519 3438 errsconos
531 3398 568 3437 er
583 3398 778 3439 samanaeos
790 3399 826 3438 oa
839 3399 1025 3438 ramercurt«
1034 3399 1166 3439 naucerus
1176 3402 1313 3441 incensos
1328 3382 1427 3441 cucusi
1442 3383 1548 3462 scripta
1556 3394 1668 3463 putatur

118 3488 189 3529 anno
202 3470 271 3530 wi.
279 3469 379 3530 lisdem
391 3469 505 3550 epistola
516 3470 602 3529 altera
615 3469 791 3530 consolatoria
804 3470 885 3529 missa
897 3469 951 3528 luit
964 3491 981 3528 a
992 3469 1194 3550 Chrysostomo,
1208 3493 1268 3550 quae
1276 3486 1315 3532 est
1328 3494 1441 3531 numero
1451 3472 1576 3534 CXVIII
1588 3473 1667 3532 infra.

159 3558 345 3642 Epistolanrm
359 3560 476 3621 duarum
487 3560 525 3621 ad
542 3561 741 3636 innocentium,
758 3574 785 3621 et
796 3561 880 3644 hujus
892 3559 930 3619 ad
946 3559 1085 3642 episcopos
1098 3576 1125 3621 et
1137 3563 1310 3644 presbyteros
1330 3564 1458 3641 inclusos,
1480 3565 1670 3646 interpretatio

119 3650 216 3712 latina
224 3666 264 3713 est
276 3652 371 3712 incerti
380 3651 533 3734 cujusdam,
540 3673 622 3730 quam
634 3651 730 3712 multis
739 3651 768 3712 iu
777 3651 844 3714 Iocis
853 3650 1063 3733 castigammus3
1075 3653 1250 3734 epistolarum
1261 3656 1343 3715 ctiam
1347 3655 1499 3716 Innocertii
1507 3657 1669 3739 interpreta-

119 3743 221 3802 tionem
234 3743 360 3803 Latinam
373 3743 489 3804 subinde
498 3743 712 3806 emendarimus.

152 4115 415 4176 IIINOCENTIO
442 4114 645 4176 EPISCOPO
671 4118 811 4177 ROMAE.
858 4124 879 4171 Δ
956 4121 1212 4210 'turoneum
1234 4126 1436 4211 Efflxxolttt
1456 4127 1607 4187 munz.

123 4262 254 4361 Domireo
265 4299 599 4378 meolieeerendissimo,
604 4302 843 4381 pientissimoque
896 4308 967 4392 ῑΤῷ
987 4278 1102 4391 &effi
1120 4334 1172 4390 peu
1193 4314 1232 4393 τῷ
1246 4311 1465 4393 αῑδωμωςᾶτῳ,
1484 4313 1533 4371 „t
1554 4315 1678 4394 θεοφὼ.

153 4396 328 4467 Innoceptr'o
343 4391 809 4454 Ioannesinliominosalotem.
938 4400 1028 4552 „qm
1043 4402 1181 4483 ἕπιςχόη,
1205 4403 1368 4484 ἸΜχεπξῳ
1387 4402 1516 4476 Ἰωάννης
1538 4408 1566 4466 3,
1588 4405 1679 4487 Κυρίῳ

938 4518 976 4575 χω
988 4517 1050 4574 μιν.

32 4690 105 4754 ·l⁰I·
166 4661 842 4746 I'AEtiamanteqnamredditesuntliterenestre,
940 4649 995 4709 Καὶ
1004 4649 1057 4731 πρὸ
1067 4650 1297 4729 ὧνῖμμμᾶἳω
1307 4641 1604 4732 ἆμῑῶνῆμῒὲρων
1616 4657 1683 4727 ἄκη·

125 4757 483 4842 φῑῃωρὶςωρωγωιιω
493 4753 643 4828 audivisse,
658 4749 789 4831 quidnam
798 4751 844 4812 hic
901 4742 990 4803 adver
1006 4741 1056 4814 τὴν
1073 4742 1212 4802 εὖλᾶὅειαν
1227 4746 1302 4820 ὑμῶν
1315 4743 1365 4816 τὴν
1381 4743 1556 4824 παρανομίαν
1569 4745 1624 4817 τὴν
1638 4749 1683 4805 ἐν·

126 4864 233 4934 parrare
245 4869 311 4909 ausa
322 4843 694 4925 netrmiqnies.1taenim
704 4858 844 4905 resumet
901 4839 985 4896 wila
995 4837 1181 4912 tristitiem·
1194 4833 1300 4914 Tiyip
1314 4833 1423 4914 μέγεθος
1435 4838 1490 4895 τῶν
1509 4838 1608 4896 &recu
1624 4840 1685 4899 οὐδὲ

159 5058 173 5084 ·
188 5041 288 5094 corun
299 5056 357 5090 ma
368 5035 469 5090 aranu·
479 5033 563 5104 aaut·
572 5036 635 5089 use
646 5035 757 5102 tempe
768 5050 827 5086 ean
837 5032 889 5083 v..
945 5029 960 5068 ι
976 5027 1009 5079 ru
1020 5024 1172 5094 quma
1181 5021 1321 5077 emimus
1330 5023 1400 5088 sac,
1410 5039 1444 5096 ‚e
1455 5030 1558 5097 arara,
1566 5050 1626 5094 pf„
1634 4987 1686 5078 ets.

128 5124 229 5183 tienne,
241 5117 410 5177 Cehlmiano,
423 5125 450 5166 et
467 5115 516 5166 viri
526 5111 659 5165 clarissimi
671 5107 766 5163 alberti
776 5107 889 5163 Fabricii
912 5121 991 5174 usqae
1007 5103 1108 5156 initium
1124 5102 1239 5170 epistole
1255 5102 1357 5154 duint.
1369 5105 1428 5154 Duo
1443 5104 1509 5155 Ιιι.
1521 5113 1562 5159 eet
1573 5113 1622 5172 πρὸ
1642 5120 1689 5159 eas

126 5191 498 5264 &ecquae-bricionem
510 5206 640 5245 mnus.
913 5192 1060 5254 γραμμὴν
1071 5179 1542 5250 μὴῴηᾳὺἁτίὂπιωῐίαῶἱι.
