3764 5992
516 461 561 512 ln
588 460 649 513 noe
674 462 731 529 orn
756 460 1004 513 scennnrnzsrr
1028 456 1129 513 sum.
1157 459 1223 508 nro.
1251 456 1351 507 onus.
1387 444 1390 449 '
1633 430 1705 531 idq

162 590 251 650 κτίσιν
262 588 295 648 δι’
309 589 401 650 οὐδένα
412 590 498 669 ἕτερον
514 588 676 662 ἐποίησεν,ἢ
697 589 740 649 διὰ
755 589 803 650 σέ·
818 587 864 649 καλ
884 613 934 648 κα·
985 585 1164 647 instituamus.
1179 584 1256 645 Huc
1271 584 1344 644 enim
1363 580 1516 642 mirabilem
1534 581 1705 640 concinnam-

161 683 213 756 λήν
225 682 306 756 οὕτω,
319 681 365 741 καλ
380 680 497 761 μεγάλην
510 680 594 756 οὕτω,
612 681 657 740 καί
670 680 807 755 ποικίλην,
822 681 867 740 καλ
881 702 934 739 πο-
986 698 1040 758 qne
1054 690 1203 737 mouturam
1217 689 1328 756 propter
1343 672 1428 732 aliurn
1446 670 1706 746 nullum·ooudidit,

162 771 272 840 λατιλῆ,
289 769 336 828 καλ
349 769 459 850 διαρκῆ,
481 768 526 827 καὶ
546 768 683 849 χρησίμην
703 769 748 828 καλ
771 769 934 849 πανταχόθεν
988 766 1041 829 nisi
1059 782 1170 850 propter
1183 780 1210 827 te
1223 790 1231 842 3
1249 787 1281 826 ac
1300 780 1356 825 tana
1374 765 1517 846 pulchram
1532 777 1559 823 et
1571 760 1708 843 magnam,

163 860 323 941 κερδαλέαν,
336 860 382 919 καλ
396 861 460 940 πρὸς
478 858 602 938 σώματος
617 860 760 942 διατροφήν
773 862 819 921 καί
834 862 937 922 σόστα-
954 874 972 920 Β
992 873 1048 919 tam
1061 860 1165 918 variam
1178 871 1204 917 ct
1217 857 1373 939 pretiosam,
1386 877 1418 914 ac
1432 876 1585 936 perennem,
1601 854 1705 927 utilem,

165 976 219 1025 σιν,
240 951 284 1011 καλ
308 950 373 1032 πρὸς
387 953 476 1032 ψυχῆς
493 951 663 1032 φιλοσοφίαν,
679 953 804 1034 καὶπρὸς
823 958 938 1033 θεογνω-
993 964 1019 1010 et
1029 951 1102 1011 omni
1115 972 1150 1010 ex
1162 962 1237 1031 parte
1246 950 1422 1025 fructuosam,
1438 960 1463 1005 et
1476 946 1512 1005 ad
1522 944 1710 1027 eorporissus·

164 1042 226 1110 σίας
235 1043 293 1102 ὁδὸν
303 1041 456 1113 ἐπιτηδείαν
464 1043 641 1104 κατεσκεύασε
652 1043 695 1105 διδ
704 1045 743 1106 σέ.
752 1045 822 1106 Οὐδὲ
832 1044 883 1127 γάρ
893 1045 941 1126 άγ·
993 1042 1166 1102 tentationem
1188 1054 1214 1100 ct
1235 1040 1487 1115 corroborationem,
1511 1050 1537 1097 et
1559 1037 1596 1097 ad
1613 1036 1711 1097 auimae

163 1137 240 1213 γελοι
247 1133 344 1206 ταύτης
357 1133 477 1195 ἐδέοντο·
492 1138 549 1202 πῶς
559 1134 611 1217 γὸρ
622 1141 647 1197 ot
659 1136 705 1195 καλ
716 1136 806 1220 πρλνή
820 1136 941 1217 γενέσθαι
994 1133 1205 1210 instructionem,
1227 1145 1253 1192 et
1275 1143 1367 1212 aptam
1383 1129 1420 1189 ad
1440 1130 1514 1190 viam
1540 1127 1711 1189 sternendam

166 1225 249 1298 αἰπήν
261 1225 348 1299 ὄντες,
363 1225 429 1286 Ὅτι
443 1226 496 1307 γὰρ
510 1229 604 1286 ἐκεῖνοι
615 1230 706 1308 πολλῷ
718 1227 817 1301 ταύτης
827 1226 941 1309 πρεσόό-
994 1226 1031 1285 ad
1047 1225 1227 1306 coguitionem
1241 1223 1303 1297 Dei,
1326 1237 1373 1283 tua
1397 1221 1478 1281 unius
1500 1240 1580 1281 causa
1601 1218 1712 1281 creavit.

165 1340 256 1396 τεροι,
268 1317 347 1377 ἄκουε
361 1316 388 1376 τί
402 1341 482 1398 φησιν
495 1323 511 1378 θ
525 1318 594 1386 Θεὸς
607 1322 647 1399 τῷ
660 1317 724 1378 'tus
743 1318 941 1398 διαλεγόμενος·
995 1321 1090 1398 Neque
1106 1318 1178 1378 enim
1197 1316 1287 1396 angeli
1307 1315 1466 1395 indigebant
1485 1313 1532 1372 illa
1550 1336 1560 1371 a
1577 1310 1715 1391 quomodo

166 1408 237 1468 Ὀιε
250 1408 353 1488 ἐγένετο
369 1409 468 1490 ἄστρα,
482 1409 579 1490 ᾔνεσάν
597 1432 630 1488 με
645 1409 742 1476 πάντες
755 1411 863 1489 ἄγγελοί
877 1433 942 1488 μου,
996 1411 1069 1470 enim
1090 1409 1250 1491 indigerent,
1271 1407 1318 1488 qni
1332 1407 1491 1489 priusquam
1509 1405 1625 1465 oriretur
1643 1403 1713 1484 ipsa,

166 1501 216 1560 καὶ
225 1501 346 1580 ὕμνησαν
363 1508 436 1581 φωνῇ
453 1500 657 1582 μεγαλῃ·τοῦτ’
671 1500 755 1573 ἔστιν,
769 1501 944 1583 ἐκπλαγέντες
994 1505 1052 1584 jam
1074 1504 1176 1562 erant?
1194 1502 1258 1561 lllos
1280 1500 1352 1560 enim
1370 1500 1421 1559 ista
1443 1497 1530 1557 multo
1551 1496 1716 1576 antiquiores

167 1594 202 1653 τὸ
213 1596 328 1667 πλῆθος,
341 1593 373 1652 τὸ
394 1593 505 1667 καλλος,
528 1592 576 1666 τήν
600 1593 688 1667 θέσιν,
709 1593 758 1668 τήν
778 1592 881 1675 χρείαν,
894 1594 944 1668 τήν
997 1615 1064 1670 esse,
1080 1592 1146 1653 audi
1161 1616 1215 1673 qno
1230 1606 1308 1674 pacto
1322 1591 1414 1652 verbis
1427 1590 1482 1651 illis
1495 1588 1619 1649 ostendat
1632 1591 1715 1663 Deus,

167 1685 315 1759 ποικιλίαν,
324 1684 372 1757 τήν
382 1685 554 1766 φαιδρότητα,
563 1683 611 1758 τήν
623 1685 792 1764 λαμπηδόνα,
801 1684 850 1756 τὴν
862 1687 944 1767 ὁρμο
996 1687 1098 1767 quibus
1117 1687 1155 1746 ita
1173 1686 1273 1747 Jobum
1294 1684 1467 1763 alloquitur:
1487 1681 1613 1762 Quando
1622 1683 1777 1764 jactatos.
1793 1684 1831 1736 ³8.
1843 1703 1869 1749 γ.

168 1775 240 1848 νίαν,
254 1775 288 1835 τὰ
303 1776 371 1835 ἀλλα
385 1775 488 1848 πάντα,
505 1776 574 1856 άπερ
588 1777 775 1861 ἀκριόέστερον
789 1782 867 1858 ἡμῶν
885 1800 945 1838 συν-
997 1791 1069 1839 sunt
1085 1779 1194 1851 sidera,
1217 1778 1415 1838 laudaverunt
1437 1796 1484 1834 me
1499 1795 1598 1834 omnes
1618 1773 1717 1855 angeli

168 1872 268 1948 ορῶαιν
288 1869 391 1927 ἐκεῖνοι.
412 1871 470 1927 Οὐκ
490 1868 605 1949 ἀστράσι
626 1867 654 1927 δὲ
673 1868 841 1930 ἐκαλλώπισε
858 1869 946 1949 μόνον,
1000 1874 1067 1943 mei,
1085 1885 1113 1931 et
1129 1891 1204 1930 voce
1218 1890 1328 1952 magno
1346 1873 1531 1929 cecinerunt:
1546 1866 1599 1926 hoe
1615 1878 1655 1926 est
1670 1865 1718 1925 ob

170 1959 242 2019 ἀλλὰ
253 1959 299 2019 καλ
312 1958 380 2040 ήλίῳ
397 1960 443 2020 κοιλ
452 1960 552 2041 σελήνη
568 1960 778 2041 κατεκόσμησεν,
789 1965 816 2022 ἀν
831 1962 947 2046 ἑκατέρῳ
962 1979 981 2026 c
999 1962 1142 2043 stupefacti
1150 1961 1335 2035 multitudine,
1344 1958 1559 2042 pulchritudine,
1568 1957 1634 2036 situ,
1643 1955 1718 2015 utili-

170 2057 211 2134 τῷ
231 2058 316 2133 καιρῷ
340 2053 441 2127 πολλὴν
464 2054 511 2132 μέν
532 2078 574 2115 σοι
593 2054 642 2126 τήν
662 2054 775 2130 ήθονήν,
795 2054 896 2126 πολλὴν
920 2053 947 2115 δὲ
1000 2066 1063 2131 tate,
1075 2053 1216 2132 varietate,
1231 2053 1395 2131 amoenitate,
1411 2051 1566 2134 splendore,
1582 2049 1719 2112 concinni·

170 2145 299 2226 παρέχων
313 2144 362 2218 τήν
376 2144 469 2224 χρείαν
483 2143 510 2212 ἐξ
528 2146 694 2226 ἀμφοτέροιν.
706 2145 743 2206 Τί
757 2145 810 2228 γάρ
822 2145 949 2227 ὡραιότι-
1001 2158 1066 2224 tate,
1089 2146 1191 2205 caeteris
1211 2145 1348 2221 omnibus,
1372 2166 1433 2224 quae
1456 2144 1537 2225 longe
1561 2141 1658 2203 melius
1678 2138 1721 2199 illi

173 2258 220 2317 ρον
233 2238 354 2316 οὐρανοῦ,
367 2242 412 2294 νῦν
427 2236 475 2313 μὲν
487 2236 531 2317 ὑφ’
546 2237 621 2304 ήλίω
638 2262 667 2297 τε
681 2239 727 2297 καλ
741 2238 852 2310 σελήνης
865 2261 948 2296 κατα·
1002 2258 1084 2316 quam
1109 2258 1158 2297 nos
1181 2236 1356 2319 perspiciunt.
1381 2238 1475 2314 Neque
1496 2256 1560 2295 vero
1587 2233 1722 2295 sideribus

172 2327 358 2407 λαμπομένου,
371 2333 417 2386 νῦν
428 2327 466 2401 ut,
480 2329 601 2409 καθάπερ
612 2331 680 2390 τισίν
694 2333 836 2412 ὀφθαλμῶν
848 2333 948 2414 βολαῖς,
1002 2343 1108 2390 tautum
1123 2329 1278 2404 exornavit,
1287 2327 1334 2387 sed
1345 2341 1371 2386 et
1385 2327 1442 2387 sole
1454 2341 1480 2386 et
1495 2326 1559 2386 luna
1570 2325 1720 2403 decoravit,

173 2424 213 2501 τῷ
234 2424 335 2501 ἀπείρῳ
355 2425 408 2479 τῶν
429 2420 534 2500 ἄστρων
556 2421 652 2495 πλήθει
674 2423 881 2504 καταυγάζοντος
898 2424 948 2495 τήν
1004 2437 1119 2502 utruque
1131 2436 1251 2504 ternpore
1265 2420 1379 2480 multam
1391 2419 1442 2478 tibi
1456 2419 1633 2500 voluptatem,
1647 2418 1720 2477 mul-

172 2517 237 2591 γῆν,
254 2512 300 2571 καὶ
313 2510 421 2580 ναύταις
440 2512 487 2572 καλ
500 2512 646 2595 ὁδοιπόροις
659 2514 768 2594 ὁδηγούς
779 2537 852 2582 τινας
865 2514 951 2574 διδόν-
1004 2528 1060 2575 tam
1078 2537 1114 2574 ex
1132 2529 1247 2593 utroque
1271 2511 1447 2594 suppeditans
1465 2510 1621 2570 utilitatem.
1645 2510 1723 2582 Quid

174 2628 219 2671 τος
232 2604 278 2663 καλ
287 2602 480 2684 χειραγωγούς
495 2603 529 2664 ‘0
541 2603 593 2687 γάρ
603 2604 633 2664 εδ
652 2607 766 2685 πέλαγος
775 2605 894 2686 τέμνων,
906 2605 951 2666 καλ
1005 2606 1072 2667 eaelo
1080 2605 1235 2689 pulchrius,
1245 2605 1318 2685 quod
1331 2624 1402 2663 nune
1413 2626 1429 2662 a
1439 2602 1498 2662 sole
1510 2602 1628 2682 lunaque
1638 2602 1723 2662 collu-

176 2695 398 2756 introveniens
417 2695 579 2774 καθήμενος,
598 2697 644 2755 καὶ
663 2697 789 2776 κυμάτων
812 2699 949 2776 ἐμόολαῖς,
1005 2711 1118 2773 stratur,
1131 2718 1204 2758 nunc
1219 2697 1303 2759 veluti
1317 2694 1483 2775 quibusdam
1496 2694 1636 2755 oculorum
1644 2693 1723 2775 jacti-

175 2787 222 2846 καλ
238 2787 340 2846 ὑδάτων
354 2787 477 2846 ἀτάκτων
500 2787 585 2868 ῥύμη,
599 2788 645 2848 καὶ
659 2789 837 2866 ’πνευμάτων
857 2790 950 2869 βιαίων
1004 2792 1067 2869 bus,
1084 2790 1215 2850 immenso
1229 2788 1351 2849 siderum
1364 2786 1489 2847 examine
1503 2799 1603 2846 terram
1617 2785 1724 2845 illumi·

176 2887 257 2959 φορᾷ,
277 2878 323 2937 καλ
339 2879 430 2947 νυκτὸς
449 2879 571 2960 ἀσελήνῳ
592 2879 680 2960 σκότῳ
693 2881 829 2939 ἐκδίδωσιν
846 2880 949 2955 έαυτδν,
968 2895 987 2942 o
1006 2897 1064 2963 nat,
1076 2898 1103 2944 et
1116 2881 1205 2943 nantis
1215 2902 1248 2942 ac
1258 2879 1411 2942 viatoribus
1421 2875 1724 2958 indicesviaequosdam

175 2975 209 3049 τῇ
226 2970 299 3049 παρὸ
313 2970 405 3029 τούτω
420 2969 514 3051 θθηγίφι
529 2974 632 3051 θαρρῶν
648 2994 655 3008 ·
676 2971 722 3030 καὶ
740 2975 755 3030 θ
774 2975 801 3031 ἐν
815 2970 877 3069 ign
896 2971 952 3031 κεί-
1004 2977 1141 3056 ducesque
1154 2972 1368 3035 subministrat?
1384 2970 1440 3045 Qui
1457 2970 1529 3030 enim
1542 2969 1655 3052 pelagus
1668 2969 1724 3030 sul·
1749 2999 1878 3046 [quemn.

178 3086 254 3138 μενος
265 3061 350 3143 douln
362 3062 406 3122 τὸν
419 3064 450 3121 ἐκ
463 3061 588 3122 τοσούτου
600 3063 748 3140 καθήμενον
762 3064 951 3140 διαστήματος,
1005 3083 1059 3144 eat,
1072 3083 1100 3130 et
1113 3067 1149 3128 ad
1169 3067 1279 3128 clavum
1298 3063 1382 3143 sedet,
1405 3062 1560 3124 incursibus
1576 3063 1720 3140 llnctunm,
1732 3066 1875 3173 ifflffl

177 3153 269 3234 ὥσπερ
288 3153 365 3233 ἐγγὸς
385 3156 430 3214 καλ
449 3155 561 3228 πλησίον
576 3154 683 3235 παρὼν,
697 3154 766 3215 οὕτω
789 3156 857 3236 μετά
877 3161 952 3240 ἀκρι-
1006 3175 1032 3221 et
1046 3161 1216 3220 turbatarnm
1234 3157 1369 3217 undarum
1384 3154 1542 3231 insultibus,
1559 3175 1591 3215 ac
1606 3154 1723 3215 violento
1732 3201 1821 3250 „mg

177 3246 251 3312 61111
264 3257 433 3329 ἉῑῑθαΥωΎῑῖν
454 3247 500 3306 ml
521 3246 586 3327 πρὸς
603 3247 712 3326 λιμένος
729 3249 847 3330 &pullen
862 3248 951 3330 φωνὴν
1005 3268 1148 3316 ventorum
1163 3251 1278 3328 afflatui,
1292 3248 1432 3326 noctisque
1446 3247 1539 3307 illunis
1553 3247 1670 3307 tenebris
1682 3268 1723 3307 se·

178 3337 228 3415 μάν
248 3341 296 3397 οὐκ
312 3337 457 3418 &alelmi
474 3337 501 3397 δὲ
516 3341 574 3419 tuo
588 3338 690 3408 δεικνὺς
704 3343 791 3409 αὐτοῖς
806 3340 853 3409 the
870 3341 952 3416 ὁδοὺς,
1007 3346 1097 3428 ipsum
1114 3343 1236 3426 exponit,
1254 3341 1322 3402 adeo
1339 3340 1414 3399 illius
1431 3339 1556 3419 regimini
1573 3339 1685 3399 confidit
1699 3355 1725 3400 et

178 3429 294 3501 κ11117111
316 3431 453 3491 θάλασσαν
473 3430 578 3510 τέμνειν
599 3433 686 3498 αὐτοῖς
701 3433 875 3515 peditatus
895 3435 952 3513 μετ’
1007 3437 1126 3497 ductui:
1143 3450 1169 3495 et
1186 3431 1260 3514 quod
1278 3433 1306 3491 in
1325 3430 1436 3492 sublimi
1455 3431 1538 3490 situm
1554 3444 1595 3489 est
1612 3444 1724 3508 astrum,

179 3521 341 3601 depulsione,
360 3522 468 3605 καιροὺς
489 3524 653 3598 ὑποδεικνὺς,
667 3523 736 3584 um
753 3531 798 3584 νῦν
820 3525 867 3604 μὲν
891 3527 953 3586 eleo
1007 3529 1088 3589 illum
1102 3542 1177 3588 tauto
1194 3525 1320 3585 dissitum
1339 3515 1492 3602 interiallo,
1512 3522 1589 3600 quasi
1603 3523 1725 3583 vicinum

180 3617 228 3670 τοῦ
240 3611 345 3689 λιμένος
355 3613 478 3695 κατέχειν
488 3616 518 3674 τδ
531 3617 633 3685 πλοῖον,
646 3621 690 3674 νῦν
705 3615 733 3676 δὲ
746 3619 904 3697 θαρροῦντας
917 3619 954 3685 εἰς
1007 3622 1043 3682 sit
1063 3636 1090 3682 et
1110 3619 1305 3703 propinquum,
1328 3616 1365 3675 ita
1383 3636 1475 3674 secure
1493 3613 1615 3689 deducit,
1637 3629 1664 3675 et
1687 3616 1724 3676 ad

179 3704 212 3763 τὸ
231 3703 345 3784 πέλαγος
366 3704 482 3785 ἐξάγειν,
502 3706 548 3765 κοιλ
563 3706 599 3784 μὴ
616 3707 659 3765 δεδι
678 3706 727 3781 τήν
746 3716 792 3768 τοῦ
814 3709 953 3787 μέλλοντος
1006 3728 1116 3796 portum
1129 3709 1253 3793 appellit,
1267 3729 1316 3767 nec
1329 3720 1417 3766 tamen
1427 3707 1513 3765 ullam
1523 3727 1616 3767 vocem
1631 3706 1723 3783 mittit,

180 3794 291 3867 ἀδηλίαν
307 3795 463 3875 ἀπροόπεως
483 3801 520 3866 είς
540 3798 676 3878 χειμέριον
693 3799 873 3877 ἐμπίπτοντας
886 3802 953 3881 ήμέ-
1006 3804 1053 3866 sed
1068 3816 1211 3884 conspectu
1233 3821 1282 3860 suo
1295 3798 1370 3857 viam
1389 3797 1445 3858 illis
1464 3811 1605 3871 monstrat,
1624 3811 1650 3858 et
1667 3797 1723 3859 illis

183 3910 229 3967 ραν
240 3887 364 3966 ναυάγιον
377 3888 527 3967 ὑπομένειν.
542 3890 595 3949 Καὶ
607 3893 658 3971 οὐχ
666 3890 817 3971 ὁλοκλήρων
830 3893 857 3951 δέ
870 3897 953 3954 ένιαυ-
969 3913 988 3959 E
1006 3897 1114 3971 tribuit,
1129 3909 1160 3954 ut
1176 3892 1261 3954 maria
1276 3904 1334 3950 tuto
1348 3890 1451 3971 possint
1461 3889 1575 3966 emetiri,
1586 3889 1654 3949 dum
1668 3890 1722 3952 illis

176 3983 229 4037 τῶν
245 3979 329 4059 μίτρα
345 3979 422 4057 μόνον
438 3980 483 4038 καὶ
498 3980 603 4061 καιροὺς
616 3982 856 4064 χαροκτηρίζοοοιν
870 3976 952 4058 οὗτοι,
1005 4004 1125 4071 tempora
1134 3985 1268 4065 designat,
1283 3983 1321 4043 sie
1331 3996 1361 4041 nt
1371 4003 1443 4041 nunc
1454 3981 1565 4061 quidem
1576 3981 1646 4042 intra
1659 4006 1722 4066 por·

179 4070 247 4130 άλλά
267 4072 312 4130 καλ
326 4070 440 4142 ἑκάστης
460 4073 549 4140 νυκτὸς
563 4074 607 4132 καί
622 4073 693 4155 ὥραν
709 4074 754 4133 καλ
768 4076 869 4155 τροπήν
884 4078 952 4155 μετά
1005 4095 1065 4140 tum
1078 4077 1215 4139 retinenda
1229 4076 1263 4136 sit
1276 4075 1364 4151 navis,
1381 4095 1453 4134 nuuc
1463 4087 1553 4135 atttem
1567 4075 1594 4134 iu
1610 4077 1721 4157 pelagus

176 4164 277 4235 πολλῆς
297 4168 448 4243 παρεστῶσι
460 4169 508 4236 τῆς
521 4165 670 4246 ἀκριόείας,
684 4167 729 4225 καὶ
745 4174 863 4229 ποιοῦσιν
881 4170 950 4230 είδέ-
1005 4171 1169 4232 confidenter
1183 4167 1330 4243 educenda,
1342 4179 1369 4225 et
1381 4186 1433 4225 nou
1448 4160 1600 4246 improvide
1611 4182 1721 4248 propter

178 4279 222 4313 ναι
233 4254 292 4322 τοὺς
306 4260 433 4337 ὁρῶντας,
446 4257 510 4317 πότε
525 4257 573 4336 μὲν
588 4259 619 4319 τὸ
629 4257 709 4319 πλέον
725 4261 806 4333 αὐτῆς
824 4266 952 4343 παρῆλθε,
1005 4263 1185 4345 ignorantiam
1195 4262 1279 4321 futrrri
1290 4261 1317 4320 in
1327 4259 1400 4319 diem
1412 4258 1559 4318 incidentes
1567 4258 1720 4331 hiemalem,

176 4347 244 4405 πότε
260 4347 287 4406 δέ
300 4348 331 4407 τὸ
341 4346 449 4407 ίλαττον
466 4350 664 4424 ὁπολελιιπται,
684 4352 730 4411 καλ
748 4344 782 4411 αδ
801 4355 952 4414 τούναντίον
1005 4355 1177 4435 naufragium
1191 4353 1336 4434 patiantur.
1346 4353 1440 4428 Neque
1452 4370 1516 4411 vero
1530 4363 1634 4409 teritum
1649 4351 1719 4411 iute-

176 4439 276 4511 πάλιν,
294 4437 359 4520 ὅπερ
378 4442 407 4499 οὗ
421 4438 528 4509 ναύταις
550 4442 627 4521 μόνον
640 4490 649 4516 ,
662 4443 730 4504 ἀλλά
745 4443 791 4503 καλ
804 4446 952 4529 ὁδοιπόροις
1006 4469 1116 4528 grorum
1136 4466 1269 4505 annornm
1287 4464 1425 4502 mensuras
1442 4455 1468 4500 et
1484 4452 1654 4523 tempestates
1672 4443 1720 4505 illa

131 4610 137 4623 γ
179 4529 322 4610 χρήσιμον,
335 4528 402 4590 ὥστε
420 4531 457 4609 μή
474 4535 541 4614 ἀωρὶ
561 4540 609 4607 τῆς
626 4537 718 4604 νυκτὸς
736 4543 785 4610 τῆς
803 4537 952 4619 ὁδοιπορίας
1004 4540 1156 4619 ἀρείφατοι,
1166 4535 1212 4596 sed
1226 4549 1251 4595 et
1268 4536 1398 4616 cujusque
1412 4533 1603 4593 noetishoram
1615 4548 1642 4594 et
1655 4556 1720 4596 cou-

178 4622 323 4696 ἀπτεσθαι,
337 4623 404 4701 μήτε
417 4627 443 4683 έν
460 4630 544 4707 καιρῷ
558 4631 597 4709 τῷ
610 4628 770 4710 προσήκοντι
784 4629 852 4690 οίκοι
865 4636 948 4703 καθῆ·
959 4678 996 4718 ,n
1005 4632 1155 4693 versionem
1170 4627 1313 4707 diligenter
1327 4638 1528 4706 repraesentant,
1543 4640 1569 4685 et
1586 4626 1718 4705 efficitmt,

178 4718 252 4773 σθαι.
266 4715 352 4774 Τοῦτο
366 4715 499 4794 μετὰτῶν
514 4718 632 4799 ἀστέρων
646 4721 692 4779 καλ
706 4725 729 4779 ol
745 4724 878 4793 σεληναῖον
889 4721 950 4801 θρό·
969 4734 990 4778 n
1006 4739 1035 4785 ut
1046 4747 1081 4784 ex
1093 4724 1152 4805 ipso
1163 4733 1271 4801 aspectu
1285 4717 1433 4790 diseamus,
1446 4716 1553 4795 qnando
1565 4718 1651 4799 major
1663 4720 1722 4800 ejus

178 4828 225 4882 μοι
239 4805 307 4884 μετὰ
324 4806 461 4886 ἀκριόείας
479 4809 542 4868 είσλν
562 4810 809 4891 έμπεπιστευμένοι.
824 4808 952 4895 Καθάπερ
1006 4838 1069 4898 pars
1081 4811 1250 4897 preterierit,
1265 4808 1373 4888 qnando
1387 4809 1476 4867 minor
1488 4807 1579 4868 adhuc
1591 4823 1682 4889 restet,
1695 4825 1722 4872 et

176 4897 230 4979 γὸιρ
247 4902 262 4957 ὁ
280 4896 356 4968 ἥλιος
376 4899 424 4966 τὰς
443 4898 513 4979 ὥρας
535 4906 583 4974 τῆς
603 4902 717 4982 ἡμέρας,
731 4902 800 4964 οὕτω
813 4904 887 4977 καλή
910 4929 952 4965 σε·
1006 4922 1097 4969 contra
1109 4926 1211 4980 rursus,
1221 4901 1293 4982 qnod
1305 4921 1357 4960 non
1371 4901 1459 4960 solum
1468 4899 1569 4976 nautis,
1583 4901 1721 4964 sedetiam

177 4987 247 5060 λήνη
267 4987 315 5055 τάς
336 4992 383 5060 τ’ής
402 4989 493 5057 νυκτδς
514 4993 656 5069 κανονίζει,
672 4995 718 5055 καὶ
738 4995 839 5069 πολλήν
861 4995 952 5077 έτέραν
1007 5000 1157 5064 viatoribus
1172 4995 1343 5057 commodum
1359 5008 1408 5069 est,
1425 5015 1458 5053 ue
1472 5007 1549 5054 nocte
1563 4994 1721 5078 intempesta

177 5089 270 5169 χρείαν
284 5088 411 5170 παρέχει,
426 5091 472 5150 καὶ
491 5093 567 5173 ἀέρος
586 5093 712 5175 εὔκρατον
731 5096 821 5178 χύσιν,
836 5096 881 5158 καί
897 5097 953 5178 δρό·
1007 5095 1080 5159 viam
1098 5089 1295 5172 ingrediantur,
1316 5107 1402 5166 ueqtm
1419 5085 1587 5148 convenienti
1603 5101 1723 5170 tempore

214 5261 224 5285 Ι
242 5244 289 5296 Alli
302 5256 437 5312 πνευμάτων
449 5258 533 5318 ἀγρίων
546 5266 613 5321 φορᾷ.
1005 5296 1011 5305 -

344 5347 416 5385 ῙΟΜ.
440 5349 460 5385 11
468 5349 485 5386 l·
1529 5324 1568 5382 57
