3764 5992
860 435 1042 483 russone.
1644 422 1714 495 823

173 548 203 619 τύ
216 558 374 620 πεπονθέναι
389 559 513 638 νομίζειν,
526 560 594 643 άπερ
609 560 640 620 άν
654 557 750 628 ἐκεῖνος
763 549 792 618 ού
808 557 895 637 πάθη,
907 560 946 638 τῷ
1000 557 1109 637 ceperit,
1117 535 1435 642 idem'oobisimpeasum
1441 561 1564 642 ferimus,
1570 567 1719 639 tumetium

172 676 203 712 τε
216 651 262 712 καί
276 651 349 712 ὴάπδ
368 653 421 712 τῶν
440 652 606 733 γραμμάτων
621 657 674 712 τῶν
689 650 826 731 ἡμετέρων
842 647 944 721 πολλὴν
999 647 1063 725 quin
1077 648 1188 709 aliteris
1198 651 1299 713 nostris
1308 651 1466 733 hujusmodi
1474 654 1718 719 benevolmtloein·

173 747 246 823 αὐτῷ
265 743 386 821 γενέσθαι
399 743 448 817 τὴν
471 743 624 824 προσθήκην
638 742 751 814 ταυτησί
773 745 821 813 τῆς
836 738 943 807 εὐνοίας.
998 753 1163 800 crementum
1175 742 1308 822 accepisse
1321 743 1445 824 contigit.
1460 745 1505 805 Tu
1519 766 1596 823 vero,
1609 745 1719 809 domine

171 835 245 895 Μίνε
258 834 309 910 δὴ,
331 835 447 896 δίσπατά
473 859 523 914 μου
553 834 746 915 αἰδεσιμῶτατε
768 833 815 894 καί
843 832 989 912 serit-0⁸,
999 830 1719 919 niieumprimmvenormdeaenobilissimqpuleltmm

172 949 270 998 στατε,
284 926 434 1008 θεραπεύων
448 928 478 986 τὸ
491 926 571 986 καλὸν
581 931 658 986 τοῦτο
668 923 756 1006 φυτόν.
765 922 815 991 Τίς
831 922 858 983 δὲ
869 922 943 982 ἔσται
961 922 981 969 Α
998 921 1187 1004 hanestirpem
1197 925 1283 985 colere
1294 947 1385 1008 perge.
1393 927 1526 999 Quaenem
1534 928 1719 1011 nutemipsins

172 1021 220 1088 τῆς
234 1017 372 1097 θεραπείας
387 1022 401 1076 ὁ
416 1016 590 1099 τρόπος;Ἢν
614 1017 658 1076 τὸν
677 1017 763 1096 ἔρωτα
780 1019 828 1087 τῆς
845 1013 943 1073 καλλί-
998 1011 1115 1072 colendae
1138 1013 1207 1074 ratio
1232 1015 1305 1076 erit?
1326 1017 1461 1076 Nimirum
1483 1018 1508 1077 si
1528 1017 1718 1099 pulcherrimas

172 1132 238 1176 στης
250 1108 347 1181 ταύτης
369 1109 542 1190 φιλοσοφίας,
558 1109 591 1180 ἡν
615 1108 716 1187 μέτεισι
735 1114 788 1181 νῦν,
806 1105 905 1188 τρίφης
916 1107 942 1164 ἐν
997 1103 1109 1183 hujusce
1132 1104 1329 1187 philosophiae,
1351 1129 1433 1185 quam
1453 1129 1526 1168 nune
1538 1121 1718 1187 eonseotatur,

171 1203 245 1281 αὐτῷ
261 1202 400 1273 διηνεκῶς,
421 1201 467 1260 καί
485 1198 613 1279 ἀκμάζειν
635 1198 854 1282 παρασκευάζης·
875 1196 943 1258 οὕτω
996 1193 1118 1256 studium
1131 1210 1211 1275 atque
1228 1220 1347 1258 amorem
1366 1213 1498 1280 perpetuo
1512 1198 1610 1281 inipso
1622 1200 1680 1261 alas
1692 1214 1719 1263 et
1745 1244 1748 1251 ·

170 1291 222 1373 γάρ
237 1292 281 1350 καὶ
295 1300 386 1372 ταχεῖς
403 1297 467 1371 ἡμῖν
479 1293 544 1352 οίσει
558 1291 618 1359 τούς
632 1292 757 1372 καρπούς.
773 1294 809 1350 at
819 1289 870 1370 γάρ
884 1314 943 1368 γεν·
996 1300 1121 1366 vegetes:
1134 1289 1173 1347 sie
1193 1290 1265 1349 enim
1290 1291 1388 1351 celeres
1413 1292 1520 1350 fructus
1541 1292 1621 1352 nobis
1641 1293 1717 1353 leret.

169 1393 244 1462 ναῖοι
256 1384 340 1464 ψυχαὶ
352 1387 381 1443 ού
395 1390 537 1463 μιμοῦνται
546 1384 594 1458 τὴν
606 1384 759 1464 βραδυτῆτα
770 1382 880 1442 τουτωνὶ
889 1386 942 1440 τῶν
997 1377 1140 1456 Siquidem
1153 1381 1275 1458 generosi
1289 1383 1383 1458 animi,
1396 1381 1524 1463 stirpium
1535 1382 1644 1457 harum,
1657 1405 1717 1465 quae
1751 1394 1753 1401 '

170 1479 270 1556 φυτῶν,
289 1480 341 1535 τῶν
355 1485 410 1542 τοῖς
437 1478 544 1545 κόλποις
563 1481 610 1546 τῆς
630 1479 679 1556 γῆς
698 1472 943 1556 καρακατατιθεμί-
997 1483 1076 1529 terrae
1085 1472 1188 1551 gremio
1203 1473 1373 1552 mandantur,
1382 1474 1536 1535 tarditatem
1548 1497 1602 1536 non
1616 1475 1718 1537 imitari

172 1591 232 1642 νων,
242 1569 300 1628 ἄλλ’
311 1573 377 1646 όμοῶ
391 1591 420 1626 τε
430 1568 585 1649 φυτεύονται
596 1570 623 1626 ἐν
635 1571 667 1647 τῇ
679 1566 809 1647 καλλίστῃ
823 1570 871 1639 τῆς
882 1571 943 1647 ἀρε·
998 1561 1097 1622 solent:
1106 1585 1199 1624 vetum
1207 1565 1370 1647 simulatque
1379 1568 1407 1627 in
1418 1557 1625 1650 praeclarissima
1634 1568 1718 1651 hujus

170 1662 219 1731 τῆς
233 1660 329 1731 ταύτης
342 1659 488 1741 ἐπιθυμία,
510 1659 556 1720 καί
579 1659 644 1741 πρὸς
667 1658 745 1718 αύτδν
762 1657 943 1718 ἀνατείνονται
997 1651 1107 1714 virtutis
1127 1655 1274 1737 eupiditate
1292 1673 1480 1739 conseruntur,
1496 1657 1532 1719 ad
1545 1658 1636 1741 ipsum
1650 1680 1719 1740 quo·

170 1752 216 1812 τδν
227 1750 344 1831 οὐρανὸν,
356 1751 401 1809 καί
419 1749 547 1824 τοσαύτην
562 1749 755 1810 ἐπιδείκνυνται
767 1751 820 1806 τῶν
830 1752 940 1830 καρπῶν
996 1764 1048 1823 que
1062 1745 1160 1805 caelum
1173 1747 1335 1824 evehuntur,
1348 1762 1488 1829 tantosque
1500 1750 1605 1809 fructus
1618 1748 1714 1827 edunt,

169 1842 219 1914 τὴν
231 1841 323 1923 φοράν,
337 1846 372 1910 ῶς
388 1842 493 1902 ἅπαντα
514 1840 692 1924 ἀποκρύπτειν
716 1844 829 1901 πλοῦτον
846 1839 939 1921 καλιῇ
995 1850 1026 1896 ut
1040 1851 1067 1897 et
1079 1837 1156 1918 copia
1176 1852 1203 1898 et
1221 1853 1318 1899 natura
1336 1841 1448 1903 divitias
1467 1861 1560 1901 omnes
1580 1854 1714 1923 superent.

170 1934 294 2015 δαψιλείᾳ
307 1935 352 1993 καί
363 1939 395 2014 τῇ
408 1932 493 2015 φύσει.
507 1934 547 1993 Ol
563 1932 613 2014 γάρ
626 1936 665 2012 τῷ
678 1932 789 2014 παρόντι
804 1955 940 2009 συγκατα-
994 1929 1088 2007 Neque
1097 1929 1169 1989 enim
1185 1951 1238 1989 una
1251 1952 1314 1992 cum
1333 1931 1457 2014 presenti
1467 1931 1525 1994 rita
1536 1930 1715 2013 exstinguon-

169 2025 277 2084 λύονται
288 2024 353 2105 βίῳ,
365 2025 434 2086 etto
448 2023 512 2104 πρὸς
529 2022 578 2096 τὴν
592 2021 740 2102 μίλλουσαν
752 2029 817 2102 ἡμῖν
828 2045 941 2085 συναπο-
957 2041 977 2089 Β
995 2032 1048 2097 tur,
1063 2041 1157 2082 verum
1173 2019 1344 2084 adfuturum
1363 2044 1453 2087 aevtim
1476 2023 1617 2084 nobiseum
1632 2044 1713 2084 exee-

170 2118 283 2195 δημοῦσι
295 2117 375 2191 ζυὴν.
994 2108 1074 2171 dunt.

368 2319 440 2401 ,μοι
454 2319 745 2402 ’metretarum
867 2274 870 2280 ¹
1136 2322 1259 2383 erni
1281 2323 1403 2404 σηοω
1426 2328 1569 2406 episcopo.

209 2492 320 2575 λ’λύττη
336 2490 385 2571 μὲν
399 2493 535 2571 ὀλιγάκις,
557 2490 651 2573 γνώμη
675 2490 703 2551 dl
723 2491 853 2561 πολλάκις
879 2494 940 2552 έπε-
1035 2490 1142 2572 Lingua
1155 2491 1267 2571 quidem
1281 2514 1353 2572 raro,
1366 2493 1557 2555 animoautem
1569 2493 1642 2557 adte
1652 2503 1865 2579 ρει-Δοοοοιρο.

168 2585 320 2663 στάλκαμίν
335 2608 381 2646 σου
394 2608 427 2664 τη
448 2584 582 2664 θεοσεόείρ
606 2584 653 2644 καλ
668 2587 728 2643 καθ’
744 2583 859 2657 ἑκάστην
875 2608 939 2663 συγ·
993 2603 1064 2664 saepe
1082 2583 1251 2664 scripsimus,
1272 2584 1446 2665 quotidieque
1458 2601 1547 2647 tecum
1561 2607 1709 2650 versamur.
1722 2568 1846 2630 ‘'w'lw'

168 2678 295 2758 γινόμεθα
315 2676 365 2751 τὴν
378 2676 492 2756 ἡμέραν,
519 2675 565 2735 καί
589 2675 687 2749 ταύτης
711 2678 759 2735 ούκ
780 2675 867 2756 ίσγύτι
890 2679 939 2749 τῆς
994 2677 1082 2753 Atque
1107 2674 1181 2735 hune
1204 2696 1376 2756 congressum
1413 2677 1491 2737 nobis
1513 2699 1561 2739 nee
1583 2681 1713 2761 temporis
1777 2683 1780 2689 '

168 2769 305 2837 συνουσίας
318 2773 389 2851 ἡμᾶς
401 2771 583 2850 ἀποστερῆσαι
601 2769 630 2828 οὔ
643 2767 739 2849 χρόνω
757 2770 871 2841 πλῆθος,
890 2773 940 2850 οὐχ
992 2766 1168 2841 diuturnitas,
1186 2789 1235 2829 nee
1246 2767 1350 2829 itineris
1359 2769 1552 2850 longinquitas,
1563 2792 1612 2833 nee
1620 2792 1714 2835 rerum

169 2863 228 2922 ὁδοῦ
242 2866 343 2941 μῆκος,
359 2860 567 2944 οθπραγμάτων
577 2858 741 2942 περίστασις.
753 2859 873 2934 Τοιαύτη
887 2858 938 2943 γάρ
992 2857 1141 2920 adversitas
1150 2859 1252 2941 eripere
1259 2873 1354 2940 potest.
1365 2861 1604 2923 Nameaearitatis
1616 2876 1713 2925 nautea
1810 2896 1814 2903 ·

167 2958 216 3026 τῆς
229 2953 334 3034 ἀγάπης
349 2957 366 3025 ἡ
379 2952 465 3034 φύσις·
477 2953 560 3015 οὐδενὶ
572 2952 672 3016 τούτων
685 2952 759 3028 ιίκει,
774 2952 834 3014 ούδί
846 2976 938 3036 παρα·
993 2964 1042 3024 est,
1058 2965 1089 3011 ut
1102 2951 1174 3011 nulli
1190 2950 1349 3033 hujusmodi
1371 2952 1411 3012 rei
1430 2953 1517 3032 cedat,
1533 2974 1629 3016 verum
1649 2969 1712 3032 stet,

167 3055 265 3128 χωρεῖ,
278 3047 337 3105 ἀλλ’
349 3044 444 3119 ίστηκι
456 3045 562 3106 πάντων
575 3046 725 3128 ὑψηλοτέρα
737 3045 872 3126 γινομίνη.
888 3044 936 3120 Ml
991 3044 1136 3124 omniaque
1148 3057 1265 3126 superet.
1282 3044 1475 3122 Quamobrem,
1489 3044 1711 3109 reverendissime

167 3138 253 3199 τοίνυν
276 3141 316 3219 τῷ
333 3139 385 3197 τῶν
398 3141 542 3200 ἐπιστολῶν
556 3143 677 3222 ἀριθμῷ,
704 3136 819 3199 δέσποτά
833 3161 883 3216 μου
898 3163 937 3199 τι·
953 3147 973 3197 c
990 3153 1022 3191 ac
1034 3132 1237 3213 religiosissime
1258 3132 1297 3193 mi
1318 3131 1443 3206 domine,
1457 3133 1513 3194 noli
1534 3133 1711 3216 epistolarum

168 3229 285 3309 prolaeta
298 3229 344 3288 καί
356 3229 546 3306 τύλαύίστατε,
567 3231 658 3311 μίτραι
674 3229 704 3291 τδ
718 3229 834 3311 φίλτρον,
847 3229 862 3290 δ
874 3228 936 3310 περί
989 3222 1101 3286 numero
1110 3224 1199 3286 meum
1205 3239 1428 3307 ergateamorem
1436 3225 1710 3308 ponderaretvetum,

166 3321 214 3395 τὴν
228 3320 277 3395 σὴν
290 3322 385 3402 ἔχομεν
397 3321 548 3401 ἐμμέλειαν,
561 3323 619 3382 ἀλλ’
635 3320 710 3390 είδῶς
723 3324 800 3398 ἡμῶν
811 3318 860 3392 τὴν
871 3319 936 3399 γνιύ-
990 3342 1052 3381 eum
1075 3321 1126 3381 tibi
1146 3322 1252 3382 animus
1276 3344 1351 3382 meus
1369 3344 1401 3382 ae
1417 3323 1616 3401 benevolentia,
1628 3344 1711 3405 quam

166 3438 219 3493 μην
232 3413 277 3474 καί
290 3413 339 3486 τὴν
356 3413 480 3487 διάθεσιν,
491 3415 524 3487 ἡν
539 3412 581 3474 dal
595 3413 657 3494 περί
667 3411 714 3488 τὴν
723 3412 862 3473 εύλάὸτιαν
877 3415 935 3473 lm·
989 3414 1083 3495 pietati
1090 3428 1142 3473 tuae
1153 3435 1260 3495 semper
1269 3414 1452 3496 prestititibi
1463 3427 1599 3495 comperta
1608 3414 1653 3490 sit,
1662 3415 1709 3475 ni-

163 3504 304 3582 δειξάμεθα
319 3502 367 3575 τὴν
382 3503 441 3576 σὴν,
467 3504 549 3583 μηδὲν
562 3505 616 3565 άπδ
637 3509 686 3578 τῆς
711 3514 814 3586 μακρᾶς
836 3503 934 3578 ταύτης
991 3504 1032 3563 hil
1051 3506 1086 3564 oh
1100 3503 1261 3564 diuturnum
1278 3504 1418 3565 silentium
1432 3505 1534 3565 sinistri
1553 3505 1708 3587 suspieeris.

165 3599 242 3672 σιγῆς
254 3594 393 3654 θπόπτευε.
406 3595 484 3655 Ἐπεί
503 3597 548 3654 καί
569 3601 646 3673 ἡμεῖς
665 3595 784 3676 ὀλιγάκις
799 3595 934 3675 δεξάμενοι
991 3594 1216 3675 Quandoquidem
1235 3617 1330 3656 nenos
1344 3595 1466 3675 quidem,
1485 3597 1534 3656 etsi
1556 3596 1648 3658 literas
1661 3599 1711 3659 alis

164 3682 311 3764 γράμματα
332 3683 406 3765 παρδι
423 3688 470 3756 τῆς
492 3690 541 3758 σῆς
556 3685 712 3761 διαθέσεως,
732 3686 791 3747 οὐδὲ
818 3691 933 3746 ἐντεῦθεν
991 3700 1017 3748 te
1027 3709 1088 3748 raro
1097 3687 1288 3769 acceperimus,
1297 3702 1438 3769 propterea
1451 3688 1712 3770 segnioremteerga

165 3776 341 3858 ῥφθυμότερόν
352 3777 451 3859 σεπερί
464 3783 536 3856 ἡμᾶς
545 3785 702 3859 γεγενῆσθαι
715 3779 863 3859 νομίζομεν,
874 3782 933 3839 ἀλλ’
990 3801 1039 3839 nos
1053 3777 1190 3839 redditum
1206 3778 1288 3837 luisse
1307 3778 1494 3838 existimamus
1509 3802 1516 3836 ι
1529 3801 1627 3841 verum
1640 3779 1712 3840 illud

164 3869 241 3946 ίσμεν
253 3873 342 3950 σαφῶς
354 3868 400 3929 καί
414 3868 635 3948 πεπιστεύκαμεν,
647 3869 687 3929 ότι
702 3870 788 3949 μένεις
806 3876 934 3931 ἀνθοῦσαν
989 3885 1127 3952 procerte
1143 3869 1287 3948 habemus,
1310 3870 1439 3950 nobisque
1463 3870 1668 3952 persuademus,
1685 3887 1712 3933 te
1728 3939 1736 3945 ,

166 3963 295 4042 διατηρῶν
311 3959 359 4032 τλν
373 3961 433 4043 περὶ
446 3965 517 4039 ἡμᾶς
531 3949 656 4037 διάθεσιν,
670 3966 699 4022 ού
713 3962 791 4040 μόνον
807 3965 854 4024 ούκ
870 3967 933 4023 άνα-
989 3961 1204 4023 benevolentiam
1211 3981 1279 4038 eam,
1289 3983 1341 4041 qua
1354 3982 1402 4020 nos
1411 3962 1540 4022 hactenus
1551 3962 1711 4044 complexus

165 4049 271 4109 πίπτων
292 4054 323 4110 ἐκ
342 4056 390 4123 τῆς
411 4051 547 4133 συνεχείας
566 4057 620 4112 τῶν
645 4052 816 4133 ἐπαγομένων
830 4055 932 4130 δεινῶν,
990 4075 1028 4132 es,
1044 4054 1183 4113 florentem
1193 4053 1319 4128 retinere,
1328 4066 1409 4134 atque
1422 4054 1457 4113 ob
1471 4054 1709 4136 calamitates,quae

165 4141 233 4202 ἀλλά
247 4142 291 4201 καὶ
308 4144 476 4224 σφοδρότερος
488 4144 622 4225 γινόμενος
640 4147 701 4227 περλ
714 4150 801 4225 ἡμᾶς·
818 4147 862 4206 καί
876 4147 934 4207 τού-
989 4146 1068 4206 nobis
1077 4143 1186 4204 assidue
1194 4144 1357 4224 infenintur,
1367 4166 1420 4205 non
1432 4145 1514 4206 modo
1524 4167 1578 4207 non
1587 4161 1709 4208 conster-

164 4258 210 4312 του
223 4259 263 4295 σοι
276 4234 355 4316 χάριν
365 4235 442 4314 ίσμιν
452 4237 563 4311 πολλήν.
574 4237 685 4309 Ἐπειδὴ
696 4235 724 4297 δὲ
738 4229 767 4296 sd
780 4228 877 4298 οἶδ’άτι
888 4240 934 4300 καί
950 4251 970 4298 Ι)
989 4237 1058 4313 nari,
1066 4234 1114 4296 sed
1123 4236 1204 4295 etiam
1213 4235 1411 4298 vehementiore
1419 4257 1536 4316 erganes
1547 4231 1708 4299 amore'atli·

163 4324 197 4384 τά
211 4325 328 4406 ἡμέτερα
343 4326 432 4407 βούλει
446 4327 595 4406 μανθάνειν,
612 4327 701 4408 θγείας
712 4329 877 4410 ἀπολαύομεν
889 4332 935 4391 καί
990 4327 1100 4389 ei:idee
1123 4328 1258 4408 ingentem
1271 4328 1322 4387 tilii
1342 4327 1458 4408 gratiam
1478 4326 1619 4388 habemus.
1635 4330 1708 4401 Quia

163 4416 370 4496 ἀπραγμοσύνης
380 4421 494 4493 πολλῆς,
510 4421 556 4479 καί
565 4419 693 4500 ἡσυχίας,
708 4419 753 4480 καί
766 4423 792 4480 ἐν
804 4422 935 4507 άσφαλείφ
989 4420 1388 4502 autemprobesciotequeque
1399 4416 1525 4478 derebus
1537 4418 1638 4481 nostris
1649 4441 1709 4482 cer-

163 4509 298 4588 διάγομεν,
311 4514 364 4569 τῶν
387 4509 541 4591 ’ίσαυρικῶν
556 4510 620 4578 τέως
641 4512 842 4592 ἀπηλλαγμένοι
856 4515 935 4596 θορύ-
989 4514 1086 4573 tiorem
1097 4512 1156 4571 fieri
1169 4532 1275 4592 cupere,
1286 4508 1425 4569 commoda
1436 4508 1591 4571 valetudine
1600 4533 1706 4591 sumus,

163 4601 226 4659 όων.
241 4600 294 4660 Τδν
308 4600 360 4683 γάρ
380 4607 500 4682 χειμῶνα
514 4604 607 4664 λοιπὸν
627 4609 675 4677 τῆς
694 4603 831 4684 Ἀρμενίας
844 4606 932 4688 φέρειν
989 4605 1142 4687 ingentique
1155 4603 1210 4664 otio
1222 4615 1248 4661 et
1258 4601 1347 4680 quiete
1361 4600 1489 4679 fruimur,
1501 4616 1582 4682 atque
1591 4602 1618 4664 iu
1630 4601 1709 4665 secu-¹

162 4692 328 4769 ἐμελέτησα,
342 4695 523 4774 βλαπτόμενος
548 4694 596 4774 μίν
619 4696 708 4776 ἠρέμα
731 4698 843 4776 βλάύην,
869 4698 932 4773 θσην
989 4698 1067 4757 ritate
1090 4696 1226 4776 degimus,
1248 4690 1375 4751 Isauricis
1397 4692 1527 4753 nimirum
1543 4695 1706 4756 tumultibus

162 4784 232 4849 εἷκδς
255 4782 336 4852 ούτως
357 4789 459 4845 ἀσθενεῖ
479 4786 583 4865 σώματι
598 4788 779 4870 κεχρημένον·
797 4791 934 4872 περιγενό-
988 4789 1102 4849 liberati.
1114 4789 1184 4847 Nam
1201 4784 1275 4865 quod
1284 4782 1320 4843 ad
1329 4783 1461 4844 Armeniae
1471 4784 1588 4846 hiemem
1596 4785 1704 4863 attinet,

163 4898 239 4951 μενος
262 4874 289 4935 δὲ
314 4880 352 4956 τῷ
377 4878 503 4949 διηνεκῶς
526 4879 592 4939 οἴκοι
613 4883 848 4954 κατακεκλεῖσθαι,
870 4883 932 4944 όταν
987 4883 1109 4963 samjam
1119 4901 1170 4940 usu
1188 4879 1246 4960 ipso
1259 4877 1329 4936 ferre
1341 4874 1436 4938 didici.
1449 4877 1621 4957 Quamquam
1632 4879 1704 4941 enim

195 5089 207 5125 ¹³
219 5086 325 5138 Codices
335 5103 422 5139 omnes
432 5091 512 5140 nostri
522 5099 568 5145 ἀπὸ
577 5103 622 5144 τῶν
632 5100 788 5162 γραμμάτωνε
797 5090 834 5142 εἰσ
844 5093 921 5142 etiam
945 5090 1011 5142 hane
1023 5108 1075 5142 esse
1086 5105 1170 5141 veram
1179 5085 1396 5140 lectionemssditi
1403 5096 1449 5143 ἀπὸ
1461 5101 1506 5142 τῶν
1516 5100 1703 5161 γνωριμωτέρων.

162 5181 225 5215 unus
246 5181 260 5214 ιι
279 5167 409 5218 Frontone
430 5168 522 5219 Ducoeo
540 5179 707 5236 memoratum
729 5185 809 5236 neque
829 5167 920 5222 dubito
947 5167 1052 5222 savitius
1064 5163 1249 5236 quoquelubet
1261 5174 1306 5221 άπλ
1319 5178 1363 5220 τῶν
1375 5174 1527 5237 γραμμάτων.
