3764 5992
269 352 339 475 γρῦ
591 393 620 441 s
648 391 787 442 scauros
813 387 995 438 cunrsosr.
1024 388 1182 437 incarne.
1211 386 1484 435 consranrrror.

268 521 424 587 conantur?
435 523 467 581 ln
478 474 567 581 iorum
582 532 617 594 tc,
631 539 691 596 quar
703 529 800 598 praeter
812 513 952 575 ecclesiam
963 527 990 573 et
1041 513 1129 575 πιίντα
1154 512 1288 586 ἐκίνησαν,
1311 511 1354 571 ἵνα
1380 511 1533 584 δυνηθῶσιν
1559 507 1722 626 ἀναγκάσαι
1740 532 1769 570 οι
1787 512 1822 571 ιτῖ

269 615 427 676 cubiculum
439 613 510 673 nihil
522 633 613 688 noras,
628 621 829 691 pertraxerunt,
844 628 860 665 a
880 608 938 666 foro
953 605 991 665 ad
1043 605 1237 686 βιάσασθαι
1202 628 1240 662 τω
1255 604 1331 684 ρόῦιρ
1347 606 1429 662 εἰπεῖν
1453 591 1639 661 τάναντία
1615 626 1658 660 ων
1678 600 1760 682 §doec
1782 604 1822 661 Καὶ

269 703 639 783 tribunalia,atrrbunalrbus
650 700 689 760 ad
697 720 838 760 carcerem.
847 697 990 758 Falsorum
1042 697 1163 776 καθαπερ
1183 662 1258 762 derbe
1280 693 1369 774 ὑψηλὰ
1382 693 1546 771 πετόμενος,
1572 691 1651 752 οὕτω
1673 693 1819 775 &supplices

269 800 380 861 testium
406 799 513 878 liuguas
538 808 679 869 acuerunt,
706 791 891 875 impudentem
916 790 990 850 calu·
1043 793 1129 849 αὐτῶν
1143 788 1177 848 τὰ
1195 787 1423 868 δίκτυα,προςτὀ
1436 786 1479 846 σοί
1493 784 1606 868 πρέπον
1621 789 1675 858 τῆς
1673 787 1820 901 ἐλευθερίας

269 886 671 966 mniamooncinnarunt,caedes
680 897 876 967 perpetrarunt,
886 881 990 943 cruoris
1043 881 1140 954 ἀνέὸης
1153 879 1232 962 ίίθος,
1250 885 1281 939 οὐ
1299 882 1535 995 παραλογισθεῑσα
1559 882 1632 954 παρ’
1650 881 1750 952 αὐτῶν,
1767 881 1820 938 illl

269 996 400 1043 torrentes
409 979 616 1062 profuderunt,
608 977 666 1058 rgni
676 998 708 1037 ac
718 976 808 1036 ferro
796 996 928 1078 Juvenum
934 993 992 1033 cor·
1042 973 1088 1033 καί
1102 973 1267 1052 συκοφάντας
1279 970 1371 1038 αῦτοος
1382 969 1548 1051 ἀποφήνασα
1562 970 1613 1028 ἐπὶ
1630 994 1673 1051 τῳ
1651 971 1820 1049 ἰγκλίαιει

269 1095 337 1157 pora
348 1086 564 1149 consumserunt,
576 1065 897 1151 multisacpraeclaris
870 1065 989 1127 virisin-
1006 1063 1127 1145 Grodrrp
1140 1087 1186 1123 του
1169 1067 1376 1145 ἐμπρησμοῦ,
1392 1053 1474 1142 sp*
1454 1086 1477 1119 ω
1500 1062 1632 1140 μαλιστα
1644 1063 1797 1122 ἐοοκαιν
1768 1090 1820 1179 ριγρ

267 1182 394 1221 numeras
409 1160 504 1242 plagas
517 1173 544 1219 et
556 1158 692 1218 cruciatus
704 1155 865 1231 intulenmt,
883 1152 991 1211 nullum
1043 1164 1146 1238 ρρονιῖν
1157 1157 1181 1216 oi
1194 1155 1280 1215 ἄθλιοι
1287 1154 1332 1213 καί
1343 1153 1521 1265 ταλαίπωροι
1534 1153 1749 1213 'Essuuios‘
1708 1179 1788 1215 τοινυν
1797 1158 1821 1214 τί

269 1249 388 1329 denique
396 1247 516 1330 lapidem
524 1257 739 1318 nonmoverunt,
747 1263 801 1322 quo
811 1255 837 1300 te
847 1253 920 1299 metu
931 1258 991 1320 per
1042 1247 1207 1362 σσρσλθόνςσ
1221 1246 1342 1318 ἅπαντα,
1358 1244 1428 1305 σόσσ
1441 1243 1568 1355 χύμρσσ,
1582 1244 1637 1303 καὶ
1649 1247 1814 1325 χειμῶνι’
1791 1272 1821 1306 σν,

268 1342 391 1402 territam
402 1341 456 1400 buc
468 1339 615 1420 affigerent,
630 1352 661 1397 ut
676 1337 720 1412 lis,
730 1356 790 1415 quae
800 1332 918 1409 Videras,
930 1353 992 1391 con·
1044 1340 1092 1400 οὐκ
1106 1339 1272 1419 εἰργάσαντο,
1287 1337 1357 1410 πόση
1369 1335 1449 1408 ζάλης
1458 1359 1505 1394 χαι
1494 1334 1719 1396 ’κλυδώνςσν’
1693 1362 1740 1397 σσχ
1751 1339 1822 1409 ἐσςίς.

270 1431 354 1492 traria
363 1431 474 1491 diceres.
486 1435 557 1491 Attu
567 1430 652 1489 instar
661 1427 759 1507 aquilae
772 1424 889 1486 sublime
899 1421 992 1484 volan·
1045 1454 1106 1490 σσν·
1124 1432 1182 1491 ἀλλ’
1196 1433 1223 1490 ἐν
1235 1428 1303 1509 μέσῃ
1317 1428 1465 1508 μαινομένῃ
1479 1426 1610 1506 θαλάττῃ
1637 1428 1712 1504 μετὰ
1722 1430 1822 1508 γαλήνης

269 1523 423 1600 dacorum
436 1522 540 1582 retibus
555 1522 648 1581 dacus
660 1519 696 1580 ad
705 1517 838 1579 libertatis
852 1513 992 1594 fastigium
1044 1523 1189 1591 ἕσλσνσσς·
1211 1522 1345 1601 προσδόκα
1369 1520 1472 1599 ταχέως
1497 1519 1618 1579 καὶτὸν
1645 1521 1747 1599 λιμένα
1770 1527 1822 1598 μετὰ

269 1615 430 1675 virtutium
443 1629 648 1674 oonscntaneum
657 1610 818 1672 ascendisti:
832 1608 991 1667 sictecom·
1043 1617 1149 1677 σσλλῶν
1163 1618 1215 1674 σῶν
1237 1614 1383 1694 σσιρσίνσν,
1397 1609 1510 1684 Ἐπειδὴ
1539 1610 1567 1669 δὲ
1601 1612 1655 1670 χαι
1679 1613 1743 1695 σσρὶ
1761 1619 1822 1691 ipsis

268 1725 379 1786 parans,
387 1698 926 1784 utabipsisminimecircumscribereris5
937 1696 992 1757 imo
1046 1705 1134 1787 βσύλςν
1155 1704 1305 1785 μσνθάνσνν,
1324 1708 1419 1783 ζῶμεν,
1434 1701 1608 1784 ὑγιαίνομεν,
1634 1706 1731 1778 πάσης
1750 1711 1824 1777 ἀπ),

268 1795 502 1901 ctiam,guantitm
515 1797 551 1856 ad
560 1797 644 1876 hujus
655 1792 772 1856 incendii
784 1792 885 1852 crimen
895 1790 991 1849 attine·
1043 1798 1164 1913 λάρρςθς
1179 1797 1339 1878 ἀρρωστίας.
1361 1799 1396 1856 Et
1410 1795 1437 1854 δὲ
1451 1794 1497 1855 καὶ
1514 1798 1735 1875 ἠρρωστσῦμσν,
1750 1802 1824 1858 unt,

268 1887 328 1966 bat,
341 1889 419 1968 cujus
430 1887 538 1947 nomine
547 1887 638 1947 miseri
651 1901 732 1966 atque
741 1884 860 1944 infelices
870 1882 992 1942 homines
1043 1897 1109 1969 ἡμῖν
1122 1891 1261 1973 φάρμακον
1273 1892 1329 1958 εἰςί
1319 1888 1408 1968 υγείαν
1420 1912 1467 1958 της
1476 1889 1528 1957 οῆς
1540 1888 1699 1958 εὐλαὸείας
1710 1895 1823 1970 ἡαγατη,

269 1993 418 2061 praesertim
428 1980 538 2060 gloriari
546 1978 719 2056 videbantur,
728 1976 921 2038 eoscalumnrae
930 1996 991 2035 oon·
1044 1982 1182 2098 ἡρνησία,
1194 1982 1240 2042 καί
1254 1981 1353 2063 θερμ,ὴ
1366 1979 1538 2060 καῖστεῤῥὰ,
1555 1981 1643 2039 καῖ’
1626 1984 1822 2095 απερίτριττις.

270 2070 400 2132 vinceres.
412 2071 508 2146 Quae'
500 2085 583 2151 igitur
595 2072 782 2153 praeterierunt
798 2084 888 2129 tecum
908 2089 990 2149 repu·
1006 2083 1027 2129 1)
1044 2064 1179 2135 Ἐπεὶ
1148 2098 1193 2134 ουν
1217 2077 1246 2134 οὐ
1270 2073 1318 2146 τὴν
1338 2078 1468 2154 τυχοῦσαν
1484 2075 1604 2148 ἡμῖν’
1575 2074 1780 2153 ευρροσύνην
1767 2111 1800 2156 ρ
1783 2079 1823 2136 ἐστι

269 2175 348 2223 tans·
339 2184 457 2245 ,nempe
478 2177 545 2241 quot
561 2162 661 2223 lluctus
679 2164 731 2223 orti
754 2163 818 2236 sint,
834 2162 882 2240 qui
906 2174 993 2219 tamen
1044 2169 1076 2228 σδ
1086 2191 1202 2247 συνεχως
1225 2165 1364 2245 μανθάνειν
1387 2164 1421 2224 τὰ
1436 2164 1497 2246 περὶ
1512 2169 1564 2236 τῆς
1580 2164 1703 2245 ρώσεώς
1716 2190 1780 2239 σου,
1792 2194 1826 2226 arr

269 2266 456 2334 tempestatem
468 2252 518 2312 tibi
528 2273 582 2312 non
595 2253 774 2313 invexerunt·
765 2299 775 2331 ,
785 2264 851 2332 quot
858 2250 994 2332 procellae,
1043 2265 1091 2334 σῆς
1104 2258 1247 2340 ἀσφαλείας
1270 2258 1391 2332 ἁπάσης,
1404 2188 1637 2367 ταραρκαλοῦμεν,
1661 2260 1678 2320 ὃ
1697 2262 1746 2320 καὶ
1758 2287 1826 2343 propr

271 2344 606 2425 quaeldmfflmllstaglum
615 2344 905 2426 mlnlmepepererlllll,
915 2341 953 2401 lla
964 2354 994 2400 ul
1045 2350 1283 2432 παρακλήσεως
1258 2356 1318 2411 εςωθ
1321 2375 1351 2418 ας
1364 2359 1458 2424 ποιεῖν,
1478 2372 1689 2432 συνεχεστερον
1715 2355 1827 2413 ἐπιστέλ-

269 2436 787 2517 furentemaritranquillanavigaveris:
793 2447 904 2516 portum
912 2447 994 2492 cuam
1044 2446 1100 2504 λσνν
1113 2442 1147 2502 σὰ
1161 2443 1269 2523 σσρι
1236 2468 1284 2516 σης
1301 2441 1389 2554 ὑμίρς
1403 2465 1469 2516 σοι,
1480 2442 1591 2501 καὶτοῦ
1608 2443 1693 2504 ρῐχσο
1709 2469 1757 2505 coo
1775 2469 1827 2503 σσν.

271 2550 326 2589 uua
339 2551 402 2589 cum
415 2529 543 2611 plurimis
561 2528 667 2591 coronis
684 2527 840 2609 propediem
855 2538 993 2607 exspecta
1045 2534 1159 2610 τὸς,’
1117 2559 1163 2594 και
1182 2538 1234 2595 τῶν
1249 2533 1435 2614 προσηκόντων
1448 2557 1502 2594 σοι·
1521 2524 1607 2594 οἶσθα
1631 2535 1690 2617 γὰρ
1710 2536 1781 2604 ὅπως
1794 2541 1829 2594 καί

272 2620 409 2725 Quoniam
422 2619 645 2681 autemdcnobis
658 2640 766 2698 quoquc
778 2616 885 2696 aliquid
899 2615 995 2676 audire
1047 2625 1134 2688 σδνσι
1145 2625 1373 2706 σὸνςηλσρηρένσν
1385 2649 1432 2686 σσσ
1446 2615 1577 2686 σῖνσν
1533 2651 1636 2687 ,σαντα
1656 2651 1829 2711 mmmm,

272 2712 361 2794 cupis,
379 2712 507 2788 vivimus,
526 2712 661 2789 valemus,
683 2711 779 2771 morbo
794 2731 869 2769 omni
860 2707 995 2768 liberati

272 2824 376 2864 sumus.
391 2803 511 2879 Quodsi
520 2804 598 2864 etiam
613 2815 784 2906 aegrotamus,
800 2800 928 2861 idoneum
941 2821 992 2860 no-

270 2894 315 2955 bis
321 2894 358 2955 ad
364 2894 574 2977 recuperandam
583 2895 725 2955 sanitatem
735 2892 887 2953 remedium
894 2906 933 2952 est
942 2892 995 2952 sin·

270 3007 332 3048 cera
342 2999 369 3047 ct
381 2989 498 3064 fervens,
512 3008 543 3047 ac
554 2987 634 3046 firma
646 3000 673 3046 et
684 2999 808 3046 constans
818 2999 865 3045 tua
876 3005 939 3065 erga
951 3006 995 3044 me

272 3078 381 3140 carius.
399 3079 535 3154 Quoniam
550 3079 634 3158 igitur
656 3099 707 3137 non
728 3077 835 3156 vtdgari
854 3079 995 3158 voluptate

269 3168 417 3244 afficimur,
432 3169 495 3228 cuin
508 3169 543 3229 de
554 3183 602 3228 tua
614 3168 769 3228 valetudine
782 3189 813 3251 ac
825 3168 904 3249 plena
915 3190 995 3228 secu·

272 3261 352 3322 ritate
367 3282 450 3340 quam
465 3260 612 3342 saepissime
626 3258 732 3338 aliquid
749 3259 888 3337 audimus,
904 3273 940 3335 tc,
965 3259 993 3319 id

270 3353 346 3433 quod
360 3353 441 3412 etiam
456 3375 507 3413 non
519 3366 613 3434 rogata
627 3354 714 3412 facere
725 3353 802 3429 soles,
815 3373 952 3432 rogamus,
964 3367 994 3412 ut

271 3445 306 3507 de
315 3461 371 3522 tua,
381 3445 643 3524 domesticorumquc
654 3460 762 3506 tuorum
774 3445 896 3504 omnium
906 3467 938 3504 ac
948 3466 993 3504 ne·

258 3539 447 3600 ‘cessariorum
459 3538 616 3600 valetudine
633 3538 732 3621 saepius
747 3536 783 3597 ad
804 3558 851 3597 nos
872 3537 990 3598 scribas:

271 3632 412 3692 nonenim
427 3631 544 3712 ignoras,
559 3645 659 3710 quanta
672 3631 713 3690 tui
727 3631 861 3710 totiusque
875 3643 927 3689 tuae
941 3630 992 3689 be-

272 3722 385 3784 ncdiotae
397 3723 495 3784 domus
507 3745 572 3782 cura
583 3736 731 3784 teneamur.

512 3924 602 3982 XCV.
619 3925 751 3982 Paeanio.
1330 3929 1378 4008 [μ’.
1393 3930 1527 4012 Παιανίυι.

313 4104 593 4183 Gramasunteaquae
602 4103 790 4185 contigerunt
804 4120 892 4166 utnon
902 4106 937 4167 ob
947 4127 1029 4178 cosp
1086 4111 1199 4172 Χαλεπθ
1220 4110 1254 4170 rb
1271 4111 1451 4191 γεγενημένα
1465 4113 1522 4171 ἀλλ’
1536 4114 1589 4191 οὐχ
1602 4106 1681 4197 ὑπὲρ
1707 4121 1765 4176 τῶν
1788 4139 1832 4176 ra

271 4217 321 4278 qur
327 4209 476 4278 passrsunt
481 4195 655 4274 fortiterque
647 4218 675 4255 ιιι
683 4218 741 4256 acre
748 4210 887 4275 steterunt
896 4220 992 4260 verum
1046 4205 1143 4267 δόντων
1164 4206 1209 4265 καὶ
1223 4203 1340 4264 στάντων
1355 4203 1495 4282 γενναίως,
1518 4205 1577 4264 αλλ’
1592 4207 1726 4287 ὑπὲρ
1686 4234 1744 4268 των
1761 4231 1831 4275 τοιη·

270 4289 418 4369 oboosqui
430 4301 669 4395 eaperpetrarunt,
680 4289 828 4368 lugendum
838 4304 887 4350 est.
891 4292 992 4363 Quem·
1046 4297 1148 4358 σάντων
1162 4302 1266 4380 θρηνεῖν
1285 4298 1438 4372 ἀναγκαῖον.
1452 4296 1581 4374 Καθάπερ
1594 4297 1654 4377 γὰρ
1677 4300 1719 4360 τὰ
1738 4299 1831 4359 sucu

270 4384 419 4445 admodum
438 4384 509 4443 enim
525 4404 585 4463 quae
601 4381 743 4442 difficilius
756 4398 899 4443 enecantur
916 4386 989 4459 fcrae,
1046 4415 1113 4450 νατα
1125 4414 1178 4449 των
1191 4388 1288 4467 θηρίων
1302 4391 1455 4468 πολλῷ”τῳ
1476 4391 1551 4468 θυμῳ
1573 4398 1636 4457 ταῖς
1661 4395 1771 4469 ἀκμαῖς
1785 4396 1831 4449 τῶν

271 4496 370 4556 magno
380 4496 443 4536 cum
458 4475 569 4535 surore'
561 4496 590 4533 in
600 4474 740 4535 hastarum
750 4475 894 4557 cuspides
886 4498 991 4536 irruen·
1047 4481 1163 4564 δοράτων
1175 4481 1358 4560 ἐμπίπτοντα,
1374 4480 1439 4561 πρὸς
1459 4479 1492 4538 τὰ
1506 4479 1699 4560 βαθύτερα
1659 4507 1719 4541 των
1732 4483 1832 4559 σπλάγ·

270 4577 320 4639 tes,
333 4565 361 4624 in
376 4565 472 4625 intima
486 4585 587 4625 viscera
597 4564 701 4644 gladios
711 4565 887 4647 protrudunt
896 4567 991 4627 oodem
1044 4599 1115 4689 χνρν
1127 4578 1223 4635 ωθονσι
1232 4573 1266 4633 τὰ
1279 4572 1355 4653 ξίρη·
1369 4596 1383 4631 ο
1384 4571 1481 4645 ῖίτωδὴ
1496 4597 1531 4631 κα
1529 4575 1580 4630 οἱ
1591 4573 1643 4640 τὰς
1657 4575 1832 4654 παρανομίας

269 4655 504 4735 modouquoque,
512 4677 559 4734 qur
551 4655 727 4716 baecscelera
734 4657 874 4738 designare
882 4659 990 4718 nondu
1044 4665 1142 4736 ταύτας
1151 4669 1314 4744 τολμῶντες,
1326 4688 1357 4722 το
1344 4663 1535 4743 ’χαλεπὸν
1501 4687 1548 4735 της
1559 4662 1671 4741 γεέννης
1686 4673 1749 4746 πῦρ
1764 4667 1831 4725 acri

269 4738 367 4824 bitant,
381 4769 492 4829 gravem
506 4763 531 4807 et
545 4749 672 4808 acerbum
690 4750 839 4829 gebennae'
831 4772 945 4856 ignem
936 4750 988 4812 ad·
998 4762 1092 4847 ωτῆς
1101 4762 1201 4818 ἑαυτῶν
1217 4757 1359 4835 συνάγουσι
1369 4758 1495 4836 κεφαλῆς
1512 4758 1546 4815 Εἰ
1561 4754 1589 4813 δὲ
1604 4756 1832 4833 ἓγκαλλωπίζον·

270 4862 363 4901 versus
374 4841 462 4922 capita
476 4861 525 4900 sua
541 4840 680 4920 colligunt
690 4841 808 4916 Quodsi
817 4857 897 4904 ettam
912 4844 947 4904 ob
958 4867 988 4905 ea
1008 4861 1089 4911 Αται
1101 4841 1138 4918 οἷς
1155 4853 1279 4922 ποιοῦσι,
1292 4847 1337 4907 καὶ
1360 4847 1405 4908 διὰ
1427 4871 1504 4908 τουτο
1520 4847 1642 4926 μα’λισταί
1660 4849 1733 4907 εἰσιν
1751 4853 1831 4909 ἐλεει

269 4953 329 5010 quac
346 4933 448 4992 iaciunt
464 4931 625 5036 gloriantur,
639 4932 714 4993 boc
705 4955 765 5014 apso
781 4936 889 4996 nomine
901 4937 987 5019 potis-
1043 4942 1101 5018 sol,
1114 4928 1159 5003 καί
1171 4938 1298 5001 πλειόνων
1309 4938 1377 5007 αξιοι
1390 4936 1472 4999 δακ’
1444 4962 1520 5020 ρυων,
1533 4936 1634 4998 ὅτι
1586 4959 1621 4995 κα
1644 4961 1738 5020 ταυτῃ
1755 4944 1833 5021 χαλε·

269 5023 369 5084 simum
382 5045 474 5083 miseri
483 5038 557 5102 sunt,
572 5025 752 5105 pluribusque
761 5026 891 5110 lacrymis
901 5028 988 5110 digni,
1042 5033 1173 5151 πωτίρας
1184 5029 1346 5098 ίαυτοῖςτίις
1364 5028 1734 5098 εὐθύναςκατασκευᾶζονσι.
1755 5031 1829 5090 'lod-

268 5115 341 5193 quod
357 5113 409 5174 bac
418 5136 523 5195 quoque
531 5130 633 5176 ratione
643 5117 782 5197 graviores
792 5119 863 5179 sibi
855 5142 922 5203 rpsts
930 5143 987 5204 poe-
1041 5150 1101 5195 τους
1113 5115 1157 5187 odo
1168 5126 1208 5185 δεῖ
1221 5129 1324 5207 θρηνεῖν
1347 5123 1491 5196 διηνεκῶς,
1514 5130 1569 5188 τοῖς
1585 5119 1614 5180 δὲ
1618 5126 1748 5231 πικρῶς
1763 5123 1834 5182 οὕτω

268 5226 315 5265 nas
339 5221 484 5266 accersant.
500 5209 683 5283 Quamobrem
703 5209 754 5271 bos
775 5227 902 5295 perpetuo
922 5215 987 5278 fletu
1043 5216 1232 5300 σρατεομίνοις
1253 5218 1297 5275 ὑπ’
1316 5216 1401 5275 αυτῦν
1424 5213 1637 5286 συνήδεσθαι
1599 5235 1657 5272 των
1682 5213 1833 5293 βραὸείων,
