3810 6000
283 406 329 502 76
598 431 627 478 S.
656 430 796 478 Jortttttts
821 428 1004 477 natusest.
1032 428 1187 477 aucun-212.
1216 427 1486 475 coustatt'rutott.

280 551 434 632 phetamm,
450 551 521 611 illud
535 536 646 613 miniine
658 554 859 631 subverterunt,
874 574 922 614 nec
932 551 997 612 adi-
1050 552 1172 628 σκιιλίαν,
1190 555 1248 612 ἀλλ’
1269 552 1376 633 ἀφέντες
1391 552 1472 626 niele
1489 552 1576 631 μένειν
1590 554 1725 630 ἀκίνητον,
1740 557 1822 624 οὕτως

280 643 375 702 ficium
386 657 413 703 et
423 642 573 704 doctrinam
583 644 759 706 immutarunt
765 670 775 724 ρ
787 646 833 705 sed
845 645 997 704 illaintacta
1013 659 1032 705 t:
1051 644 1181 718 ἐπέθηκαν
1202 643 1250 716 τλν
1273 648 1337 723 παρ’
1360 646 1461 703 ἑαυτῶν
1486 644 1670 719 διδασκαλίαν,
1688 644 1739 720 την
1760 647 1820 708 νίαν

280 756 358 795 suam
369 735 467 795 deinde
477 735 627 817 imposuere
638 737 801 813 doctrinam,
813 738 883 797 hanc
896 736 998 796 seilicet
1050 735 1148 808 ταύτην
1171 740 1219 807 τῆς
1242 734 1404 808 Ἐκιιλησίας
1423 732 1524 795 πίστιν.
1549 736 1604 796 Καί
1622 736 1666 796 ἵνα
1682 737 1770 815 μάθῃς
1782 738 1821 798 ότι

267 848 380 887 novam
392 828 518 888 Ecclesiae
529 829 620 889 fidem.
635 832 723 908 Atque
736 843 767 888 ut
775 829 910 909 intelligas
922 842 999 891 vetus
1049 828 1096 885 οὐκ
1115 825 1239 899 ἐκίνησαν
1260 826 1305 886 τδν
1326 825 1440 885 παλαιὸν
1456 826 1586 904 θεμέλιον,
1598 830 1657 888 ἀλλ’
1672 827 1763 888 ἐπάνω
1777 833 1821 890 αθ-

156 927 162 936 “
279 919 340 979 illos
353 920 629 980 fundamentumloco
646 942 700 980 non
715 921 841 993 movisse,
856 921 904 980 sed
917 943 998 1001 super
1048 923 1094 975 τοῦ
1124 917 1310 995 ᾠκοδόμησαν,
1331 916 1442 978 άκουσον
1469 920 1549 979 αὐτοῦ
1572 927 1618 980 τοῦ
1643 927 1725 1000 σοφοῦ
1745 923 1820 1001 ἀρχι·

261 1010 348 1072 ‚illud
363 1012 519 1089 aedificasse,
539 1012 686 1093 sapientem
709 1013 799 1094 ipsum
820 1013 997 1073 architectum
1048 1009 1167 1076 τέκτονος
1186 1009 1294 1069 Παύλου
1317 1008 1438 1090 λέγοντος
1459 1015 1524 1089 ἡμῖν
1550 1014 1598 1082 τῆς
1617 1013 1760 1090 οἰκοδομῆς
1772 1012 1818 1086 την

277 1103 392 1162 Paulum
406 1102 482 1178 audi,
503 1104 582 1164 nohis
595 1117 718 1163 exactam
731 1103 919 1164 stitutionis
931 1103 996 1163 dili·
1048 1101 1198 1183 ἀκρίόιιαν·
1211 1102 1287 1168 αὐτὸς
1302 1102 1354 1182 γάρ
1368 1103 1438 1161 ἐστιν
1453 1106 1467 1162 δ
1482 1103 1558 1183 σοφὸς
1574 1103 1749 1184 ἀρχιτέκτων.
1773 1103 1817 1171 Ὡς

277 1194 394 1272 gentiam
406 1195 752 1274 declarantemzsiqnidem
767 1196 824 1276 ipse
837 1195 943 1276 sapiens
957 1210 996 1255 est
1047 1193 1125 1274 σοφὸς
1153 1193 1223 1274 γάρ,
1248 1193 1336 1273 φησίν,
1367 1192 1532 1274 ἀρχιτέκτων
1556 1196 1675 1273 θεμέλιον
1702 1195 1813 1266 τέθεικε.

128 1307 149 1337 ι.
164 1294 251 1344 cons.
276 1285 448 1346 architectus.
465 1289 503 1345 tu
518 1291 633 1366 sapiens
647 1286 719 1344 enim
740 1288 931 1360 architectus,
955 1287 997 1347 in·
1047 1287 1118 1344 Ἀλλ’
1131 1285 1227 1362 ἴδωμεν
1237 1288 1293 1351 πῶς
1303 1284 1380 1344 αὐτὸν
1390 1284 1489 1344 τέθεικε
1501 1286 1545 1345 τὸν
1556 1285 1687 1362 θεμέλιον.
1699 1285 1815 1361 Ἐπάνω,

129 1368 166 1402 lt).

276 1375 345 1454 quit,
354 1379 582 1456 fundamentum
595 1382 691 1457 posui.
707 1375 763 1438 Sed
778 1377 994 1457 videamusque
1006 1421 1031 1461 ρ,
1046 1375 1136 1454 φησὶν,
1159 1376 1248 1457 έτέρου
1275 1375 1395 1453 θεμελίου
1416 1379 1548 1450 παλαιοῦ,
1570 1381 1617 1435 τοῦ
1636 1381 1690 1436 τῶν
1712 1401 1813 1460 προφη-

275 1467 378 1527 ratione
399 1467 605 1527 fundamentum
634 1468 725 1549 ipsum
754 1469 884 1548 posuerit.
907 1471 1028 1550 Supera
1045 1470 1107 1525 τῶν.
1129 1468 1213 1526 Πόθεν
1228 1473 1306 1527 τοῦτο
1325 1469 1420 1541 δῆλονς
1434 1468 1545 1529 Οὐκέτι
1558 1469 1618 1529 ἐστί
1633 1467 1715 1547 ξένοι,
1729 1471 1813 1550 φησίν,

263 1558 358 1635 aliud,
375 1560 471 1639 inquit,
483 1557 688 1618 ltrndamentum
699 1572 777 1619 vetus
789 1559 993 1642 prophetarum.
1044 1558 1114 1618 ἀλλά
1137 1563 1299 1638 συμπολῖται
1317 1562 1369 1617 τῶν
1390 1560 1482 1639 ἁγίων,
1506 1560 1755 1639 ἐποικοδομηθέντες
1773 1564 1814 1623 ἐπί

122 1658 181 1716 Eut«-
191 1672 212 1704 2·
226 1671 263 1724 ιο.
275 1651 355 1711 Unde
368 1652 398 1712 id
411 1652 535 1711 constat?
546 1653 618 1711 Jam
635 1672 694 1710 non
714 1655 783 1712 estis
797 1653 934 1732 hospites,
946 1652 993 1712 in·
1044 1652 1083 1729 τῷ
1098 1651 1211 1731 θεμελίῳ
1225 1655 1277 1711 τῶν
1291 1651 1445 1711 ἀποστολων
1456 1650 1503 1710 καί
1513 1656 1668 1731 προφητῶν.
1691 1642 1769 1722 Elea<
1778 1659 1814 1714 θε·

121 1732 162 1763 ²⁰·
274 1743 343 1821 quit,
358 1747 411 1804 sed
423 1749 501 1803 cives
514 1756 693 1814 sanctorum,
706 1744 933 1822 superedificati
944 1765 993 1804 su·
1044 1740 1133 1818 μέλιον
1148 1743 1192 1801 καὶ
1209 1743 1338 1819 θεμέλιον,
1355 1742 1400 1801 τδν
1414 1741 1462 1821 μὲν
1476 1745 1717 1824 τῶν·προφητῶν,
1730 1743 1812 1805 τὸνδί

273 1857 325 1914 per
326 1837 563 1917 fundamentum
577 1835 776 1915 apostolorum
795 1834 823 1894 et'
834 1837 993 1915 propheta-
1032 1838 1093 1893 ,τῶν
1109 1834 1264 1894 ἀποστόλων
1277 1833 1400 1913 ἀνωτέρω
1412 1835 1540 1913 κείμενον.
1556 1834 1609 1894 Παλ
1622 1835 1654 1895 sl
1667 1834 1700 1908 δὴ
1714 1841 1812 1914 heopu-

269 1947 345 1986 rum.
373 1926 458 1988 Vides
483 1927 698 1998 fundamentum,
723 1940 749 1984 et
772 1924 989 2005 fundamentum,
1040 1929 1111 1999 στὀν,
1125 1931 1173 1989 οὐκ
1187 1928 1281 1995 εὐθέως
1297 1925 1366 2006 μετά
1380 1927 1440 1996 τοὺς
1459 1927 1597 2009 προφήτας
1613 1919 1694 2000 ἦλθον
1707 1933 1733 1988 οἱ
1746 1928 1811 1989 ἀπό-

268 2018 383 2080 alterum
414 2020 624 2101 prophetarum,
652 2018 766 2078 alterum
792 2019 986 2100 apostolorum,
1040 2022 1145 2093 στολοι,
1168 2018 1238 2080 ἀλλά
1260 2018 1343 2087 πολὺς
1358 2019 1455 2096 μεταξὺ
1473 2018 1633 2099 παρεγένετο
1644 2018 1749 2101 χρόνος.
1776 2019 1810 2080 Τί

267 2111 341 2189 ιμιοιί
363 2132 445 2193 συρτει
467 2111 586 2193 positum
603 2124 652 2170 est.
669 2110 706 2169 Et
719 2110 793 2188 quod
806 2131 869 2170 sane
887 2111 988 2172 mirum
1039 2111 1136 2182 δήποτε
1146 2134 1155 2186 ;
1167 2109 1233 2171 Ὅτι
1247 2113 1271 2170 ol
1287 2111 1389 2192 άριστοι
1403 2116 1456 2170 τῶν
1469 2110 1617 2188 οἰκοδόμων
1629 2115 1710 2171 τοῦτο
1722 2115 1807 2171 ποιοδ·

263 2216 316 2277 est,
329 2223 382 2262 nou
394 2203 486 2261 statim
494 2216 555 2284 post
567 2202 711 2282 prophetas
723 2216 851 2262 venerunt
863 2203 987 2283 apostoli,
1038 2226 1093 2262 σιν·
1116 2202 1223 2262 ἐπειδὰν
1250 2203 1472 2262 καταάάλλωνται
1495 2202 1627 2281 θεμέλιον,
1649 2205 1698 2261 οὐκ
1719 2202 1807 2270 εὐθέως

260 2292 313 2352 sed
324 2294 441 2353 multum
462 2294 561 2353 interea
581 2307 688 2374 tempus
708 2292 829 2373 elapsum
846 2307 895 2354 est.
911 2296 985 2369 Quid
1036 2291 1183 2354 ἐπιτιθέασι
1206 2293 1254 2366 τὴν
1276 2292 1426 2370 οἰκοδομὴν,
1448 2292 1491 2352 ίνα
1518 2292 1556 2371 μὴ
1581 2291 1744 2374 ἁπαλωτέρα
1765 2293 1806 2351 καί

255 2385 323 2444 ita?
339 2385 420 2460 Quod
432 2386 469 2445 ita
481 2385 581 2445 saciant
592 2385 687 2466 optimi
700 2385 802 2463 quique
822 2385 963 2446 architecti
977 2412 985 2444 ε
1035 2385 1186 2468 πρίσματος
1199 2377 1264 2445 odeo
1275 2391 1321 2445 τοῦ
1339 2383 1459 2462 θεμελίου
1472 2388 1493 2457 ’ἡ
1512 2382 1639 2467 ἐργασία,
1657 2385 1804 2462 ἀδυνατήσῃ

257 2476 313 2535 ubi
323 2476 437 2558 jecerint
459 2476 676 2552 fundamentum,
695 2496 748 2534 non
765 2476 905 2537 confestim
921 2478 984 2537 aedi-
1000 2489 1018 2536 n
1035 2483 1088 2550 τῶν
1105 2481 1201 2558 τειχῶν
1221 2480 1336 2555 ἐνεγκεῖν
1359 2475 1390 2534 τὸ
1418 2475 1507 2556 βάρος.
1533 2475 1586 2535 Διά
1607 2481 1685 2536 τοῦτο
1701 2475 1804 2556 ἀφέντες

263 2568 358 2628 ficium
381 2569 620 2652 superimponunt,
635 2589 668 2626 ne
686 2569 754 2627 sorte
767 2567 835 2628 dum
848 2568 938 2629 mollis
952 2593 984 2630 ac
1034 2564 1122 2645 χρόνῳ
1146 2565 1235 2644 πολλῷ
1255 2566 1373 2642 παγῆναι
1398 2562 1457 2631 τοὺς
1470 2563 1572 2638 λίθους,
1596 2563 1704 2624 ἐπειδᾶν
1718 2565 1803 2625 ἴδωσιν

262 2682 354 2721 reeens
366 2676 406 2721 est
417 2660 584 2720 fundamenti
599 2673 835 2738 structura,grave
848 2662 982 2741 parietum
1034 2658 1149 2736 ἀκριόῶς
1163 2656 1316 2737 σφιγέντας,
1331 2657 1389 2715 τότε
1412 2654 1557 2717 ἐπιτιθέασι
1577 2656 1623 2715 καλ
1638 2661 1693 2717 τῶν
1712 2656 1802 2738 τοίχων

260 2751 369 2831 pondus
380 2752 492 2811 minime
502 2752 570 2809 ferre
580 2751 674 2831 possit.
689 2753 831 2830 Propterea
846 2772 909 2811 cum
922 2754 980 2812 lon·
1032 2749 1063 2808 τὸ
1083 2749 1172 2828 βάρος.
1187 2747 1268 2807 Οὕτω
1283 2748 1328 2806 κοιλ
1344 2752 1359 2807 ὁ
1378 2748 1493 2826 Χριστὸς
1506 2747 1647 2820 ἐποίησεν·
1664 2747 1739 2830 ἀφεὶς
1751 2772 1802 2806 πα-

261 2863 295 2921 go
309 2857 429 2925 tempore
448 2841 552 2901 firmari
573 2839 676 2921 lapides
691 2839 819 2917 siverint,
838 2841 886 2901 ubi
911 2858 981 2905 recte
1031 2842 1111 2918 γῆναι
1124 2839 1168 2899 τὸν
1183 2838 1304 2916 θεμελιον
1318 2841 1371 2898 τῶν
1388 2842 1529 2919 προφητῶν
1545 2843 1571 2899 ἐν
1585 2849 1645 2907 ταῖς
1659 2845 1714 2899 τῶν
1729 2843 1802 2899 duoc-

255 2947 458 3014 <coagmentatae
479 2934 541 2993 illos
563 2932 683 2993 viderint
695 2945 721 2991 et
742 2943 981 3013 compactos,'tunc
1030 2933 1132 2993 σάντων
1153 2935 1267 3013 ἀνοχαῖς,
1284 2932 1329 2991 καί
1343 2931 1463 3010 γενέσθαι
1483 2931 1594 3010 βεόαίαν
1613 2930 1664 3003 τὴν
1678 2933 1800 2991 διδασκσ·

259 3040 285 3084 ct
299 3025 432 3106 parietum
446 3026 544 3085 molem
561 3024 715 3106 imponunt.
731 3025 771 3082 lta
791 3045 897 3104 quoque
918 3028 981 3087 fecit
1027 3024 1097 3097 λίαν,
1112 3021 1155 3083 δτε
1175 3014 1263 3082 ιἐἶδεν
1286 3023 1407 3083 ἄσειστον
1427 3013 1506 3082 οάσαν
1520 3021 1568 3094 τὴν
1588 3023 1744 3102 οἰκοδομὴν,
1760 3024 1798 3082 δτε

259 3114 394 3190 Christus,
417 3137 480 3177 eum
501 3116 694 3197 prophetarum
719 3115 926 3176 fundamentum
951 3119 979 3178 in
1028 3113 1146 3193 παγέντα
1166 3114 1200 3174 τά
1223 3114 1342 3192 δόγματα
1364 3113 1397 3173 sd
1416 3112 1488 3193 ἱερίι,
1504 3113 1573 3174 ῶστε
1588 3115 1732 3186 δυνηθῆναι
1751 3112 1796 3184 τὴν

257 3207 412 3267 auditorum
427 3207 562 3267 mentibus
575 3205 669 3286 defigi,
682 3227 714 3266 ac
733 3206 843 3266 firmam
856 3207 914 3267 lieri
928 3208 978 3269 do·
1012 3207 1098 3266 κατὰ
1117 3204 1165 3277 τὴν
1180 3194 1272 3278 καινὴν
1285 3205 1439 3286 φιλοσοφίαν
1452 3209 1576 3284 ἐνεγκεῖν,
1591 3205 1651 3265 τότε
1664 3206 1800 3266 ἀπέστειλε

257 3298 979 3379 ctrinamsivisset,quandoimmobileviditacstabi-
1027 3299 1085 3367 sola<
1108 3298 1287 3371 ἀποστόλους,
1313 3298 1357 3356 eat
1379 3302 1418 3378 τῷ
1445 3298 1558 3378 θεμελίῳ
1583 3301 1636 3356 τῶν
1661 3302 1799 3379 προφητῶν

255 3389 281 3450 le
291 3390 435 3454 aedilicium
451 3412 515 3466 esse,
527 3389 636 3469 quando
653 3390 745 3451 defixa
756 3389 881 3469 dogmata
892 3414 978 3468 sacra,
1026 3391 1086 3460 τοὺς
1095 3392 1197 3471 τοίχους
1209 3394 1255 3460 τῆς
1267 3390 1430 3462 Ἐκκλησίας
1442 3391 1647 3462 ἀναστήσοντας.
1662 3391 1715 3449 Διά
1727 3397 1798 3450 τοῦτο

255 3483 295 3542 sic
309 3497 338 3542 ut
351 3497 459 3565 possent
480 3504 578 3542 novam
597 3482 679 3542 etiam
693 3483 764 3541 hanc
776 3481 977 3563 philosophiam
1027 3485 1073 3543 οὐκ
1095 3475 1177 3551 εἶπεν,
1198 3481 1411 3558 οἶκοδομηθέντες
1429 3481 1473 3540 ἐπί
1487 3485 1524 3561 τῷ
1537 3480 1651 3560 θεμελίῳ
1664 3484 1719 3539 τῶν
1735 3503 1797 3560 προ·

255 3574 333 3649 ferre,
358 3589 421 3634 tune
442 3575 576 3656 apostolos
595 3574 684 3651 misit,
706 3574 753 3655 qni
777 3595 860 3655 supra
875 3576 977 3636 funda·
992 3577 1128 3655 οφητῶν,
1153 3574 1212 3632 ἀλλ’
1237 3572 1524 3650 Ἐποικοδομηθέντες,
1547 3571 1638 3631 ἐπάνω
1662 3574 1799 3650 οέκοδομη·

253 3681 375 3727 mentum
396 3668 589 3750 prophetarum
600 3668 728 3728 Ecclesia
742 3667 857 3749 parietes
870 3671 976 3729 excita-
1026 3666 1120 3734 θέντες.
1134 3665 1203 3725 Ἀλλ’
1221 3664 1319 3743 ίδωμεν
1337 3670 1395 3730 πῶς
1410 3664 1628 3744 ᾠκοδομήθησαν.
1652 3663 1739 3723 Πόθεν
1758 3653 1798 3723 οἶν

253 3773 320 3818 rent.
332 3758 437 3818 Idcirco
458 3781 511 3819 nou
534 3759 623 3835 dixit,
640 3760 767 3820 aedificati
780 3781 863 3840 super
878 3761 976 3822 lunda·
1026 3760 1164 3839 είσόμεθα;
1180 3759 1265 3820 Πόθεν
1288 3757 1315 3818 δέ
1338 3758 1456 3828 ἄλλοθεν,
1476 3755 1565 3829 ἀλλ’ἢ
1581 3758 1635 3818 ἀπὸ
1648 3763 1697 3830 τῆς
1711 3756 1799 3831 βίόλου

137 3854 140 3859 ’
252 3852 974 3935 mentumprophetarum,sedSuperaedifieati,snpra
1025 3857 1078 3913 τῶν
1098 3851 1234 3934 Πράξεων,
1252 3850 1314 3932 περλ
1335 3842 1366 3922 ἧς
1386 3849 1432 3909 καί
1446 3851 1473 3908 ἐν
1490 3858 1547 3917 ταῖς
1569 3848 1719 3929 ἔμπροσθεν
1740 3853 1799 3926 ὑμῖν

252 3941 558 4003 ετίίίοετωιίίδυεῖί.8οιί
568 3963 623 4020 quo
634 3956 711 4023 pacto
724 3943 825 4002 luerint
835 3943 973 4025 aedificati,
1024 3944 1138 4027 ἡμέραις
1148 3943 1337 4024 διελέχθημεν;
1352 3940 1434 4022 Τάχα
1443 3940 1494 4022 γάρ
1505 3966 1530 4000 τι
1542 3941 1586 4000 καὶ
1599 3940 1695 4021 μικρὸν
1706 3944 1799 4001 ἐκεῖθεν

247 4032 402 4094 uideamus.
415 4032 495 4093 Unde
509 4054 573 4094 vero
594 4032 625 4093 id
645 4035 861 4112 cognoscemus?
882 4035 972 4109 Unde,
1025 4039 1086 4114 ὑμῖν
1109 4034 1247 4116 ὀφείλομεν
1266 4033 1358 4114 χρέος,
1383 4032 1449 4114 άπερ
1463 4033 1565 4112 ἀνάγκη
1581 4041 1737 4092 καταθεῖναι
1750 4031 1797 4104 ση’-

109 4146 353 4216 15„1,„,i,quaeso,
370 4125 488 4200 aliunde,
498 4147 624 4205 quamex
636 4128 765 4184 Actorum
778 4125 860 4200 lihro,
872 4126 907 4186 de
918 4150 974 4207 quo
1026 4152 1114 4210 μερον.
1135 4126 1172 4186 Τί
1187 4116 1231 4185 σόν
1245 4127 1302 4184 ἐστι
1315 4125 1346 4185 τὸ
1357 4124 1434 4207 χρέος
1447 4150 1454 4194 ;
1471 4123 1559 4196 Αὐτὴν
1573 4130 1621 4183 τοῦ
1633 4123 1738 4203 βιάλίαο
1753 4122 1798 4196 τὴν

99 4283 178 4341 Δροσί.

100 4222 160 4264 “⁸⁰¹³
191 4220 277 4279 Ac¹·e't
299 4217 485 4301 superioribus
506 4219 603 4279 diebus
628 4217 826 4278 disseruimus?
851 4221 974 4282 Fortasse
1023 4217 1173 4300 ἐπιγραφὴν
1195 4221 1356 4297 ἑρμηνεῦσαι
1378 4217 1579 4294 σπουδάσωμεν.
1608 4219 1650 4278 Οὐ
1668 4216 1722 4300 γάρ
1735 4216 1798 4298 ψιλή

251 4334 368 4392 namque
383 4312 506 4371 debitum
529 4310 592 4371 inde
615 4311 692 4371 vobis
704 4310 836 4390 exiguum
863 4313 973 4392 aliquod
1024 4313 1064 4379 τίς
1085 4315 1141 4372 ἐστι
1162 4310 1207 4370 καὶ
1222 4310 1325 4389 σαφὴς,
1338 4307 1425 4376 καθὼς
1445 4309 1538 4369 πολλοὶ
1555 4308 1720 4388 νομίζωσιν,
1733 4307 1800 4370 ἀλλά

249 4405 391 4483 dehemus,
403 4403 476 4483 quod
491 4402 621 4463 hodierno
635 4401 680 4460 die
693 4423 798 4462 neeesse
812 4417 852 4462 est
871 4407 973 4485 persol-
1025 4405 1110 4463 δεῖται
1128 4403 1173 4461 καί
1193 4400 1343 4469 ἐξετάσεως.
1368 4400 1418 4467 Τίς
1439 4391 1484 4459 τόν
1507 4405 1525 4471 ἡ
1540 4400 1676 4482 ἐπιγραφὴ
1697 4405 1744 4462 τοῦ
1759 4404 1800 4475 βι-

249 4518 353 4556 vamus.
378 4494 524 4568 Quodnam
549 4493 633 4574 igitur
659 4493 730 4553 illud
760 4509 800 4554 est
830 4495 972 4557 debitum?
1026 4494 1116 4575 βλίους
1131 4492 1422 4574 Πράξειςάποστολων.
1435 4494 1476 4551 Οὐ
1489 4493 1560 4552 δοκεῖ
1575 4492 1656 4573 σαφὲς
1670 4484 1756 4568 εἶναι,
1771 4495 1799 4552 οὐ

248 4589 343 4668 Ιρειιιιι
353 4587 464 4646 titulum
474 4586 539 4646 libri
551 4584 721 4665 interpretari
736 4585 901 4646 studeamus.
911 4591 972 4649 Nou
1025 4588 1096 4647 δοκεῖ
1109 4584 1251 4667 γνώριμον,
1263 4584 1309 4643 καλ
1321 4584 1399 4654 δῆλον
1414 4581 1526 4657 ἀπασιν;
1547 4581 1617 4642 Ἀλλ’
1632 4581 1665 4641 διν
1679 4606 1800 4663 παρακο-

248 4679 320 4738 enim
333 4679 421 4738 facilis
434 4693 473 4738 est
486 4690 513 4737 et
525 4691 646 4757 apertus,
662 4675 734 4735 sicut
756 4677 869 4756 plurimi
893 4680 970 4739 arbi-
987 4689 1007 4736 θ
1023 4681 1133 4751 λουθῆτε
1152 4683 1207 4741 τοῖς
1220 4674 1387 4754 λεγομένοις,
1406 4674 1501 4754 ἄφεσθε
1523 4673 1595 4734 ὅσον·
1606 4675 1638 4735 τὸ
1660 4675 1742 4753 βάθος
1754 4678 1800 4746 ’.ἥς

248 4771 415 4847 trantur,sed
428 4768 606 4849 inquisitione
619 4768 705 4828 multa
716 4768 829 4848 indiget.
838 4771 971 4842 Quisnam
1022 4773 1170 4853 ἐπιγραφῆς
1191 4767 1297 4839 ταύτης.
1321 4765 1372 4824 Διὰ
1395 4765 1422 4826 τί
1436 4765 1488 4848 γὰρ
1508 4769 1555 4826 οὐκ
1575 4756 1654 4840 εἶπε,
1676 4766 1800 4845 θαύματα

248 4861 333 4939 igitur
349 4876 389 4922 est
409 4861 473 4920 libri
497 4860 618 4919 titulus?
640 4859 723 4919 Acta
746 4860 969 4941 Apostolorum.
1022 4862 1191 4933 ἀποστόλωνς
1205 4859 1249 4919 διλι
1263 4858 1289 4917 τί
1301 4861 1348 4918 οὐκ
1362 4858 1507 4941 ἐπέγραψε,
1522 4868 1621 4937 σημεῖα
1634 4859 1798 4931 ἀποστόλων,

247 4953 343 5011 Nonne
359 4952 481 5013 dilucida
505 4973 547 5012 res
565 4950 673 5012 videtur
693 4972 760 5029 esse,
782 4973 868 5013 nonne
898 4957 969 5016 clara
1022 4954 1186 5032 ἢδυνάμεις
1211 4951 1374 5032 usleipam
1395 4952 1565 5014 ἀποστόλων·
1590 4953 1660 5014 ἀλλά
1684 4953 1798 5036 Πράξιις

278 5114 288 5137 a
306 5096 379 5151 Colb.
392 5115 513 5170 προφητῶν
525 5113 662 5170 κασσίτερον,
675 5106 714 5171 τὸν
725 5103 749 5151 ἀλ
760 5109 815 5151 τῶν,
1029 5097 1076 5144 κοδ.
1091 5093 1162 5142 uene
1179 5089 1327 5155 lectionem,
1341 5094 1366 5143 in
1383 5093 1471 5144 llorel·
1484 5103 1509 5143 et
1528 5090 1606 5146 Sutil.
1620 5093 1752 5158 vitiatam,
1767 5108 1795 5140 ts

278 5177 292 5216 ¹³
309 5174 445 5230 Colb.ellm
453 5184 582 5231 τόσουοθιιιν
593 5188 635 5239 τὴν
643 5181 762 5243 οἰκοδομήν
782 5173 860 5226 Paulo
868 5184 926 5240 post
936 5170 1002 5222 idern
1028 5169 1102 5222 colb.
1114 5170 1279 5221 restituimus.

244 5258 359 5316 δυνηθῆναι
367 5263 395 5310 πθ
406 5263 478 5325 βάρος
489 5268 528 5316 τῆς
541 5264 609 5310 κατά.
622 5253 693 5307 lulrtt
710 5259 746 5308 διά
757 5263 824 5309 τοῦτο
836 5258 874 5306 αλκ
886 5255 954 5315 εἶπεν,
970 5258 1003 5304 οἱ·
