3764 5992
840 493 1020 544 aristone.
1627 460 1699 537 865

161 619 247 705 μῶνός
257 624 329 706 ὥραν
336 671 344 699 ,
363 624 409 684 καλ
422 625 453 684 τό
471 622 687 702 σπανιάκιεήμῖν
698 645 771 690 τινας
782 618 928 702 ἐπιχωριοί-
983 616 1088 677 tametsi
1100 614 1213 676 difficile
1226 625 1266 675 ‘eet
1287 613 1360 694 quod
1372 612 1498 696 petimuS,
1511 632 1573 672 cum
1589 624 1700 695 propter

160 724 231 792 ζειν,
245 718 289 778 dre
304 717 335 777 ἂν
355 717 415 797 ἐξῇ,
435 719 544 798 γράφειν
557 722 621 793 ἡμῖν
641 716 679 793 μὴ
693 713 833 788 κατόκνει,
846 720 929 773 ταῦτα
984 723 1089 789 tempus
1101 708 1258 786 hibernum,
1269 719 1328 765 tum
1342 703 1416 785 quod
1425 703 1506 787 pauci
1519 702 1556 763 att
1568 721 1700 792 nosttcoe·

161 812 249 881 δηλῶν
268 810 336 890 ἅπερ
350 809 496 887 ᾐτήοαμεν.
510 806 570 880 Τὴν
590 806 641 887 γὰρ
658 806 746 885 ὑγείαν
767 805 818 879 τὴν
838 805 930 885 ύμετί-
984 800 1131 879 dant,cum
1143 798 1259 874 licuerit,
1273 819 1307 857 ne
1321 811 1347 857 te
1362 797 1454 878 pigeat
1466 794 1501 857 od
1512 809 1562 855 no's
1574 793 1700 868 seribere,

164 924 211 981 ραν
223 901 268 961 καλ
277 901 325 975 elo
334 901 479 982 ἀσφάλειαν
489 899 617 982 ἡμέτερον
628 890 694 959 εἶναι
704 898 844 978 νομίζομεν
853 902 931 959 πλού
984 906 1067 972 atque
1085 915 1116 952 ea
1139 891 1292 973 significare
1312 911 1373 968 qoae
1399 887 1554 969 petivimus.
1574 886 1701 948 vonam

163 1017 224 1066 τον,
244 994 289 1053 καὶ
312 992 485 1075 εὐφροσύνην,
513 991 558 1050 καί
581 989 681 1063 πολλὴν
704 992 809 1066 ἡδονήν.
831 990 879 1064 Μὴ
899 991 930 1065 δὴ
985 985 1057 1045 enim
1070 983 1211 1043 sanitatem
1220 994 1246 1041 et
1255 980 1425 1049 securitatem
1433 991 1552 1038 nostram
1560 973 1702 1036 esseduci·

164 1087 293 1158 τοσαύτης
314 1091 387 1164 ἡμᾶς
408 1084 591 1165 ἀποστερήσῃς
613 1084 719 1158 ἡδονῆς,
740 1083 809 1144 ἀλλὰ
820 1083 932 1165 χαρίζου
986 1096 1048 1134 mus
1069 1073 1246 1154 opulentiam,
1259 1091 1290 1130 ac
1309 1070 1443 1148 letitiam,
1459 1083 1540 1147 atqtu
1552 1066 1620 1127 adeo
1631 1066 1699 1126 ube·

163 1185 218 1245 τοῖς
232 1178 331 1258 σρόδρα
346 1202 376 1237 οε
390 1175 569 1254 ἅγαπῶσιτὴν
585 1173 629 1237 διδι
640 1181 692 1237 τῶν
705 1177 830 1238 τοιούτων
840 1201 932 1258 γραμ-
987 1183 1044 1221 ΜΠ
1066 1160 1244 1242 ῪθῙῦΡίᾶῙθΙῑλ·
1266 1161 1338 1219 Cave
1363 1158 1447 1239 igilur
1471 1170 1545 1216 ῑθῦῑέ
1564 1154 1702 1235 V⁰¹¹¹Ptate

165 1268 256 1346 μάτων
279 1269 463 1348 παράκλησιν,
487 1269 589 1342 πολλὴν
609 1275 674 1349 ἡμῖν
699 1270 856 1350 κομίζωσα,
883 1269 932 1341 fn,
987 1274 1036 1313 nos
1051 1253 1151 1333 prives,
1162 1252 1209 1313 sod
1223 1252 1258 1310 iis
1272 1251 1320 1330 qni
1332 1264 1360 1310 te
1372 1249 1492 1330 impense
1500 1244 1622 1327 diligunt
1632 1245 1702 1304 bane

163 1359 341 1439 παραμυθίαν.
889 1362 891 1368 ·
987 1365 1035 1425 per
1047 1343 1138 1402 literas
1154 1341 1360 1401 consolationem
1371 1338 1489 1419 imperti,
1505 1357 1566 1414 qnae
1580 1348 1701 1396 nostrum

987 1433 1098 1493 cadim
1110 1431 1205 1492 solatio
1218 1452 1271 1492 non
1284 1429 1414 1490 mediocri
1426 1426 1573 1510 mitigabit.

451 1632 493 1692 σι’.
511 1631 652 1716 Θεοδώρῳ.
941 1575 979 1677 Ἦ
1212 1647 1299 1706 CCX.
1319 1646 1345 1703 Τ
1343 1645 1479 1704 bendere.

205 1807 362 1888 ’Europaeo
377 1815 434 1880 πῶς
446 1817 508 1897 παρ’
520 1814 615 1896 ἑτέρων
631 1814 727 1895 ἔμαθον
742 1816 790 1891 τὴν
802 1817 932 1900 ῥᾳθυμίαν
1029 1821 1145 1882 Miratus
1154 1841 1224 1896 sum,
1233 1820 1279 1900 qui
1291 1821 1392 1881 lactum
1406 1817 1451 1891 sit,
1463 1831 1493 1876 ut
1504 1838 1539 1878 ex
1551 1817 1613 1879 aliis
1623 1802 1703 1881 Salo·
1711 1825 1802 1873 como
1813 1843 1854 1871 σε·

164 1900 327 1962 Σαλουστίου
341 1909 387 1962 τοῦ
400 1904 532 1984 πρεσόυτί
562 1931 586 1965 υ.
601 1907 655 1968 Καὶ
667 1906 719 1990 γὰρ
728 1908 873 1990 ἐγνωρίσθη
887 1930 934 1987 μοι
988 1913 1034 1975 etii
1046 1913 1196 1997 presbyteri
1208 1910 1398 1992 negligentiam
1411 1910 1598 1990 intelligerem.
1610 1888 1806 1991 Signi-'mm

163 1991 205 2050 ότι
220 1992 296 2069 μόλις
313 1994 391 2055 πέντε
401 1996 506 2074 ὁμιλίας
516 1930 588 2057 sirico
603 1997 652 2068 ίως
662 1999 826 2082 Ὀκτωόρίου
843 2001 933 2079 μηνδς,
988 2004 1051 2066 dem
1062 2006 1245 2086 significatum
1257 1997 1325 2063 mihi
1336 2016 1377 2063 est
1388 2002 1510 2061 vixeum
1520 1998 1641 2083 quinque
1653 2001 1703 2063 hn-
1750 2060 1754 2071 ,
1809 2042 1818 2054 ,

165 2085 211 2143 καί
223 2085 265 2145 ὅτῑ
278 2087 323 2146 καί
338 2088 414 2156 αὐτὸς
428 2089 474 2148 καὶ
489 2090 617 2171 Θεόφιλος
632 2095 646 2150 6
659 2092 843 2175 πρεσὸὖτερος,
859 2093 932 2172 ὁμὲν
989 2097 1080 2158 milies
1092 2097 1206 2158 Octobri
1219 2117 1310 2157 mense
1329 2093 1468 2172 babuisse,
1484 2107 1564 2174 atque
1575 2093 1665 2177 ipenin
1678 2109 1705 2161 et
1813 2091 1817 2103 '

165 2178 244 2258 ὄκνιρ,
258 2183 271 2238 ὁ
285 2177 312 2236 δέ
326 2178 419 2262 δειλία,
430 2185 460 2240 οὐ
470 2183 670 2263 παραόόλλουσι
683 2190 716 2265 τῇ
731 2185 842 2255 συνάξει.
855 2184 935 2245 Ἀλλδ
990 2188 1176 2271 Theophilum
1195 2189 1395 2269 presbyterum,
1409 2186 1525 2245 alterum
1546 2207 1601 2268 prae
1618 2170 1702 2268 pigri·
1750 2197 1752 2200 ’
1769 2218 1771 2221 ·

166 2269 289 2351 Θεοφίλῳ
302 2270 348 2349 μὲν
360 2272 529 2354 σφοδρότερον
541 2276 689 2351 ἐπέστειλα,
699 2277 935 2359 καθεψόμενοςαύ
989 2281 1038 2359 tia,
1050 2280 1165 2340 alterurn
1175 2300 1233 2363 pra
1247 2291 1319 2337 meto
1331 2277 1442 2336 minime
1453 2274 1489 2336 ad
1503 2275 1642 2337 collectam
1653 2300 1703 2339 νε-

165 2368 221 2436 τοῦ,
230 2363 392 2423 Σαλουστίου
405 2365 432 2424 tt
442 2364 528 2426 ἕνεκεν
542 2391 576 2448 τη
587 2373 621 2448 σῇ
634 2369 781 2431 ἐπιστέλλω
790 2370 934 2448 τιμιότητι,
989 2371 1056 2432 nire.
1068 2369 1121 2432 Sed
1136 2368 1320 2451 Theophilum
1333 2367 1444 2448 quidem
1457 2389 1505 2450 per
1518 2368 1610 2429 literas
1624 2369 1705 2432 tebe-

165 2453 256 2525 ἐπειδὴ
270 2444 328 2513 οίδα
343 2459 400 2525 πῶς
415 2461 493 2519 αι’ποῦ
506 2460 615 2543 σφοδρὸς
628 2461 741 2540 ἐραστὴς
756 2452 797 2520 εἶ·
811 2463 857 2522 καί
871 2461 952 2542 epo‘-⁴
990 2462 1106 2523 mentius
1116 2460 1264 2543 increpavi,
1277 2458 1390 2521 Salustii
1405 2480 1469 2519 vero
1488 2480 1568 2519 causa
1578 2457 1614 2519 ad
1627 2481 1704 2520 reve-

164 2544 309 2625 δραχαίρω
319 2547 364 2606 καλ
377 2549 604 2630 εὖρραίνομαιέπί
612 2551 706 2632 τούτῳ.
717 2553 771 2613 Καὶ
782 2555 857 2633 ἀλγῶ
869 2554 935 2634 πρὸς
989 2554 1103 2614 rentiam
1119 2549 1400 2629 1υ11111ευεὶ1)ο,ι1υού
1420 2550 1499 2610 illum
1517 2550 1606 2611 abste
1624 2551 1705 2613 velte·

163 2635 212 2707 τὴν
227 2636 275 2711 τὴν
293 2639 504 2717 τιμιότςτα,όει
518 2667 564 2721 μοι
579 2646 627 2703 οὐκ
640 2644 766 2718 ἐποίησας
785 2652 863 2706 τοῦτο
882 2647 933 2720 δῆ-
952 2656 970 2703 Β
989 2660 1091 2708 menter
1113 2644 1198 2705 amari
1221 2642 1304 2704 sciam
1323 2666 1330 2699 ι
1348 2664 1430 2722 quam
1456 2641 1493 2702 ob
1520 2663 1627 2703 causam
1651 2663 1705 2703 non

164 2730 225 2806 λον,
240 2729 297 2792 δίον
309 2733 355 2792 καὶ
368 2733 525 2813 διορθῶσαι,
539 2735 618 2804 αὐτὸς
634 2736 661 2797 δὲ
681 2737 814 2822 οίιδίτιρον
833 2740 933 2800 τούτων
988 2737 1159 2798 mediocriter
1177 2733 1282 2817 gaudeo
1301 2748 1327 2794 et
1343 2733 1471 2794 oblector.
1487 2733 1541 2796 Sed
1557 2748 1583 2795 et
1596 2756 1705 2798 sucoen·
1793 2799 1804 2816 ,

164 2822 300 2893 ἐποίησας.
313 2826 368 2885 Νῦν
382 2831 442 2903 γοῦν
454 2830 620 2906 παρακαλῶ,
635 2828 680 2888 καί
694 2834 783 2911 σαυτῷ
801 2831 847 2891 καὶ
868 2838 933 2910 ἡμῖν
988 2852 1032 2891 seo
1045 2845 1098 2890 tua
1108 2828 1275 2900 reverentia,
1290 2825 1363 2906 quod
1373 2827 1425 2886 hoc
1440 2827 1509 2886 miti
1522 2847 1576 2909 non
1593 2827 1705 2890 manile·

164 2911 199 2972 τὰ
220 2913 331 2992 μέγιστα
351 2915 535 2998 χαριζόμενος,
550 2919 675 3001 διίγειρον
697 2922 773 2982 αύτδν
795 2924 933 3005 σροδρότε-
986 2919 1282 3000 stumreddideris,qui
1296 2917 1435 2979 debuisses
1450 2910 1703 3000 ipsumeorrigere:
1818 2958 1821 2963 -

166 3029 220 3086 ρον,
233 3007 278 3066 καλ
293 3007 329 3087 μὴ
344 3008 375 3069 ἐα
390 3009 466 3068 αὐτὸν
480 3008 625 3085 καθεύδειν,
642 3014 709 3090 μηδὲ
723 3016 934 3103 ἀργεῖνβίγδρ
987 3030 1111 3077 neutrum
1133 3029 1221 3075 tamen
1241 3008 1341 3072 horum
1361 3010 1523 3092 prestitisti.
1544 3013 1622 3072 Nunc
1642 3033 1707 3095 ergo

166 3099 204 3177 μὴ
215 3107 258 3160 νῦν
272 3105 298 3162 ἐν
311 3104 350 3181 τῷ
363 3105 476 3181 χειμῶνι
486 3107 538 3163 τῶν
552 3104 716 3185 πραγμάτων
729 3107 827 3169 τούτων
844 3108 933 3188 καὶτῇ
987 3110 1083 3171 saltem
1096 3131 1144 3170 oro
1159 3122 1195 3187 te,
1211 3129 1274 3168 cum
1290 3104 1352 3175 tibi,
1368 3118 1426 3165 tum
1444 3104 1523 3165 nobis
1533 3105 1603 3166 banc
1618 3108 1707 3168 maxi-

164 3192 231 3270 ζόλῃ
255 3192 303 3266 elo
324 3194 508 3276 προσήκουσαν
529 3197 688 3266 ἐπιδείξαιτο
714 3200 858 3284 ἀνδρείαν,
869 3201 933 3262 πότε
987 3225 1061 3264 mam
1072 3201 1188 3263 concede
1197 3199 1321 3281 gratiam,
1332 3212 1364 3258 ut
1379 3186 1551 3260 vehementer
1568 3198 1647 3260 illum
1658 3223 1706 3262 ex-

165 3287 245 3346 αὖτοῦ
271 3287 470 3367 ’δεηθςσόμεθα
494 3289 590 3367 οὕτως,
614 3291 677 3353 όταν
700 3294 803 3374 γαλήνη
826 3295 934 3375 γίνηται
988 3297 1156 3377 cites‚neque
1166 3293 1323 3355 obdormire
1331 3291 1484 3375 permittas,
1495 3306 1541 3352 aot
1551 3293 1706 3356 otiariN‘ni

164 3379 209 3437 καὶ
232 3379 337 3460 εἰρήνης
352 3382 505 3459 Παρακαλῶ
524 3383 624 3457 τοίνυν,
645 3385 680 3446 τδι
697 3391 786 3470 σαυτῷ
800 3387 934 3471 πρίποντα
987 3388 1059 3449 enim
1076 3409 1148 3449 nunc
1163 3386 1190 3445 in
1209 3386 1261 3444 bae
1279 3384 1449 3465 negotiorum
1472 3384 1586 3444 istorum
1608 3399 1707 3467 tempe-

163 3472 245 3528 ποιῶν
258 3472 303 3531 καλ
318 3472 396 3532 αὐτὸν
409 3474 455 3533 καί
470 3475 572 3544 πάντας
588 3477 713 3562 διίγειρον
734 3483 770 3548 εἰς
785 3478 833 3553 τὴν
847 3503 931 3540 σπου-
988 3493 1055 3540 state
1064 3501 1096 3539 ao
1108 3475 1441 3560 procella'eonrenientem
1453 3474 1639 3536 fortitudinem
1652 3500 1708 3558 prro

164 3557 211 3631 δὴν
223 3562 268 3619 καλ
287 3561 336 3634 elo
350 3564 489 3644 ἀντίληψιν
505 3574 551 3627 τοῦ
561 3568 753 3648 χειμαζομένου
769 3570 873 3643 loom
888 3571 933 3631 καί
988 3594 1016 3631 se
1030 3570 1132 3647 tulerit,
1149 3567 1257 3648 quando
1276 3568 1316 3626 sic
1336 3566 1393 3647 ejus
1413 3587 1493 3647 opera
1514 3567 1707 3648 indigebimus,

163 3651 216 3728 πρὸ
228 3654 279 3709 τῶν
289 3652 425 3735 ἡμετέρων
439 3657 604 3737 γραμμάτων
620 3648 649 3719 ri
659 3650 709 3721 οἶδ’
722 3660 763 3722 ότι
775 3661 875 3722 οἴκοθεν
888 3663 934 3724 καί
951 3668 969 3715 C
989 3662 1037 3723 ubi
1046 3659 1229 3737 tranquillitas
1242 3671 1268 3717 et
1283 3677 1338 3738 pax
1351 3655 1480 3716 redierit?
1490 3660 1532 3718 Te
1548 3658 1635 3738 igitur
1643 3659 1707 3720 hor·

165 3741 237 3823 παθί
251 3749 347 3804 σαυτοῦ
363 3755 455 3816 ποιεῖς·
989 3769 1030 3814 tor
1042 3767 1071 3813 ut
1082 3773 1142 3831 quae
1152 3763 1213 3810 sunt
1225 3749 1309 3810 officii
1323 3749 1373 3820 tui,
1387 3762 1467 3829 prout
1477 3748 1562 3826 decet,
1572 3771 1707 3832 exsequu-

988 3862 1043 3922 tus,
1053 3840 1079 3907 et
1090 3844 1170 3905 illurn
1179 3855 1205 3902 et
1214 3862 1306 3901 omnes
1316 3839 1353 3901 ad
1363 3839 1499 3900 attnilium
1510 3841 1610 3924 populo
1621 3843 1707 3904 leren-

988 3937 1056 3997 dum
1068 3946 1224 4016 tempestate
1236 3934 1337 4014 jactato
1352 3931 1462 4008 excites,
1476 3933 1549 4012 qood
1562 3948 1706 4016 antequam

987 4024 1078 4088 litera's
1099 4039 1201 4086 nostras
1223 4023 1421 4106 acciperes,‘sat
1438 4024 1493 4085 scio
1507 4040 1553 4088 tua
1566 4041 1661 4109 sponte
1674 4049 1707 4087 ac

989 4121 1064 4181 nullo
1075 4133 1199 4181 monente
1211 4131 1339 4201 prostare
1352 4115 1466 4199 coepisti.

347 4305 409 4367 σια’.
425 4310 549 4392 Τιμοθέῳ
561 4312 741 4393 πρεούατίρῳ.
1115 4312 1219 4371 CCXI.
1239 4308 1390 4367 Timotheo
1400 4308 1581 4385 presbytero.

207 4486 301 4567 ‘iltuit
316 4489 363 4568 μέν
378 4513 420 4549 σοι
440 4488 485 4549 καλ
507 4488 600 4572 πρῴην
620 4491 820 4570 ἐπεστόλκαμεν
836 4491 881 4551 καὶ
897 4495 935 4572 τῷ
1031 4489 1085 4549 Νοε
1097 4486 1208 4567 quidem
1227 4504 1312 4565 nuper
1327 4479 1362 4539 ad
1376 4494 1402 4540 tc
1415 4495 1495 4560 atquo
1507 4479 1542 4540 ad
1557 4480 1734 4544 honoratisc
1735 4512 1857 4541 ιιιιιιιι

166 4583 248 4664 κυρίῳ
263 4607 312 4661 μου
324 4586 363 4663 τῷ
375 4582 528 4664 τιμιωτάτῳ
542 4583 670 4666 τριόούνιρ
684 4587 842 4666 Μαρκιανῷ,
859 4587 936 4653 αὐτὸς
991 4582 1091 4643 simum
1110 4579 1251 4661 domiuum
1275 4593 1365 4633 meum
1384 4572 1554 4633 lllarcianum
1568 4574 1707 4639 tribunum
1716 4576 1745 4604 ¹¹⁰
1754 4557 1809 4620 tot.

167 4677 193 4736 δὲ
205 4677 264 4735 οὔτε
278 4679 341 4757 παρ’
354 4673 452 4734 ἐκείνω
461 4677 608 4756 γράμματα
616 4680 682 4754 ἡμῖν
693 4681 846 4756 πεμφθῆναι
855 4701 936 4760 παρε-
991 4672 1148 4755 scripsimus
1164 4693 1171 4726 t
1189 4683 1219 4728 tu
1234 4687 1297 4728 voro
1312 4685 1397 4744 neque
1407 4663 1499 4725 literas
1510 4664 1546 4724 ad
1558 4687 1601 4725 me
1612 4667 1647 4727 ab
1659 4667 1706 4729 illo
1865 4654 1871 4660 ’

166 4767 309 4841 σκεύασας,
324 4766 383 4826 οὔτε
402 4765 478 4834 αὐτὸς
498 4773 562 4846 ἡμῖν
583 4770 755 4836 ἐπέσταλκας.
772 4769 840 4828 Ἀλλ’
864 4770 936 4846 ὅμως
989 4766 1059 4826 mitti
1069 4761 1270 4837 curasti,nequc
1278 4758 1314 4817 ad
1325 4778 1372 4815 nos
1385 4756 1441 4837 ipse
1451 4756 1707 4838 scripsisti.Nibilo-

164 4866 242 4937 ἡμεῖς
266 4857 371 4926 imit<
396 4857 568 4937 μιμούμενοι,
592 4864 621 4920 οὐ
649 4860 789 4939 παυόμεθα
812 4862 937 4935 διηνεκῶς
990 4857 1179 4916 minustamen
1196 4873 1244 4910 nos
1261 4864 1381 4910 nostrum
1398 4870 1501 4931 rnorem
1520 4852 1637 4930 sequitui,
1650 4852 1707 4921 siue

164 4955 238 5027 ὑμῶν
254 4950 417 5029 μεμνημένοι
430 4951 476 5011 καί
497 4952 711 5034 ἐπιστίλλοντες,
726 4952 805 5024 ἡνίκα
821 4953 852 5011 ἂν
873 4953 935 5032 ἐξῇ·
954 4946 1184 5032 „intermissione
1206 4941 1288 5001 vestri
1308 4939 1459 5018 recordari,
1481 4955 1562 5020 atque
1585 4943 1621 5002 ad
1645 4966 1704 5023 vos,

163 5047 176 5105 ὃ
192 5043 223 5114 δὴ
243 5044 289 5103 καί
303 5050 347 5102 νῦν
360 5044 557 5124 mulssim,
575 5045 688 5126 χάριτας
700 5051 761 5123 ὑμῖν
775 5046 936 5124 ὁμολογοῦν,
991 5062 1052 5100 cum
1071 5037 1183 5098 facultas
1196 5033 1325 5116 suppetit,
1339 5033 1456 5093 scribere
1473 5055 1525 5093 non
1540 5033 1704 5117 desinimo's3

163 5163 206 5205 τες
227 5137 323 5218 μυρίας
344 5135 411 5216 ὑπὲρ
431 5139 479 5208 τῆς
496 5139 611 5210 σπουδῆς
624 5129 655 5210 ἧς
676 5138 869 5215 ἐπιδιίκνυαθε,
891 5138 936 5198 καί
989 5133 1061 5213 quod
1083 5151 1154 5192 utino
1176 5127 1257 5188 otiam
1285 5126 1408 5205 facimus,
1431 5126 1603 5209 ingentesque
1629 5132 1708 5194 vobis

198 5317 207 5339 ¹
226 5301 280 5351 Duo
291 5302 348 5352 δίεν.
363 5305 497 5368 δεησόμεθα.
