3764 5992
441 478 488 533 nn
513 483 751 569 nrcnnssulna
777 482 854 537 tert
880 486 1233 548 corsrssrruoronur.
1539 484 1606 581 ⁴9¹

23 613 62 660 ¹¹²
72 605 643 688 tremsuscipientes.·8edtamenetadhoc
652 609 811 692 respondeo:
867 613 992 677 Christus
1011 618 1038 679 in
1049 639 1129 681 cruce
1140 621 1273 682 latronem
1288 641 1325 682 ex
1336 619 1457 702 vulnere,
1473 638 1502 686 et
1518 629 1611 690 statim

71 701 177 762 Pascha
194 722 301 762 mecum
319 703 348 762 in
365 704 437 762 votis
453 705 541 764 iacere
556 705 716 783 habebatis,
734 728 813 769 nemo
866 706 987 786 paradisi
1007 712 1107 772 meruit
1128 714 1242 794 januam
1267 734 1394 775 reserare.
1416 718 1532 800 Propter
1551 718 1611 780 berc

70 796 200 878 probibet
209 796 292 857 bodie
304 818 352 858 vos
361 818 466 857 mecum
476 800 562 859 iacere
573 801 675 861 Pascha
685 825 691 858 :
701 803 750 862 sed
758 804 813 863 lor·
867 799 973 876 gaudeo
981 814 1008 861 et
1019 804 1135 881 exsulto,
1148 819 1175 864 et
1188 806 1321 866 orationes
1334 821 1436 870 vestras
1443 809 1536 890 exigo,
1546 831 1610 875 cum

68 893 142 952 sitan
149 890 257 971 dicetis,
268 893 409 973 Numquid
416 894 472 954 duo
482 895 584 955 Pascha
594 896 692 955 facturi
701 898 814 957 sumus?
866 895 967 970 quibus
980 895 1017 956 ad
1038 898 1130 959 Asiam
1148 901 1267 982 perrexi,
1287 922 1351 962 cum
1364 902 1466 982 quibus
1484 925 1610 968 resersus

70 988 144 1060 Non,
155 987 203 1048 sed
213 1009 309 1063 unum,
317 1002 344 1047 et
351 989 442 1070 ipsum
450 990 646 1071 multipliciter.
656 991 813 1054 sicutenim
866 1009 939 1067 tum,
948 1012 1011 1052 curn
1020 993 1121 1071 quibus
1130 996 1257 1076 pelagum
1268 997 1452 1077 transfretavi,
1464 1011 1491 1060 et
1499 999 1610 1082 adjutus

68 1103 176 1164 semper
186 1084 227 1142 sol
239 1084 380 1156 exoritur,
392 1096 419 1142 et
429 1105 482 1143 non
493 1084 610 1145 dicimus
621 1087 721 1146 multos
730 1088 812 1163 soles,
866 1085 963 1144 vestris
979 1088 1148 1149 orationibus
1164 1090 1279 1151 feliciter
1297 1092 1443 1172 navigavit
1464 1113 1514 1153 nec
1534 1095 1609 1156 enim

71 1177 122 1238 sed
134 1190 174 1238 est
188 1178 229 1238 sol
244 1179 366 1257 quotidie
379 1178 484 1238 oriens:
497 1179 537 1239 sic
550 1191 577 1239 et
590 1179 692 1240 Pascha
707 1199 813 1262 semper
865 1180 958 1239 narim
968 1181 1035 1241 citra
1044 1203 1093 1242 vos
1104 1183 1240 1263 ingressus
1249 1202 1320 1263 sum,
1329 1206 1378 1246 nec
1387 1186 1607 1266 exiricitraros,

67 1288 292 1346 consummatur,
308 1288 411 1334 etcum
424 1295 530 1356 semper
545 1275 711 1352 celebretur,
725 1298 811 1336 unum
865 1294 919 1333 non
929 1275 957 1333 in
968 1274 1152 1336 civitatecitra
1161 1298 1222 1355 vos,
1232 1292 1280 1337 aut
1289 1279 1318 1339 in
1328 1280 1440 1340 ecclesia
1449 1281 1507 1342 sine
1516 1283 1607 1362 robis,

66 1383 109 1429 est
135 1371 310 1430 solemnitatis
329 1358 615 1433 nosnae.'Judaeorum
634 1372 736 1432 similes
757 1392 810 1432 non
864 1366 1035 1430 sedavulsus
1044 1371 1154 1451 quidem
1165 1393 1238 1432 eram
1245 1393 1364 1454 corpore,
1374 1390 1608 1438 connexusautem

70 1486 184 1543 sumus,
195 1486 248 1526 non
258 1466 390 1527 servimus
400 1467 475 1542 loco,
486 1487 535 1526 nec
544 1467 648 1527 subditi
660 1489 754 1528 sumus
764 1489 811 1527 ne·
864 1465 983 1526 caritate.
995 1466 1132 1527 Videbam
1153 1489 1268 1546 namque
1280 1467 1431 1529 Ecclesiam
1450 1485 1568 1531 vestram
1581 1485 1608 1533 et

19 1587 59 1621 ιι.
67 1560 187 1619 cessitati
197 1560 334 1640 temporis,
344 1559 479 1620 dominica
486 1579 552 1620 voce
559 1561 670 1621 firmati.
682 1564 811 1641 Quoties·
866 1559 893 1619 in
903 1560 1008 1641 pelago,
1024 1575 1052 1621 et
1060 1562 1088 1621 in
1100 1564 1279 1623 exsultatione
1287 1563 1448 1643 gaudebam.
1458 1565 1527 1625 Tale
1534 1565 1608 1627 enim

67 1675 208 1736 cumque,
223 1655 322 1734 iuquit,
338 1659 587 1716 mandacaveritis
595 1674 702 1736 panem
713 1661 812 1735 istum,
865 1655 933 1732 quid
952 1655 1086 1734 significat
1097 1657 1204 1730 caritas,
1221 1678 1283 1736 quae
1295 1657 1379 1717 nescit
1388 1659 1545 1738 angustari:
1557 1659 1607 1720 in·

67 1763 97 1810 et
108 1752 187 1810 bunc
199 1754 330 1810 biberitis
340 1750 480 1821 calicem,
493 1763 614 1813 mortem
625 1753 749 1810 Domini
759 1773 813 1811 an.
865 1747 971 1807 trabam
985 1750 1013 1808 in
1031 1750 1182 1826 ecclesiam,
1202 1749 1343 1811 adstabam
1366 1751 1457 1825 altari,
1473 1753 1607 1815 orationes

66 1845 250 1901 nuntiabitis.
266 1845 466 1901 Annuntiamus
478 1863 596 1920 namque
606 1842 687 1902 hodie
697 1856 814 1903 mortem
865 1824 1021 1919 offerebam,
1032 1858 1059 1904 et
1073 1845 1214 1905 dicebam:
1229 1845 1354 1923 Domine,
1365 1866 1493 1908 conserva
1506 1847 1606 1909 Eccle-

66 1936 315 1999 Christi.Sedtunc
324 1936 575 2015 quidemiestivitas
588 1961 595 1996 a
608 1952 634 1998 et
644 1939 727 1999 bodie
736 1939 813 1999 iesti-
866 1937 934 1996 sirm
944 1959 1027 2018 quam
1040 1938 1110 1999 mihi
1128 1939 1275 2000 tradidisti.
1292 1941 1353 2020 Ego
1368 1940 1481 2020 quidem
1495 1960 1608 2024 corpore
1647 1978 1652 1986 ·

65 2033 209 2092 vitasUbi
222 2032 294 2093 enim
308 2033 405 2092 caritas
418 2034 536 2112 gaudet,
551 2034 593 2093 ibi
606 2046 646 2094 est
660 2035 810 2095 festio-itast
865 2031 961 2092 absens
971 2053 1043 2106 sum,
1055 2033 1103 2094 sed
1113 2047 1159 2093 tua
1167 2034 1352 2095 misericordia
1360 2056 1478 2117 praesens
1487 2049 1536 2113 est,
1544 2057 1607 2115 qum

65 2142 92 2188 et
101 2127 150 2187 ubi
162 2128 251 2209 recepi
259 2128 379 2188 laetantes
391 2128 480 2204 filios,
493 2127 641 2189 maximam
653 2130 759 2190 celebro
768 2130 809 2190 se·
850 2195 853 2200 ⁸
865 2147 909 2187 mc
917 2127 984 2188 illuc
992 2128 1133 2209 perduxit,
1140 2143 1166 2189 et
1176 2130 1237 2209 plus
1244 2151 1326 2208 quam
1336 2131 1459 2190 mmebm
1468 2131 1606 2193 concessit·

9 2248 57 2295 ⁴6.
67 2224 224 2286 stiritatem.
241 2223 349 2283 Etenim
363 2237 389 2282 et
400 2224 447 2282 illa
458 2225 590 2285 festivitas
602 2225 700 2286 caritas
709 2240 757 2286 est.
764 2227 812 2287 Sic
866 2220 903 2281 Et
914 2222 980 2301 quia
992 2223 1184 2304 amplificavit,
1198 2224 1347 2284 multitudo
1360 2237 1473 2285 testatur
1484 2246 1607 2305 praesen·-

66 2324 165 2392 enim,
180 2318 267 2399 inquit
279 2319 434 2400 apostolus,
448 2321 530 2379 Deus
542 2321 648 2380 dilexit
658 2323 810 2399 mundum,
864 2316 944 2377 tium.
959 2317 1067 2377 llorere
1084 2318 1164 2378 video
1180 2319 1300 2394 vineam,
1314 2331 1341 2393 et
1356 2338 1490 2398 nusquam
1508 2321 1606 2402 spina,

64 2426 98 2472 ut
111 2413 225 2471 Filium
238 2431 323 2471 suum
337 2414 517 2490 unigenitum
535 2413 620 2470 duret
632 2431 687 2491 pro
700 2432 743 2472 eo.
754 2411 812 2474 Sed
864 2432 952 2492 neque
965 2412 1082 2472 sentium
1096 2413 1153 2473 ulla
1172 2412 1287 2492 vestigia
1303 2434 1311 2473 e
1333 2413 1470 2473 exsultant
1482 2434 1558 2493 oves,
1579 2429 1609 2476 et

64 2508 168 2585 miulti,
183 2507 333 2586 inquiunt,
354 2518 381 2564 te
402 2507 512 2564 absente
531 2506 661 2586 baptizati
682 2520 754 2568 sunt.
776 2507 811 2568 lit
865 2528 998 2586 nusquam
1011 2507 1103 2588 lupus.
1121 2506 1204 2582 Quod
1218 2509 1242 2567 si
1261 2507 1344 2568 etiam
1363 2506 1471 2582 alicubi¹
1482 2521 1607 2590 repertus

64 2603 131 2682 quid
145 2600 306 2662 turniNibil
314 2599 404 2658 minus
412 2600 492 2659 babet
501 2601 604 2678 gratia,
615 2623 668 2660 nnn
676 2602 811 2668 claudicat
864 2602 957 2677 suerit,
969 2600 1136 2678 demutatur,
1148 2615 1174 2661 et
1191 2601 1224 2660 fit
1242 2602 1310 2662 ovis.
1324 2601 1414 2662 Tanta
1426 2601 1500 2663 enim
1515 2617 1606 2665 vestra

61 2699 167 2762 donrun
176 2697 244 2774 uei,
260 2709 392 2777 presente
401 2715 446 2753 me
457 2695 585 2775 baptizati
598 2717 651 2755 non
667 2711 747 2772 sunt,
761 2699 809 2760 sed
864 2711 904 2756 est
917 2695 985 2757 fides
1000 2710 1028 2756 et
1046 2696 1153 2767 caritas,
1169 2709 1201 2755 ut
1214 2695 1385 2756 aemulatione
1397 2709 1484 2757 restra
1497 2711 1606 2760 (astaus

63 2807 194 2876 prasente
208 2792 318 2852 Christo
336 2804 399 2850 sunt
417 2790 554 2870 baptizati.
567 2791 708 2870 Numquid
729 2793 810 2853 bomo
863 2791 1024 2874 pmrooetis.
1034 2791 1097 2872 lpse
1109 2790 1243 2850 Dominus
1254 2811 1303 2851 vos
1314 2791 1494 2869 conservarit,
1508 2805 1535 2853 et
1546 2792 1606 2875 ipre

61 2903 102 2950 est
121 2888 169 2968 qui
187 2886 332 2968 baptizat?
347 2885 435 2944 Homo
450 2885 591 2944 dexteram
606 2887 745 2968 porrigit,
760 2890 809 2953 sed
863 2907 907 2946 me
919 2885 1038 2962 reduxit,
1058 2899 1085 2945 et
1105 2885 1134 2944 in
1146 2884 1305 2944 infirmitate
1325 2885 1430 2966 positus
1449 2885 1604 2949 orationum

63 2987 139 3045 Deus
151 3004 265 3042 manum
278 2982 419 3061 gubernat.
435 2981 499 3039 Noli
512 2979 547 3039 de
559 2981 646 3060 gratia
660 2982 805 3060 dubitare,
862 2996 1013 3043 vestrarum
1032 2980 1102 3040 sensi
1115 2979 1261 3056 auxilium,
1272 3000 1341 3058 quas
1353 2979 1423 3039 mibi
1437 2979 1561 3059 quotidie
1572 2980 1602 3042 iu

61 3079 214 3153 carissime,
228 3077 290 3157 quia
301 3077 404 3136 donum
414 3076 466 3136 Dei
478 3089 526 3136 est.
542 3076 657 3136 Attende
665 3077 809 3160 diligenter
862 3062 1022 3158 suffragium
1040 3076 1156 3158 postulo.
1177 3074 1362 3155 Peregrinatio
1382 3096 1441 3137 mea
1462 3075 1604 3138 coronarit

61 3196 123 3254 quae
134 3173 281 3249 dicuntur,
297 3172 318 3230 si
330 3171 399 3229 forte
416 3171 506 3248 aliqua
518 3169 554 3229 de
564 3170 747 3235 causalsacra
759 3197 807 3235 α.
862 3169 998 3228 civitatem
1015 3182 1142 3229 vestram.
1156 3167 1193 3227 Et
1206 3167 1272 3246 quia
1291 3166 1449 3248 diligebatis
1461 3189 1496 3229 ex
1508 3168 1601 3247 initio,

61 3268 247 3351 plicandaeu,
259 3265 807 3351 cumobrulen‘spreces,etsubscripum
861 3283 934 3323 nunc
946 3263 1073 3323 omnibus
1084 3261 1257 3322 manifestum
1270 3274 1318 3321 est·
1339 3262 1387 3323 sie
1405 3263 1477 3323 enim
1489 3284 1533 3324 ue
1547 3264 1602 3325 ab·

61 3364 196 3446 acceperis
208 3383 329 3435 sacram,
342 3381 395 3419 non
409 3360 525 3437 requiris
538 3361 612 3439 quali
624 3362 728 3423 calamo
739 3367 806 3425 sub-
860 3375 972 3434 senten,
987 3371 1127 3438 tamquam
1143 3370 1302 3438 praesentem
1319 3357 1462 3419 habuistis
1480 3360 1557 3418 Nam*
1572 3360 1601 3419 in

62 3459 199 3541 scripserit
211 3479 273 3533 rex,
287 3477 373 3534 neque
382 3455 409 3514 in
421 3455 496 3532 quali
508 3456 610 3532 charta,
623 3478 711 3536 neque
720 3460 806 3538 quali,
861 3457 924 3516 Asia
937 3476 1001 3517 cum
1018 3473 1103 3513 essem
1121 3451 1156 3512 ad
1177 3453 1352 3531 corrigendas
1374 3452 1519 3531 Ecclesias,
1537 3453 1604 3514 hinc

62 3574 150 3633 quove
162 3565 326 3628 atramento,
343 3549 391 3609 sed
403 3570 486 3609 unum
501 3550 672 3610 solummodo
687 3555 805 3632 queris,
860 3550 909 3609 illo
922 3549 1058 3609 venientes
1067 3545 1228 3606 nuntiabant
1239 3547 1332 3621 nobis,
1344 3544 1462 3606 dicentes
1473 3569 1480 3603 ε
1492 3547 1604 3609 lnllam-

62 3650 88 3710 si
102 3671 151 3709 rex
165 3647 369 3727 subscripserit:
391 3645 429 3704 sic
442 3660 468 3704 et
481 3645 510 3703 in
523 3645 675 3725 baptismo,
692 3648 804 3727 charta,
861 3645 940 3704 masti
961 3643 1111 3728 civitatem.
1137 3639 1174 3699 Et
1189 3654 1260 3699 certe
1282 3639 1380 3699 caritas
1395 3653 1516 3722 tempore
1534 3643 1603 3703 solet

63 3743 222 3804 conscientia
233 3740 420 3813 estzcalamus,
428 3739 521 3818 lingua
531 3739 689 3801 sacerdotis:
701 3763 806 3816 nranus,
861 3758 1033 3813 marcescere,
1054 3747 1144 3797 vestra
1165 3747 1256 3793 autem
1276 3734 1386 3794 dilectio
1405 3734 1528 3813 quotidie
1546 3758 1601 3797 au·

64 3840 151 3919 gratia
163 3852 202 3898 est
215 3837 334 3918 Spiritus
347 3835 441 3894 sancti.
455 3835 521 3893 Sive
535 3855 599 3913 ergo
613 3856 663 3915 per
676 3857 720 3895 me
727 3880 737 3914 ,
750 3837 808 3897 sive
861 3833 1058 3914 gmentabatur.
1070 3829 1106 3889 Et
1119 3848 1199 3908 quem
1220 3829 1258 3888 ita
1279 3828 1417 3888 absentem
1432 3828 1600 3911 diligebatis,

63 3955 113 4016 per
132 3934 212 3993 illum
231 3932 279 4012 qui
302 3931 393 3990 officio
413 3930 537 4008 iungitur
555 3929 723 4002 sacerdotis,
748 3931 808 4013 ipsa
861 3940 1017 4009 presentem
1031 3923 1112 3985 credo
1124 3923 1198 4002 quod
1222 3923 1320 3983 melius
1338 3923 1443 3985 ametis.
1458 3925 1513 3987 lste
1524 3946 1602 3988 meus

63 4049 159 4088 manus
168 4027 281 4102 scribit,
292 4047 339 4085 nos
350 4025 466 4084 ministri
476 4045 587 4100 sumus,
603 4045 657 4083 non
669 4039 805 4087 auctores.
861 4022 1013 4092 thesaurus,
1028 4020 1070 4079 bae
1083 4032 1146 4079 sunt
1159 4039 1225 4078 meae
1239 4015 1353 4080 divitia.
1374 4017 1410 4077 Et
1423 4018 1484 4078 ideo
1497 4033 1602 4082 vestras

11 4144 41 4207 g,
53 4123 101 4196 ‚Et
112 4125 211 4185 Paulus
222 4122 346 4182 minister
355 4134 409 4180 est:
420 4121 467 4179 Sic
479 4124 565 4194 enim,
577 4119 674 4198 inquit,
686 4126 809 4184 aestimet
860 4118 995 4178 orationes
1006 4115 1124 4194 requiro.
1134 4114 1277 4176 Orationes
1289 4127 1385 4175 vestrae
1394 4134 1490 4173 murus
1498 4113 1567 4174 mibi
1575 4127 1602 4175 et

66 4241 119 4280 nos
130 4220 217 4279 bomo
229 4231 380 4298 tamquam
397 4218 547 4274 ministros
559 4217 680 4289 Christi,
698 4230 727 4276 et
746 4220 807 4277 dis·
860 4212 999 4274 munimen
1013 4224 1087 4272 sunt.
1098 4210 1162 4271 Noli
1174 4209 1275 4285 dicere,
1295 4208 1355 4287 Ego
1368 4207 1515 4287 languidus
1526 4229 1600 4286 sum,

12 4365 17 4376 .
62 4327 233 4397 pensatores
242 4311 524 4388 mysteriorumDei.
537 4312 806 4390 Quidenimlrabes,
860 4306 996 4387 quomodo
1006 4319 1098 4386 potero
1112 4324 1162 4385 pro
1174 4302 1313 4362 sacerdote
1323 4302 1422 4362 orare?
1438 4301 1512 4362 Audi
1522 4302 1601 4364 Scri-

66 4411 148 4492 quod
180 4428 240 4467 nou
265 4411 436 4486 accepisti?
467 4405 498 4465 Si
525 4403 593 4485 quid
624 4405 723 4484 babeo,
758 4429 808 4467 ac-
860 4417 970 4485 pturam
983 4400 1137 4460 dicentem:
1161 4401 1264 4457 Oratio
1286 4397 1750 4477 autemfiebateonti·101.12..t.

65 4506 143 4586 cepi:
162 4504 185 4564 si
205 4516 295 4562 autem
314 4501 415 4581 accepi,
435 4521 488 4558 non
503 4519 603 4570 meum,
622 4500 670 4560 sed
683 4502 741 4581 ejus
761 4502 809 4580 qui
863 4519 932 4558 urta.
941 4496 979 4555 Et
989 4493 1168 4555 ecclesiastica
1187 4491 1274 4550 oratio
1291 4490 1373 4550 solvit
1385 4490 1495 4551 vincula
1515 4492 1601 4571 Petri,

65 4600 142 4661 dedit
157 4599 260 4659 donum
270 4610 318 4658 est.
333 4595 396 4655 Noli
409 4615 473 4674 ergo
490 4593 629 4663 dubitare,
648 4595 806 4656 carissime:
862 4607 888 4653 et
902 4591 980 4651 Pauli
999 4588 1125 4649 dilatarit
1138 4583 1336 4667 predicationis
1349 4583 1492 4644 fiduciam.
1506 4586 1604 4647 Oratio

65 4692 153 4772 gratia
164 4690 236 4750 enim
250 4688 301 4748 Ilei
316 4688 433 4769 perlecta
444 4687 656 4747 est.anusnon
671 4689 808 4767 prohibet,
862 4687 999 4749 caminum
1028 4684 1100 4763 ignis
1127 4679 1269 4754 exstinxit,
1291 4679 1379 4738 oratio
1400 4680 1534 4740 conclusit
1555 4700 1603 4743 ort

66 4788 126 4848 sive
142 4787 189 4846 hic
207 4784 360 4864 baptizeris,
380 4783 438 4841 sive
455 4781 569 4854 iuuari,
589 4781 646 4841 sive
660 4782 688 4841 in
702 4782 807 4844 itinere.
859 4777 1073 4855 leonum,oratio
1081 4775 1240 4836 seditionem
1248 4773 1516 4853 compescuit,oratio
1522 4795 1602 4856 para·

67 4882 213 4964 Philippus
231 4877 380 4960 baptizavit
399 4877 426 4934 in
441 4875 497 4946 via,
514 4875 615 4939 Paulus
629 4877 657 4935 in
675 4877 806 4954 vinculis,
859 4877 950 4937 disum
960 4873 1078 4955 aperuit,
1091 4870 1178 4930 oratio
1188 4869 1246 4928 cali
1257 4866 1382 4928 cardines
1392 4869 1532 4945 reserarit,
1543 4890 1604 4930 ors·

100 5069 183 5119 ·cum
195 5064 234 5117 lais
242 5061 329 5116 couier
338 5077 392 5129 que
399 5057 531 5127 Chrysost.
539 5057 604 5110 dicit
613 5075 688 5127 supra
696 5062 779 5113 'l'omo
786 5064 823 5120 11.
850 5077 877 5112 re
889 5059 946 5114 ride
958 5071 1092 5124 utrumque
1104 5054 1192 5122 Gangil
1202 5049 1358 5105 Glossarium
1370 5050 1395 5103 in
1409 5068 1472 5104 voce
1487 5050 1569 5106 daem
1580 5064 1606 5108 et

66 5165 94 5216 p.
104 5148 164 5207 458,
176 5147 208 5210 D,
219 5145 252 5199 lt.
850 5151 926 5212 ²⁰³²?ss
944 5140 991 5190 llic
1003 5151 1085 5206 regem
1098 5131 1206 5202 intellige
1218 5134 1407 5198 imperatorem.

102 5223 218 5278 usura.
229 5223 271 5274 Sic
287 5217 426 5272 uocabatur
442 5215 569 5284 imperiale
586 5214 715 5284 diploma:
732 5233 781 5284 qua
793 5214 825 5268 de

1437 5275 1486 5335 32.
