3810 6000
706 114 752 163 nr
776 110 904 164 saturo
929 109 1072 163 sanem.
1584 90 1656 192 963

106 247 327 347 ωιοριποῧσιν
336 237 823 321 ἀνάσταλλι.11ὤγὺργλιῦνος,ἤδη
834 262 886 301 πα·
938 237 1121 331 sufficebat:
1142 239 1256 311 Muto,
1271 235 1371 330 iuqsu't,
1380 236 1464 319 pleni
1484 251 1562 299 suut.
1576 240 1601 300 0
1613 239 1656 301 in·

107 325 284 407 ρὼινσντος
307 320 339 383 tt
405 318 467 381 ·to
534 318 638 400 tttp
722 321 736 381 i
833 323 886 378 ποῦ
987 331 1047 378 tum
1075 338 1197 377 smmum
1224 315 1331 379 tuclus
1360 316 1507 377 lunatum'
1533 318 1602 379 Tem
1623 340 1655 379 us

105 402 205 489 χῶριν
223 400 282 499 ἕχον
289 342 429 555 (pam
448 344 595 504 ἡρῖνςνήρρῃ
608 342 721 500 niqdii
735 342 885 499 νττὴονςίῗνρριν,
938 338 1037 489 dibu,
1051 396 1156 489 iudae,
1169 410 1197 457 et
1213 394 1339 491 lingerent
1348 362 1557 457 alamanniam
1581 340 1655 490 odin-

106 481 159 643 a*
190 477 886 662 suamt‘pttuquess}
937 474 1656 648 resistens-tenuras

108 637 886 800 {iihha‘i'shiiiiuississ,iiiiiissibi'iiheii
939 637 1228 796 hlttlhmttl
1242 637 1656 804 iiie'ili'ipiiissiii‘}

110 743 707 883 Qidfflmiourbmpdcobupoqrpoo'l
752 795 886 878 λοίρημὲ-
939 795 1058 884 tenebat,
1070 796 1115 873 qui
1132 798 1219 875 gratia
1242 794 1410 884 abundabat,
1423 816 1468 873 qut
1483 814 1545 871 igne
1558 795 1654 875 plenus

76 924 82 935 .
110 902 173 939 νον·
190 880 297 959 Ἐκχεῶ
318 879 431 938 tutem
446 876 601 956 Πνεύματός
627 901 686 955 μου,
699 876 819 955 Πέλαγος
834 898 886 955 ’ρα-
939 875 1014 934 erat?
1028 876 1132 954 Lingua
1143 898 1190 934 sua
1205 877 1292 934 utitur
1305 874 1339 934 ad
1350 875 1455 953 linguas
1464 871 1652 933 defendendas.

111 958 251 1039 ρισμᾶτων
265 958 427 1059 ὁπρορήτης
441 957 645 1057 εὔαργελίζεται.
660 955 783 1037 ’Erpa
795 944 886 1036 queis,
941 958 1010 1014 Nou
1021 959 1109 1025 enim,
1123 960 1260 1015 sicutuos
1272 958 1432 1025 restituatis,
1445 956 1477 1012 tu·
1487 956 1560 1011 ebrii
1569 967 1636 1013 sunt
1642 978 1654 1024 ;
1663 975 1717 1021 Au.
1727 986 1749 1019 a.
1765 976 1803 1022 ις

112 1038 170 1098 ἀπὸ
187 1044 234 1097 τοῦ
247 1037 402 1115 Πνευματός
417 1059 478 1115 μω.
499 1038 564 1095 Αλλ’
585 1028 637 1115 ἆρα
659 1035 696 1113 μὴ
712 1034 993 1095 συνέσταλταιπσοεᾱ
1001 1037 1056 1094 hoc
1065 1048 1108 1095 est
1118 1037 1197 1115 qnod
1206 1036 1315 1093 dictum
1330 1047 1372 1093 est
1387 1055 1440 1113 per
1453 1032 1567 1092 Joelem
1587 1054 1654 1113 pro-

110 1118 196 1179 πόλιν
209 1116 241 1177 τὸ
277 1122 377 1215 ,ἰθρονς
402 1116 421 1221 ’ἢ
444 1115 510 1214 πρὸς
531 1115 674 1216 :laudatione
696 1114 888 1215 περιγράφεται
921 1142 924 1147 ·
938 1117 1058 1205 phetam
1071 1139 1080 1170 :
1093 1115 1263 1204 Effundam
1280 1116 1317 1172 de
1335 1115 1444 1193 Spiritu
1457 1133 1529 1170 meo.
1539 1112 1654 1204 Pelagus
1664 1120 1805 1172 loetum.

111 1196 274 1356 suu
289 1194 887 1357 unitusque:
940 1193 1656 1354 nemusculisestimans

112 1378 167 1417 σιν.
188 1353 327 1435 uptun
346 1355 395 1429 τὴν
416 1376 550 1435 προρητικ
562 1377 583 1425 ,ν
597 1355 718 1432 γλῶτταν
737 1359 756 1426 ἡ
778 1355 888 1433 γλῶσσα
940 1368 1002 1413 sunt
1013 1353 1131 1413 fluenta?
1146 1374 1180 1412 an
1194 1351 1228 1412 ad
1243 1351 1351 1415 ludaeos
1362 1364 1474 1410 tantum
1487 1351 1656 1442 circumseri-

111 1439 161 1514 τοῦ
175 1431 340 1512 Ηνεῦματος.
356 1433 478 1507 ’Eutime
491 1432 537 1492 sol
552 1437 615 1510 ἡμῖν
627 1437 675 1504 τῆς
691 1431 800 1515 χάριτος
809 1433 889 1492 ἐπελ-
939 1430 1015 1492 bitur
1027 1432 1151 1492 donum?
1165 1435 1349 1512 Nequaquam.
1360 1432 1540 1520 Effundam,
1553 1443 1654 1509 inquit,

112 1518 169 1579 tots
189 1510 307 1594 σταγόνα
319 1516 560 1594 παρακαλέσωμιν,
572 1511 617 1572 ἵνα
633 1511 683 1586 τὴν
708 1513 814 1590 μνήμην
834 1515 887 1570 τῶν
940 1532 1027 1592 super
1037 1533 1152 1571 omnem
1167 1533 1297 1570 carueuu
1311 1500 1516 1568 Praedrctronem
1534 1531 1598 1569 cum
1611 1509 1655 1569 di-

112 1592 256 1671 cupiam
269 1593 452 1673 φυλάττοντος,
468 1598 516 1665 τῆς
529 1592 636 1672 pulpito<
649 1593 680 1652 τὸ
691 1591 782 1671 κέρδος
791 1591 889 1673 apopl-
939 1590 1070 1668 diceritis,
1092 1592 1195 1650 exitum
1208 1590 1309 1649 videte.
1321 1589 1454 1649 Praercnit
1470 1589 1656 1677 propheticam

111 1695 206 1752 σωμεν
231 1672 338 1742 εὔκολος
359 1672 412 1753 γὰρ
434 1673 519 1743 δόσις,
535 1661 567 1729 ds
580 1669 650 1750 stipor
667 1671 832 1753 προαίρεσιν.
852 1669 888 1733 ‘0
939 1670 1062 1747 linguam
1081 1671 1174 1750 lingua
1196 1670 1324 1751 Spiritus.
1348 1669 1438 1759 Hujus
1464 1669 1542 1728 nobis
1564 1669 1657 1749 gratie

111 1749 168 1853 γὰρ
181 1753 258 1819 αὐτὸς
270 1752 353 1821 Θεὸς,
363 1757 379 1815 ὁ
388 1754 501 1833 ἐνοργῶν
512 1748 547 1810 ab
561 1750 650 1809 πάντα
668 1752 696 1809 ἐν
709 1760 800 1810 πᾶσιν·
815 1752 887 1831 αὐτῷ
940 1750 1042 1810 stillam
1060 1749 1168 1809 infundi
1188 1770 1340 1830 precemur,
1355 1762 1386 1807 ut
1397 1748 1588 1807 miraculorum
1600 1769 1656 1807 mc·

111 1831 259 1909 ἡούνομις
267 1832 353 1892 καὶτὸ
364 1828 575 1912 κράτοςείςτὼς
588 1830 777 1902 ἀτελευτήτους
790 1832 887 1897 αἰῶνας
912 1886 915 1891 ,
940 1831 1055 1888 moriam
1077 1829 1230 1901 retinentes,
1246 1828 1339 1906 gratiae
1363 1827 1472 1886 lucutm
1501 1841 1653 1887 memmus:

58 1931 60 1935 ·
111 1914 168 1970 τῶν
183 1909 296 1971 αἰώνων.
307 1909 400 1991 Ἀμήν.
939 1909 1019 1968 iacile
1028 1929 1144 1985 namque
1156 1907 1257 1966 donum
1272 1905 1399 1980 mittitur,
1413 1905 1435 1964 si
1446 1906 1572 1966 voluntas
1581 1928 1656 1987 repc-

940 1988 1037 2048 riatur.
1063 1989 1125 2068 lpse
1148 2006 1264 2064 namque
1288 1987 1361 2057 Deus
1393 1998 1432 2043 est
1457 1984 1505 2064 qui
1528 1999 1656 2066 operatur

940 2067 1029 2128 omnia
1048 2066 1075 2125 in
1096 2065 1240 2125 omnihus:
1256 2064 1307 2146 ipsi
1326 2077 1443 2146 potestas
1461 2079 1487 2124 et
1510 2063 1656 2146 imperium

939 2147 968 2206 in
983 2146 1089 2207 infinita
1098 2146 1193 2206 saecula
1209 2144 1377 2205 seculorum.
1390 2148 1484 2204 Amen.

114 2368 1652 2404 m

468 2553 533 2629 ΑΙ)
556 2553 797 2628 ttostlntnnt
822 2555 886 2627 DE
911 2552 1098 2628 SPlRlTU
1122 2551 1309 2628 SANCTO

661 2798 1089 2929 MONITUM.

154 3090 277 3153 Savilius
294 3090 323 3152 in
344 3090 423 3151 Notis
446 3113 476 3172 p.
490 3090 548 3152 815
574 3090 646 3150 circu
666 3091 821 3151 concionem
839 3090 875 3151 de
894 3090 1000 3173 Spiritu
1015 3104 1107 3150 sancto
1117 3089 1256 3171 judicium
1279 3089 1436 3170 hujusmodi
1459 3090 1540 3151 tulit:
1555 3092 1658 3154 «Hanc

112 3184 257 3246 homiliam
276 3183 397 3264 agnoscit
420 3184 534 3243 Photius
549 3183 724 3243 Bibliotheca
738 3206 765 3264 p.
778 3182 832 3242 Sil
863 3207 871 3240 :
896 3181 1030 3263 descripta
1051 3197 1143 3242 estex
1165 3181 1330 3241 bibliotheca
1345 3181 1429 3260 Regia
1450 3180 1574 3241 Lutetiae.
1596 3183 1651 3243 Vel

114 3276 315 3359 Chrysostomi,
335 3275 389 3350 rel,
415 3274 488 3354 quod
502 3274 593 3357 potius
602 3295 671 3349 reor,
684 3273 795 3333 alterius
812 3274 927 3354 alicujus
942 3294 977 3333 ex
992 3273 1042 3332 illa
1059 3272 1165 3332 erudita
1186 3271 1355 3350 antiquitate.
1374 3271 1470 3353 Stylus
1482 3272 1554 3332 cnim
1569 3273 1656 3353 magis

113 3369 250 3443 concisus,
264 3383 291 3427 et
300 3368 448 3446 trequentes
470 3366 598 3445 loquendi
609 3364 731 3425 formula
744 3365 842 3429 loanni
855 3378 945 3425 nostro
967 3385 1020 3424 non
1036 3364 1151 3424 usitatae.
1165 3388 1180 3419 ν
1197 3365 1275 3423 Certe
1285 3377 1356 3422 tanta
1371 3377 1410 3423 est
1427 3364 1473 3423 illa
1484 3365 1549 3446 styli
1563 3364 1657 3425 direr-

113 3462 192 3534 sitas,
205 3474 233 3518 ut
247 3461 346 3519 Fronto
356 3460 472 3518 Ducaeus
481 3480 540 3517 cam
548 3459 610 3538 jure
624 3459 695 3517 inter
709 3457 801 3539 spuria
815 3457 993 3537 ablegaverit.
1012 3457 1063 3517 llio
1074 3457 1146 3516 enim
1169 3470 1259 3515 orator
1272 3469 1344 3515 totus
1357 3456 1489 3535 strigosus
1505 3471 1554 3533 cst,
1579 3479 1656 3517 coar·

113 3565 240 3631 ctatoque
259 3549 366 3610 dicendi
376 3571 472 3629 genem
493 3550 594 3627 utitur;
608 3565 638 3609 ut
651 3548 743 3609 nullus
762 3549 830 3609 mihi
840 3571 970 3628 umquam
986 3549 1064 3610 visus
1077 3549 1112 3608 sit
1131 3550 1325 3630 chrysostomo
1335 3549 1580 3610 absimilior.ltlale
1592 3572 1656 3630 ergo

112 3643 228 3704 Photius
238 3665 297 3703 eam
315 3643 384 3702 inter
396 3663 522 3721 germana
537 3643 566 3701 S.
587 3640 705 3701 doctoris
718 3663 800 3723 opera
813 3643 954 3716 recensuit,
964 3655 995 3700 ut
1008 3642 1089 3701 ctiam
1102 3642 1156 3702 alia
1172 3641 1290 3723 plurima
1301 3643 1446 3723 cooptavit.
1465 3643 1544 3702 Libet
1566 3658 1657 3704 autern

113 3735 250 3817 epitomen
273 3735 348 3795 illam
361 3734 445 3815 hujus
456 3733 591 3794 concionis
609 3755 692 3814 quam
707 3733 765 3814 ipse
777 3755 802 3793 c.
821 3735 860 3792 77
873 3734 1014 3794 contexuit
1028 3734 1124 3795 Latine
1137 3748 1302 3812 convertere,
1315 3734 1408 3797 lectori
1419 3736 1493 3796 haud
1505 3735 1591 3796 dubie
1603 3759 1656 3797 uon

112 3827 160 3886 dis
179 3827 325 3886 liciturum.

157 3849 177 3975 i
183 3922 263 3979 Lecta
289 3928 328 3978 est
346 3918 434 4000 prima
448 3917 636 3998 Chrysostomi
652 3917 771 3977 llomilia
784 3918 819 3978 de
829 3917 933 4000 Spiritu
943 3931 1044 3989 sancto,
1055 3919 1135 4000 cujus
1146 3919 1266 3995 initium,
1275 3917 1345 3986 xci<
1356 3907 1467 3997 ἡμῖν,ὦ
1482 3918 1656 4000 quippme

112 4012 138 4072 F
138 4010 190 4069 alsi
203 4010 305 4070 Christi
319 4032 354 4069 ex
362 4008 458 4089 seipsis
471 4008 660 4086 loquebantur,
671 4028 725 4068 non
749 4009 863 4088 exlege,
878 4031 930 4071 non
939 4032 973 4069 ex
987 4010 1141 4092 prophetis;
1152 4011 1199 4070 sed
1210 4032 1246 4070 ex
1255 4011 1366 4091 proprio
1383 4030 1461 4068 sensu
1474 4023 1554 4088 atque
1568 4024 1654 4069 motu.

113 4104 244 4163 Servatur
258 4116 348 4161 autem
364 4122 417 4160 non
428 4100 576 4161 discmsita
600 4100 669 4180 lege,
680 4122 733 4161 non
745 4101 865 4161 deseruit
873 4103 1035 4184 prophetas;
1058 4102 1106 4162 sed
1115 4102 1221 4162 dicebat
1232 4100 1412 4176 modo,Beue
1423 4103 1500 4161 dixit
1512 4104 1639 4162 Heraios
1643 4127 1656 4172 ;
1666 4116 1752 4164 natet.
1769 4116 1811 4166 15.

112 4194 196 4255 modo
210 4208 310 4270 autem,
322 4197 429 4255 Nonne
439 4196 579 4272 scriptum
591 4196 677 4253 estin
687 4193 752 4274 lege
764 4200 919 4254 ‘restrui'et
928 4207 1053 4254 sexcenta
1064 4193 1172 4253 similia.
1181 4191 1253 4264 Quia
1264 4191 1349 4272 igitur
1358 4192 1377 4252 ii
1386 4193 1434 4271 qui
1447 4206 1509 4251 ante
1518 4193 1656 4253 Christum
1664 4193 1725 4287 ζῶ
1739 4238 1756 4287 3
1771 4254 1778 4287 Ι

114 4301 256 4364 venerant,
277 4299 303 4346 et
324 4285 421 4346 callide
441 4283 679 4363 fraudulenterque
699 4285 751 4344 sibi
775 4305 873 4345 nomen
887 4287 945 4367 ejus
960 4286 1153 4368 imposuerant,
1169 4305 1222 4343 non
1235 4304 1271 4344 ex
1294 4284 1548 4365 sacrisScripturis,
1560 4284 1606 4344 sed
1622 4307 1658 4346 ex
1728 4272 1735 4287 ⁹
1758 4254 1808 4301 ’ν’

113 4380 224 4463 propria
233 4378 385 4460 arrogantia
399 4398 503 4437 errores
525 4397 587 4436 suos
607 4376 754 4436 efferebant
765 4401 772 4434 ε
782 4375 889 4437 dicebat
900 4381 1037 4452 Servatur,
1051 4381 1116 4458 Ego
1128 4398 1147 4436 a
1161 4381 1270 4458 meipso
1286 4398 1345 4435 non
1354 4378 1467 4459 loquor,
1481 4377 1736 4456 quemadmo-roaae.
1755 4394 1793 4453 rt.

114 4472 184 4533 dum
194 4472 247 4531 illi.
261 4473 360 4531 Nama
374 4471 462 4551 seipso
471 4470 557 4550 loqui,
571 4468 640 4529 illud
657 4482 697 4528 est
714 4483 813 4550 preter
823 4490 912 4531 sacras
921 4471 1076 4552 Scripturas
1087 4468 1173 4550 loqui.
1191 4468 1272 4541 Quod
1283 4482 1374 4529 autem
1387 4490 1402 4527 a
1416 4468 1590 4551 seipsoloqui
1600 4492 1659 4531 mos
1669 4470 1706 4505 ¹⁰·

114 4564 151 4626 sit
161 4561 428 4646 pseudochristorum
451 4574 477 4621 et
492 4560 798 4643 pseudoprophetarum,
812 4559 890 4622 docet
905 4561 963 4644 ipse
980 4563 1053 4621 Deus
1065 4582 1113 4641 per
1135 4561 1296 4642 prophetam
1310 4559 1497 4621 Ezechielem:
1511 4564 1581 4623 Non
1592 4567 1660 4623 misi
1668 4574 1753 4619 tract.
1772 4573 1811 4623 ιλ.

115 4678 177 4728 eos,·
193 4677 214 4715 a
227 4659 389 4735 semetipsis
404 4655 519 4736 loquuti
534 4667 614 4730 suut,
638 4676 675 4713 ex
688 4654 777 4713 eorde
788 4674 843 4713 suo
854 4654 1024 4736 loquuntur.
1037 4651 1265 4732 Quandoquidem
1279 4653 1364 4733 igitur
1374 4652 1615 4736 pseudopropheta
1625 4637 1692 4716 α’·
1708 4636 1733 4685 ⁶·

113 4745 514 4831 propriosensupredicabant,
532 4762 563 4807 ut
572 4748 674 4807 illama
691 4769 720 4807 se
732 4761 870 4808 amoveret
879 4747 1075 4829 suspicionem
1093 4745 1198 4827 ingrata
1221 4744 1322 4827 quippe
1331 4744 1488 4807 ludaeorum
1497 4747 1570 4808 natio
1580 4748 1661 4809 illum

115 4842 192 4922 quasi
209 4839 390 4921 deceptorem,
404 4839 453 4918 qui
470 4839 604 4899 mundum
626 4838 653 4898 in
667 4860 786 4898 errorem
798 4838 956 4919 deduceret,
967 4839 1184 4905 calumniabatur
1198 4862 1205 4896 ε
1220 4837 1282 4898 ideo
1305 4836 1428 4898 dicebat:
1438 4841 1504 4921 Ego
1520 4861 1541 4900 u
1551 4845 1663 4922 meipso

117 4935 298 5017 tuoloquor,
314 4932 362 4993 sed
375 4954 390 4991 a
403 4932 473 5013 lege,
489 4954 504 4992 a
518 4930 672 5014 prophetis3
692 4933 887 5013 Quaeottmque
907 4933 1010 4993 urtdivi
1029 4953 1049 4991 a
1064 4933 1158 4992 Patre
1170 4930 1199 4990 in
1209 4929 1277 5010 lege,
1291 4927 1320 4989 in
1335 4928 1478 5011 prophetis
1495 4956 1502 4991 :
1520 4954 1555 4992 ex
1569 4934 1659 4995 camis
1668 4942 1757 4991 loon-8
1768 4939 1809 4991 38.
