3764 5992
294 467 329 515 ΙΝ
355 465 470 531 lbblll),
499 462 673 512 sanusne
699 460 899 510 Ptttscmntnt
925 462 968 509 ET
994 462 1160 527 AQUILAM·
1191 464 1226 512 ll·
1462 444 1529 514 223

144 592 175 653 δν
192 590 397 670 συλλαμύάνειν.
412 589 466 649 Καὶ
481 594 559 648 τοῦτο
579 589 696 667 φανερῶς
710 583 758 663 μὲν
816 583 913 645 lembis
928 585 1052 646 versati?
1076 587 1167 659 Quare
1182 586 1306 669 ergoboc
1317 585 1403 648 dicit?
1416 587 1529 651 Judaeo-

144 707 175 744 εν
189 686 285 758 εἰπεῖν,
306 684 341 740 δι’
367 680 531 760 αἰνιγμάτων
556 679 603 748 δὲ,
628 676 697 738 ὥστε
722 674 758 753 μὴ
815 698 878 736 rum
894 675 1007 739 insidias
1028 678 1149 740 indicare
1166 679 1287 757 uolebat,
1309 679 1424 759 illosque
1440 680 1531 761 ipsum

149 778 235 836 πάλιν
256 773 358 841 αύτούς.
370 772 478 854 Ὥσπερ
492 762 537 831 ούν
558 773 620 830 δεον
645 768 760 847 ἀκούσῃς
815 768 1052 849 comprehensuros
1072 792 1129 831 esse
1148 794 1155 828 ι
1171 771 1252 850 idque
1276 772 1415 832 manifeste
1441 771 1531 831 dicere

144 892 213 944 ντες,
225 869 267 930 δτι
276 867 315 929 ‘0
328 866 461 939 ἠκούσατε
477 869 515 931 εἰς
528 864 558 924 τδ
570 854 633 934 ode,
648 862 761 942 κηρύξαι·
816 860 932 937 nolebat,
944 861 992 921 sed
1004 883 1052 943 per
1065 863 1218 944 aenigmata,
1231 884 1264 922 no
1275 862 1373 923 iterum
1388 863 1531 923 conturba·

156 962 300 1041 δωμάτων,
312 959 359 1018 καὶ
369 957 384 1017 θ
396 957 528 1028 ἠκούσατε
550 959 577 1015 ἐν
596 959 630 1036 τῇ
647 953 758 1037 σκοτία,
815 966 918 1012 rentur.
931 954 1026 1032 ltaque
1042 954 1113 1014 sicut
1128 955 1277 1016 eumaudis
1289 955 1428 1016 Christum
1438 955 1531 1016 dicen·

144 1053 265 1135 ῷφιοτί,
278 1055 308 1112 οὗ
320 1055 398 1110 reiro
410 1048 584 1123 ὑποπτεύεις,
605 1048 645 1107 δτι
659 1045 760 1106 κελεύει
814 1058 868 1103 tem
880 1068 887 1102 t
898 1047 984 1124 Quod
1001 1049 1126 1108 audistis
1140 1052 1173 1107 in
1187 1069 1298 1120 aurem,
1313 1050 1473 1129 predicate
1482 1071 1530 1109 su·
1539 1062 1626 1110 March.
1644 1075 1680 1106 ιο.

144 1145 216 1214 molt<
236 1145 283 1205 καί
303 1142 353 1215 τὴν
375 1139 473 1221 άγορδιν
499 1138 613 1219 ἀφέντας
635 1139 679 1199 ἐπί
708 1142 760 1197 τῶν
814 1149 952 1214 pertecta
967 1151 1017 1197 :et
1027 1141 1106 1220 quod
1114 1140 1240 1199 audistis
1249 1144 1282 1198 εἰι
1293 1142 1429 1214 tenebris,
1442 1140 1578 1234 dicitc²}·

1592 1123 1680 1173 ettae.

144 1236 286 1321 σιρύτεειν·
301 1233 361 1294 otte
376 1230 428 1314 γὰρ
441 1231 577 1313 φαίνονται
592 1236 670 1291 τοῦτο
682 1229 763 1301 ποιή-
778 1244 798 1290 t>
817 1232 849 1286 in
860 1230 941 1299 luce,·
951 1250 1004 1289 non
1018 1229 1158 1310 intelligis,
1180 1230 1257 1309 quasi
1278 1230 1418 1312 precipiat
1430 1202 1551 1292 relictis¹
1573 1189 1615 1237 ’δ’

144 1328 260 1399 αθηταί·
273 1325 345 1385 etto
358 1323 405 1397 τὸ,
421 1323 486 1384 Ἐπί
498 1328 552 1383 τῶν
564 1314 704 1402 δωμάτων,
717 1320 763 1380 καί
818 1319 883 1378 soris
892 1333 918 1379 et
930 1319 1021 1380 triviis
1027 1342 1072 1380 eos
1085 1343 1166 1402 super
1183 1335 1252 1382 tecta
1264 1322 1363 1383 debere
1372 1322 1531 1404 praedicare5

144 1420 249 1501 ιρωτὶ,
261 1420 293 1479 τδ
313 1417 381 1497 μετδι
394 1415 544 1497 παρρησίας
561 1416 720 1475 αἰνίττεται·
734 1414 766 1473 τδ
819 1431 904 1490 neque
920 1412 992 1472 enim
1001 1411 1028 1471 id
1041 1413 1160 1473 lecerunt
1172 1414 1300 1496 discipuli
1313 1414 1446 1474 :sedcum
1453 1415 1531 1489 dicit,

159 1502 222 1587 ele,
232 1512 278 1571 καί
288 1511 335 1584 τδ,
352 1509 445 1586 ’live-'q‘
459 1507 552 1587 σκατίᾳ
562 1551 572 1577 ,
584 1514 661 1568 τοῦτο
676 1508 766 1580 δηλοῖ,
803 1503 910 1583 -Super
921 1516 1008 1578 tecta,
1016 1518 1042 1564 et
1055 1508 1093 1563 In
1103 1506 1178 1579 luce,
1194 1504 1323 1565 fiduciam
1336 1520 1362 1566 et
1382 1506 1536 1567 libertatem

144 1628 161 1665 ν
176 1608 265 1685 μικρῷ
280 1603 355 1683 μέρει
368 1606 418 1674 τῆς
430 1600 600 1678 οἰκουμένης,
618 1599 663 1658 καί
682 1600 710 1657 ἐν
728 1598 766 1658 ἐνί
819 1600 929 1681 ριὼίίοσ
938 1600 1245 1682 pradicandiinsinuat3
1257 1625 1320 1664 cum
1334 1626 1399 1664 vcro
1412 1603 1490 1681 dicit,
1497 1608 1536 1663 ln

157 1694 344 1766 Παλαιστίνης
363 1691 508 1766 ἠκούσατε,
532 1696 610 1749 τοῦτο
630 1696 767 1770 πανταχοῦ
820 1713 933 1770 aurem,
949 1706 975 1752 et
988 1697 1026 1752 In
1051 1697 1188 1769 tenebris,
1208 1694 1354 1776 significat,
1378 1708 1408 1753 ut
1436 1694 1537 1775 ubique

144 1787 329 1869 ηχήσατε.»οὖ
342 1785 394 1863 γὰρ
408 1783 440 1856 δὴ
454 1786 481 1842 ἰν
495 1782 603 1862 σκοτία,
617 1782 675 1841 οὐδὲ
687 1786 724 1850 είς
738 1780 768 1840 τὸ
821 1797 954 1843 terrarum
968 1798 1086 1860 narrent,
1096 1785 1169 1865 quod
1179 1786 1207 1845 in
1222 1808 1306 1868 parva
1330 1784 1424 1846 mundi
1449 1801 1535 1869 parte,

144 1902 193 1941 ιτο
215 1881 316 1949 αὐτοῖς,
333 1878 391 1935 ἀλλ’
407 1878 448 1955 ἐρ’
470 1876 578 1954 ὑψηλῶν
600 1877 652 1933 τῶν
676 1873 768 1954 θρίων,
822 1889 848 1934 ct
860 1875 890 1934 in
903 1896 958 1935 uno
968 1875 1108 1935 Palestinae
1121 1877 1181 1937 loco
1200 1877 1350 1939 audierant.
1364 1880 1456 1959 Neque
1465 1878 1538 1939 enim

144 1997 150 2041 ;
162 1978 329 2051 συναγωγαῖς
343 1969 482 2050 πολλάκις.
496 1965 577 2026 Ούτω
590 1966 636 2025 καί
657 1970 770 2026 ἐνταῦθα
824 1964 851 2023 in
863 1965 980 2024 tenebris
993 1979 1020 2024 et
1030 1966 1159 2026 inaurem
1175 1966 1212 2027 eis
1232 1968 1402 2047 loquebatur,
1415 1967 1540 2050 sedsaepe

144 2088 170 2124 ν.
185 2062 291 2142 Ὠσπερ
303 2051 349 2120 ode
360 2063 415 2118 ἐκεῖ
426 2057 538 2137 δώματα
549 2057 700 2130 ἀκούοντες,
715 2057 771 2116 ἑτέ·
825 2057 852 2115 in
866 2057 927 2116 altis
936 2057 1086 2134 montibus,
1097 2074 1123 2119 ct
1135 2059 1163 2119 in
1184 2060 1338 2142 synagogis.
1349 2061 1391 2119 lto
1405 2075 1431 2121 et
1440 2061 1487 2120 hic
1498 2061 1539 2120 in-

144 2178 215 2235 ιμεν,
228 2153 299 2214 ούτιυ
313 2153 359 2212 καλ
377 2155 491 2212 ἐνταῦθα
505 2150 639 2232 μαχαίρας
659 2149 770 2209 ἀκούον-
824 2149 925 2229 tellige.
938 2150 1085 2210 Namsicut
1099 2152 1145 2221 ‚ibi
1156 2150 1294 2212 audientes
1311 2166 1387 2229 tecta,
1396 2153 1450 2213 alio
1460 2152 1541 2213 modo

144 2252 196 2308 ’ύτο
213 2246 375 2324 νομίσωμεν,
395 2242 436 2302 δτι
458 2241 565 2311 ἐπάταξε
579 2241 714 2322 μαχαίρας
727 2266 772 2301 κε·
826 2241 1016 2320 intelleximus,
1040 2241 1078 2301 ita
1091 2255 1117 2302 et
1136 2242 1182 2302 hic
1200 2265 1263 2303 cum
1284 2244 1388 2323 gladios
1405 2244 1541 2318 audimus,

144 2342 200 2402 ttt'
213 2341 255 2399 ὅτε
268 2338 311 2397 ut
323 2342 376 2397 τῶν
389 2339 530 2417 μαχαιρῶν
554 2334 603 2407 τῆν
625 2338 771 2395 ἐνεστῶσαν
826 2354 859 2391 ne
876 2346 1002 2413 putemus
1026 2354 1088 2392 eum
1108 2334 1220 2415 jussisse
1241 2334 1336 2394 haberi
1357 2334 1470 2415 gladios,
1494 2334 1542 2395 sed

150 2429 308 2502 δπιύουλὴν,
328 2428 374 2488 καὶ
393 2426 434 2486 δτι
458 2426 549 2504 μελλει
565 2425 679 2507 πάσχειν
698 2427 772 2509 πορθ
824 2446 874 2507 per
883 2423 1146 2503 gladiosinsinuasse
1156 2426 1298 2485 imminere
1314 2419 1437 2503 insidias,
1446 2443 1471 2487 et
1480 2449 1541 2510 pas-

144 2522 209 2595 ιίιαν,
228 2521 297 2602 άπερ
313 2519 404 2579 ἔπαθε.
426 2517 480 2577 Καὶ
501 2523 579 2577 τοῦτο
593 2520 623 2576 ἐκ
637 2522 691 2576 τῶν
711 2516 771 2589 ἑξῆς
788 2527 805 2573 tt
825 2538 918 2575 surum
931 2537 987 2576 sea
1003 2518 1020 2579 J
1023 2515 1105 2576 udaeis
1115 2539 1175 2596 qua·
1186 2530 1212 2577 et
1223 2539 1318 2599 passus
1331 2534 1379 2580 est.
1392 2524 1480 2598 Atque
1491 2520 1543 2580 boc

144 2611 198 2674 σὺν
218 2612 288 2692 γδρ,
306 2610 444 2691 Ἀγοράσει
461 2609 615 2690 μάχαιραν,
637 2607 771 2688 ίπῆγαγε·
825 2629 859 2667 ex
882 2608 1055 2688 sequentibus
1070 2609 1242 2669 manifestum
1254 2604 1304 2670 est.
1332 2614 1403 2672 Nam
1426 2626 1456 2672 ut
1469 2611 1543 2672 dixit

144 2718 153 2764 t
166 2704 343 2785 γεγραμμένα
353 2703 415 2783 περλ
427 2706 492 2781 ἐμοῦ
502 2703 676 2774 τελεσθῆναι,
692 2699 733 2758 ὅτι
744 2702 771 2758 ἐν
826 2700 969 2760 emendum
983 2698 1115 2781 gladium,
1126 2722 1191 2760 mox
1205 2700 1304 2783 adjecit
1319 2726 1326 2759 τ
1344 2705 1421 2782 Quia
1431 2717 1542 2785 oportet
1553 2715 1693 2776 ιιιιαιδρ.

144 2822 180 2868 εις
201 2796 350 2875 ε’λογίσθην.
377 2794 515 2854 Εἰπόντων
540 2792 568 2852 δὲ
588 2792 706 2868 ἐκείνων,
731 2791 772 2851 δτι
827 2793 1027 2873 adimpleriea
1045 2813 1109 2873 que
1124 2795 1161 2851 de
1174 2815 1219 2853 me
1241 2807 1311 2853 sunt
1322 2799 1441 2875 scripta,
1459 2796 1545 2876 Quod
1555 2811 1613 2859 teat.
1634 2811 1674 2860 53.

144 2889 193 2951 δύο
207 2889 357 2970 μάχαιραι,
372 2887 418 2946 καί
427 2887 457 2946 τὸ
468 2885 563 2966 λεχθὲν
572 2885 609 2964 μὴ
622 2885 772 2952 συνιέντων,
827 2906 893 2944 eum
903 2887 1014 2965 iniquis
1027 2896 1178 2964 reputatus
1192 2907 1266 2946 sum.
1286 2885 1437 2967 Discipulis
1454 2900 1544 2946 autem
1558 2888 1593 2920 ¹²·

144 2982 207 3043 τείν
224 2983 291 3041 ἐστι.
305 2978 400 3040 Καίτοι
411 3003 441 3058 γε
456 2979 503 3038 ούκ
516 2969 549 3050 ἦν
562 2977 668 3036 ίκανύν·
688 2981 710 3036 εί
725 2977 773 3055 μὲν
826 2974 989 3054 dicentibus,
1007 2979 1146 3037 Hiesttnt
1168 2978 1226 3037 duo
1234 2979 1340 3059 gladii,
1361 2993 1387 3038 et
1397 3000 1449 3038 non
1460 2979 1544 3038 intel-

144 3071 218 3152 ιικίνῃ
237 3071 347 3152 βοηθείᾳ
365 3073 513 3151 κεχρῆσθαι
528 3068 623 3137 αὐτούς
636 3066 774 3139 ίύούλετο,
826 3067 972 3147 ligentibus
984 3066 1025 3146 id,
1037 3066 1109 3147 quod
1120 3067 1224 3128 dietum
1234 3070 1331 3146 fuerat,
1345 3071 1392 3145 ait,
1403 3071 1481 3131 Satis
1489 3083 1541 3131 est.
1555 3082 1694 3133 ιυοσεθθ.

144 3164 181 3226 'ulo
191 3164 240 3223 καὶ
249 3171 334 3244 τρεῖς,
346 3164 405 3220 ἀλλ’
421 3160 479 3221 οὐδὲ
498 3160 591 3220 ῖκατδν
604 3152 675 3232 ἦσαν
686 3160 775 3220 ἱκαναὶ
828 3161 948 3220 Tametsi
957 3181 1010 3220 non
1023 3160 1087 3220 satis
1100 3175 1157 3220 erat
1171 3185 1179 3224 ι
1196 3183 1283 3242 neque
1295 3162 1367 3221 enim
1377 3163 1545 3223 suffecissent

144 3283 147 3297 ·
171 3259 195 3318 el
220 3255 249 3316 δδ
273 3259 320 3315 οὐκ
343 3253 466 3314 ἐύούλττο
488 3252 640 3333 ἀνθρωπίνῃ
666 3253 776 3333 βοηθείᾳ
784 3301 820 3340 „⁶
829 3252 947 3330 velduo,
959 3251 1003 3312 vel
1011 3266 1075 3326 tres,
1090 3253 1134 3314 νε]
1143 3267 1262 3331 centum,
1281 3255 1303 3313 si
1315 3254 1432 3314 bumano
1440 3254 1546 3315 auxilio
1567 3300 1570 3307 ·

144 3352 280 3431 χρῆσθαι,
294 3346 340 3405 καλ
360 3351 388 3404 αἱ
412 3344 458 3402 δύο
470 3342 601 3423 περιττοί.
614 3346 685 3404 Ἀλλ’
704 3343 777 3424 ὅμως
794 3357 813 3403 Α
830 3366 874 3405 eos
896 3344 936 3404 uti
954 3344 1098 3423 voluisset3
1125 3345 1199 3425 quod
1213 3347 1235 3406 si
1249 3346 1337 3406 noluit
1361 3369 1406 3407 eos
1425 3347 1546 3409 humano

144 3443 206 3522 ιιψτ
216 3440 249 3499 τδ
262 3438 388 3518 αίνιγμα·
404 3436 514 3516 καὶγὰρ
528 3438 666 3517 πολλαχοῦ
688 3438 777 3519 ραίνε-
830 3436 957 3517 praesidio
975 3435 1027 3512 uti,
1043 3451 1105 3496 sunt
1119 3437 1213 3516 utique
1227 3451 1253 3496 et
1271 3437 1300 3497 bi
1321 3437 1376 3497 duo
1401 3438 1543 3519 supcrllui.

162 3537 265 3594 ποιῶν·
291 3528 397 3590 δπειδδιν
420 3526 456 3607 μὴ
474 3527 598 3598 νοήσωσι
622 3527 653 3586 τὸ
673 3530 775 3610 λεχθὲν,
831 3525 947 3587 Proinde
955 3527 1123 3607 hicaenigma
1135 3549 1188 3588 non
1199 3529 1340 3610 exposuiss
1355 3528 1384 3588 id
1394 3528 1468 3609 quod
1477 3552 1547 3613 saepe

144 3625 221 3686 ιιιαί
232 3622 344 3703 άρίησε,
359 3626 393 3701 τῇ
414 3625 470 3679 τῶν
482 3619 649 3701 πραγμάτων
671 3623 779 3682 ἐκύάσει
831 3621 917 3680 lacere
925 3619 1145 3703 deprehenditur,
1158 3636 1187 3680 ut
1197 3626 1302 3700 quoties
1315 3621 1388 3682 dicta
1402 3622 1546 3683 minusin-

144 3724 234 3779 ταῦτα
247 3716 296 3789 τὴν
311 3712 470 3785 κατανόησιν
487 3717 540 3772 τῶν
554 3714 701 3793 εἰρημένων
714 3719 777 3775 ίπι-
831 3713 956 3792 telligunt
969 3711 1108 3792 discipuli,
1125 3712 1232 3773 eventui
1246 3735 1335 3773 rcrttm
1351 3712 1486 3774 dictorum
1504 3714 1547 3774 in·

144 3810 225 3871 επύν·
238 3807 305 3888 άπερ
319 3799 364 3867 οὖν
377 3805 423 3864 καί
437 3808 556 3885 euagon
578 3804 698 3878 ἐποίησε.
723 3807 777 3867 Καὶ
831 3803 1005 3883 telligentiam
1014 3802 1210 3884 explanandam
1223 3804 1386 3884 relinquens,
1398 3819 1546 3887 praetereat.

151 3908 203 3976 τῆς
216 3899 386 3965 ἀναστάσεως
401 3899 480 3957 αὐτοῦ
495 3897 679 3977 διαλεγόμενος
690 3945 698 3973 ,
709 3897 777 3958 οὕτω
829 3898 870 3956 lta
879 3910 905 3955 ct
913 3895 980 3955 alibi
990 3892 1109 3955 facitlle
1118 3897 1310 3958 resurreetione
1322 3898 1393 3959 enim
1400 3897 1545 3978 disserens,

144 4017 165 4052 ι·
177 3993 290 4054 Λύσατε
306 3990 352 4050 τδν
375 3989 437 4049 ναδν
459 3994 561 4063 τοῦτον,
578 3990 623 4048 καλ
645 3993 671 4050 ἐν
691 3990 777 4072 τρισὶν
830 3988 869 4047 sic
882 3987 990 4048 dicebat
1004 3987 1130 4047 :Solvite
1143 3990 1283 4070 templum
1300 3992 1356 4051 ltoc
1366 4037 1375 4064 ,
1399 4003 1428 4052 et
1448 3995 1480 4050 in
1495 3996 1697 4060 trilaterae-

144 4088 214 4168 ῃρῶ
231 4083 321 4145 αύτύν.
338 4083 392 4143 Καὶ
412 4081 484 4160 ὅμως
500 4084 548 4140 οθκ
561 4081 670 4162 ᾔδεισαν
685 4086 709 4142 οἱ
725 4107 777 4163 μα·
832 4086 884 4142 bus
894 4083 995 4141 dietim
1002 4084 1138 4140 excitabo
1148 4082 1227 4142 illud
1236 4107 1245 4139 .-
1259 4095 1285 4143 et
1298 4104 1351 4143 non
1361 4084 1548 4166 intelligebant

144 4266 403 4349 ισημῆνατο,λε’γων·
414 4265 481 4326 Ὅτε
493 4265 521 4324 δὶ
535 4267 631 4338 ἀνέστη
641 4273 655 4326 ὁ
665 4267 777 4342 Ἰησοῦς,
832 4267 978 4342 tur,‹licens
988 4268 1128 4346 :Quando
1135 4281 1234 4329 anetem
1243 4275 1370 4330 surrexit
1379 4271 1548 4349 Jesus,cre-
1558 4285 1595 4330 1ο.
1607 4295 1631 4327 ν.
1643 4296 1681 4331 22.

144 4384 234 4423 ιιυσαν
246 4359 369 4441 τῷλόγῳ
384 4362 477 4432 αὐτοῦ,
492 4358 538 4418 καί
555 4363 588 4438 τῇ
603 4361 706 4439 Γραρῆ.
725 4360 778 4419 Καί
832 4363 970 4419 ediderunt
984 4363 1075 4418 verbo
1089 4363 1161 4442 ejus,
1175 4375 1204 4420 et
1214 4362 1377 4442 Scriptum.
1400 4362 1436 4421 Et
1449 4361 1548 4423 iterum

144 4459 229 4536 πχοῦ·
240 4453 312 4513 Οὐδὲ
329 4453 382 4532 γάρ
396 4452 517 4530 ᾔδεισαν,
529 4450 572 4511 δτι
593 4453 633 4511 δεῖ
651 4452 729 4512 αύτδν
748 4455 778 4512 ἐκ
832 4452 898 4512 alibi
912 4452 1069 4512 :Nondum
1081 4456 1159 4511 enim
1175 4457 1318 4528 sciebant,
1341 4455 1422 4537 quod
1439 4470 1700 4537 oporte-Ioannou.

144 4549 273 4617 σαπῆναι,
834 4548 1147 4626 batipsumemortut‘s
1160 4567 1317 4628 resurgere.

144 4638 225 4719 ἡμῖν
239 4637 348 4714 ζήτημα
360 4634 455 4706 ἱκανὴν
468 4634 526 4716 ἔχει
538 4635 587 4707 τὴν
602 4634 688 4695 λύσιν·
702 4640 780 4715 ἡμεῖς
796 4657 815 4704 13
873 4638 902 4696 ll.
918 4635 972 4697 Sed
985 4636 1098 4717 questio
1107 4637 1173 4698 satis
1193 4638 1281 4698 soluta
1294 4653 1344 4700 cst.
1362 4642 1418 4702 Nos
1427 4663 1499 4705 nunc
1514 4644 1551 4705 ad

144 4758 149 4789 t
172 4728 333 4807 λειπόμενον
351 4728 400 4798 τῆς
420 4725 610 4806 ’προσρήσεως
635 4728 713 4810 μέρος
735 4727 779 4787 τὸν
834 4728 966 4808 reliquam
982 4728 1152 4789 salutationis
1171 4743 1276 4812 partem
1294 4753 1444 4794 sermonem
1460 4736 1552 4796 llecta·

144 4822 255 4905 ignum.
270 4820 308 4880 Ti
317 4821 376 4880 ποτ’
389 4810 433 4879 σύν
456 4822 512 4878 ε’στι
525 4817 556 4878 τὸ
569 4820 720 4898 λεγόμενον,
735 4821 781 4880 καί
834 4843 906 4882 mus.
923 4819 1061 4893 Quidnam
1088 4842 1152 4902 ergo
1175 4837 1226 4900 est,
1244 4823 1318 4902 quod
1334 4824 1439 4887 dictum
1461 4843 1510 4903 cst,
1526 4842 1553 4888 et

144 4921 232 4977 ταῦτα
245 4913 392 4991 ἐξάύημενς
407 4910 624 4993 Ἐμακαρίζομεν
645 4911 695 4985 τὴν
714 4913 781 4993 Πρί-
835 4913 907 4973 tunde
919 4914 988 4973 istuc
1000 4911 1116 4993 digressi
1130 4914 1243 4995 sumus?
1263 4915 1417 4979 Priscillam
1428 4934 1455 4979 et
1468 4920 1552 5001 Aqui-

144 5007 238 5068 otest
250 5005 373 5079 Ἀκύλαν,
392 5003 434 5064 ὅτι
447 5003 581 5085 συνῴκουν
602 5009 641 5086 τῷ
664 5005 781 5085 Παύλῳ,
835 5007 988 5067 lambcatos
998 5005 1130 5083 diximus,
1138 5006 1212 5087 quod
1222 5029 1284 5069 cum
1296 5010 1381 5071 Paulo
1389 5011 1553 5092 habitarent,

144 5126 165 5163 ιι
177 5099 278 5182 τρόπον
288 5102 338 5170 τῆς
352 5101 462 5174 στολῆς,
479 5097 526 5159 καί
547 5097 593 5157 τδν
613 5098 710 5179 τρόπον
729 5103 782 5159 τῶν
837 5097 1277 5180 ύίίίςουῑεεσείάίεεουίσειεαυτεια
1292 5101 1402 5165 habitits
1415 5119 1441 5165 et
1451 5105 1554 5166 calcea·

144 5271 227 5326 oislin.
239 5285 318 5327 recte.
330 5273 362 5323 ln
374 5269 462 5323 ttoret.
476 5281 555 5339 πρῴην
570 5277 669 5337 μήτιος,
681 5286 821 5336 perperam.
