3764 5992
50 407 122 484 682
390 433 420 481 s.
446 432 587 482 rotonis
612 429 796 480 cunrsosr.
825 429 982 478 incuruo.
1008 427 1281 476 eousranrrnor.

49 563 125 641 gerit
136 579 211 619 eam.
225 556 307 630 Quod
320 569 412 617 autem
432 556 492 631 ait,
514 555 585 615 lione
605 553 765 614 senteutiam
818 553 1054 634 κατειργασμένος,
1067 552 1113 611 καί
1130 550 1273 619 τοσαέταις
1291 549 1527 631 τεταριχευμένος
1545 553 1596 610 ἐτι·

50 650 153 711 habet:
183 648 417 722 Quemadmodum
431 648 491 708 fieri
503 647 616 725 nequit,
633 646 719 725 utqui
736 647 765 706 in
819 644 943 719 όαιλαῐς,
957 645 1004 705 καί
1013 644 1125 712 ἀνέσεως
1136 646 1277 722 ἐπιθυμῶν
1289 642 1338 702 καὶ
1354 641 1463 709 ἀδείας.

52 742 115 823 igue
125 756 261 814 versatur,
274 762 328 801 nou
340 739 513 800 exardesmt:
534 740 574 800 sic
583 760 633 800 uec
645 739 704 799 fieri
716 760 767 820 po·

50 847 155 912 teat,ut
167 834 214 913 qui
232 831 450 893 cousuetudinem
467 854 529 892 cerm
542 832 649 892 leminis
665 831 764 906 halim,

51 923 206 985 incendium
217 923 290 1003 quod
304 923 369 983 hinc
380 925 468 983 oritur
477 923 601 1004 effugiat.
615 923 667 983 llic
675 937 767 982 autem

51 1016 126 1097 quod
141 1016 228 1077 multo
247 1017 359 1098 gravius
372 1030 430 1077 erat
448 1016 584 1076 sustinuit
613 1018 675 1076 Nou
693 1016 767 1075 euim

50 1128 111 1169 um
120 1109 179 1192 ipse
191 1110 297 1191 attigit,
307 1130 403 1170 verum
414 1109 449 1169 ab
459 1132 488 1169 ea
500 1109 682 1186 detinebatur,
693 1107 767 1167 solus

52 1222 69 1260 a
82 1201 137 1263 sola
151 1204 378 1285 comprehensus:
392 1201 483 1281 idque,
496 1224 559 1262 cum
569 1203 627 1283 jam
638 1215 678 1261 tot
690 1200 767 1260 cala-

51 1289 192 1352 mitatibus
205 1292 355 1368 consectus,
369 1305 409 1350 tot
424 1289 531 1350 insidiis
543 1290 661 1349 afflictus
679 1302 766 1364 essct,

51 1402 84 1442 ae
96 1383 223 1462 requietis
235 1397 262 1444 et
270 1383 421 1444 securitatis
429 1382 580 1464 cupiditate
589 1395 730 1441 teneremr.

92 1477 140 1535 to.
162 1476 198 1535 Et
207 1490 310 1549 tamen,
320 1498 383 1536 curu
396 1476 514 1535 intertot
528 1474 593 1534 retia
604 1486 767 1548 versarctur,
859 1460 930 1523 Ἀλλ’
944 1460 1017 1541 ὅμως
1026 1461 1054 1521 lt
1073 1458 1206 1528 τοσούτοις
1224 1459 1344 1528 δικτύοις
1356 1459 1409 1535 ὧν,
1424 1461 1596 1522 mittentium

50 1587 83 1627 ει
96 1567 275 1649 multiplicem
293 1569 378 1628 leram
391 1566 521 1647 impetum
539 1565 566 1624 iu
578 1586 607 1624 se
619 1565 707 1624 lacere
714 1609 725 1642 ,
740 1578 768 1625 et
782 1567 801 1615 B
819 1554 909 1635 θηρίον
928 1557 997 1635 ὅμῖν
1010 1557 1083 1635 eosq
1101 1552 1279 1633 σμοοὸἄδδονν
1293 1555 1343 1614 καί
1366 1554 1414 1615 διδ
1438 1554 1548 1614 πάντων
1558 1558 1598 1613 ²3-

51 1658 125 1718 omni
133 1679 168 1717 ex
178 1673 254 1739 parte
262 1681 291 1719 se
299 1659 401 1718 laniare
410 1658 588 1737 conspiceret,
599 1670 766 1738 pertactum,
818 1648 863 1707 ιὀν
876 1653 889 1680 “
898 1646 1036 1719 ιιοιιαξὲον,
1049 1645 1093 1706 δια
1105 1649 1153 1717 τἧς
1163 1648 1248 1726 ἇφῆι,
1259 1645 1304 1706 διά
1313 1651 1368 1718 τῆς
1377 1648 1492 1727 φωνῆς,
1504 1645 1547 1705 διδ
1553 1651 1597 1705 οὖν

51 1748 767 1833 pervocem,peroeulos,persucumetpigmeuta‚per
818 1739 958 1818 όμμιίτιον,
968 1738 1011 1800 διδ
1020 1743 1073 1799 τῶν
1082 1737 1243 1819 χρωμάτων,
1253 1739 1299 1798 διὰ
1308 1742 1361 1809 ιῆς
1373 1739 1598 1819 leotwini&

50 1860 132 1899 aurea
141 1855 305 1916 ornamenta,
315 1862 361 1922 per
373 1853 576 1920 unguenta,per
588 1838 764 1921 indumenta,
818 1835 872 1891 τῶν
881 1830 1009 1912 χρυσίον,
1017 1830 1061 1891 ut
1070 1835 1123 1890 τῶν
1137 1829 1290 1910 elmi&
1298 1829 1499 1909 mutuatos,
1510 1829 1551 1889 iti
1559 1837 1598 1890 ινῖ

50 1950 99 2011 per
110 1950 214 2005 mores,
225 1952 274 2011 per
283 1931 382 2003 verba,
394 1951 444 2010 per
456 1928 591 1988 mundum
604 1929 766 1991 muliebrem
818 1921 913 1997 ἧθοις,
928 1922 972 1983 διδ
989 1927 1042 1982 τῶν
1064 1921 1200 2002 ῥημάτων,
1220 1922 1264 1981 διὰ
1284 1927 1334 1981 τοῦ
1346 1924 1458 2000 ιιοσμου
1466 1930 1514 1983 wi
1526 1946 1595 2002 σιρι-

49 2021 269 2102 querngestabat,
281 2020 513 2103 persolitudinem
522 2042 583 2101 que
595 2020 623 2080 id
636 2023 767 2084 afferebat
818 2013 955 2092 netelton,
973 2014 1017 2075 διὰ
1033 2020 1082 2087 τῆς
1095 2012 1251 2092 μονώσεως,
1267 2012 1311 2073 διὰ
1326 2021 1377 2074 τοῦ
1391 2016 1546 2088 λανθάνειν,
1558 2015 1595 2073 διδ

48 2125 81 2172 ot
91 2132 170 2172 nemo
182 2112 396 2195 idsoireposset,
403 2135 452 2196 per
460 2133 535 2195 opes,
544 2134 593 2194 per
601 2115 749 2195 potentiam
755 2139 765 2194 3
817 2111 864 2167 τοῧ
888 2108 1018 2180 πλούτου,
1041 2106 1086 2166 διὰ
1119 2110 1167 2179 τῆς
1187 2105 1361 2180 δυναστείας,
1390 2107 1512 2189 ἔχουσαν
1535 2109 1594 2186 μετὰ

48 2219 218 2287 acpraeteree
231 2204 306 2286 ipsa,
324 2220 356 2266 ut
366 2205 516 2287 superiusa
529 2226 572 2265 me
584 2205 764 2284 dictumest,
818 2199 918 2261 τούτων
941 2201 1077 2282 συνεργόν,
1100 2199 1167 2281 ὅπερ
1191 2199 1340 2281 ἔμπροσθεν
1364 2191 1457 2271 εἶπον,
1480 2202 1529 2275 τῂν
1542 2205 1594 2272 ἡλι-

49 2310 171 2371 aetatem,
186 2311 331 2372 naturam,
355 2297 530 2374 servitutem,
543 2312 623 2377 atque
637 2297 665 2357 iu
678 2298 766 2359 aliena
816 2290 888 2367 κίαν,
900 2291 949 2366 τὴν
962 2291 1049 2373 φύσιν,
1064 2291 1114 2365 τὴν
1135 2292 1265 2365 δουλείαν,
1278 2293 1310 2352 τὸ
1324 2295 1352 2352 ἀν
1367 2293 1505 2377 ἀλλοτρίᾳ
1519 2285 1593 2367 εἶναι,

49 2385 158 2466 regione
166 2386 422 2464 commorationem,
436 2385 474 2445 rei
485 2386 608 2465 gerenda
621 2386 707 2447 socias
716 2387 767 2447 lu-
781 2389 801 2439 G
817 2393 908 2444 πᾶσαν
929 2383 1035 2456 ἐνίκησε
1055 2383 1104 2457 τὴν
1122 2383 1208 2464 φλόγα
1221 2383 1335 2456 ίκείνην.
1347 2384 1429 2464 Ἐγὼ
1451 2393 1542 2446 τοῦτον
1555 2388 1593 2445 τόν

48 2475 145 2537 lieret:
162 2499 270 2538 omnem
286 2479 364 2540 illam
383 2479 522 2539 llammam
540 2478 688 2560 superarit.
706 2478 766 2561 Ego
817 2475 965 2554 πειρασμὸν
981 2474 1084 2536 καὶτοῦ
1099 2476 1193 2556 φθάνω
1205 2478 1258 2534 τῶν
1275 2477 1414 2556 ἀδελφῶν,
1426 2478 1475 2537 καί
1490 2484 1535 2538 τῶ
1553 2480 1593 2556 μί-

49 2587 115 2629 vero
127 2567 198 2628 lianc
216 2570 389 2631 tentationem
408 2584 435 2630 et
458 2571 573 2631 fratrum
594 2569 714 2649 invidia,
740 2586 767 2632 et
817 2591 877 2635 σανα
894 2573 940 2627 τοῦ
957 2573 1128 2648 συγγενικοῦ,
1142 2567 1189 2628 καλ
1201 2573 1249 2640 τῆς
1261 2568 1388 2649 πράσεως
1400 2616 1410 2645 ,
1424 2571 1474 2630 καὶ
1487 2577 1535 2643 τῆς
1547 2575 1593 2630 τῶν

48 2660 266 2742 propinquorum
280 2663 367 2741 odio,
387 2677 414 2723 et
432 2662 605 2740 venditione,
622 2677 649 2723 et
663 2663 766 2724 barba-
818 2658 960 2740 βαρόόρων
982 2659 1150 2734 δεσποτείας,
1165 2660 1211 2720 καί
1229 2663 1278 2731 τῆς
1298 2670 1410 2742 μακρᾶς
1427 2663 1592 2740 ἀποδημίας,

49 2773 142 2814 mrum
154 2752 309 2835 dominatu,
321 2769 348 2815 ct
360 2754 442 2835 longa
456 2755 685 2836 peregrinatione,
700 2770 726 2816 et
738 2756 765 2816 in
816 2752 919 2824 καὶτῆς
931 2753 959 2810 iu
970 2751 1255 2833 ἀλλοτρίφδιατριθῆς,
1273 2751 1318 2811 καί
1334 2757 1382 2812 τοῦ
1398 2754 1593 2832 δεσμωτηρίου,

47 2846 135 2908 alicua
148 2847 256 2928 regione
262 2848 471 2909 commoratione
476 2893 487 2925 ,
504 2861 530 2907 et
544 2869 665 2925 carcere,
678 2862 704 2908 et
717 2869 765 2908 oa-
816 2844 862 2904 καί
881 2846 930 2914 τῆς
946 2843 1079 2919 ἅλόαεως,
1100 2843 1205 2904 καὶτοῦ
1219 2850 1323 2924 μακροῦ
1348 2845 1452 2925 χρόνω
1460 2893 1469 2922 ,
1494 2848 1539 2906 καὶ
1551 2854 1592 2918 τῆς

47 2950 109 2999 tena
117 2984 127 3012 ,
139 2952 166 2999 et
174 2938 304 3000 diuturno
314 2953 444 3021 tempore,
454 2953 480 2999 et
491 2939 617 2999 omuibus
628 2941 765 3017 erumnis,
818 2937 908 2996 αὐτόθι
919 2935 1102 3016 ταλαιπωρίας
1127 2934 1195 2997 πολὺ
1216 2935 1411 3018 χαλεπώτερον
1430 2929 1502 3000 εἶναί
1515 2964 1592 3022 φημι·

46 3028 146 3108 quibos
169 3030 228 3091 illic
249 3030 416 3092 condictatus
434 3043 489 3108 est,
513 3031 600 3090 multo
614 3031 766 3110 graviorem
816 3029 863 3088 καί
878 3028 930 3108 γάρ
949 3027 1014 3109 περὶ
1028 3030 1081 3088 τῶν
1091 3028 1212 3109 ἐσχάτων
1223 3034 1238 3088 ό
1251 3028 1371 3097 κίνδυνος
1383 3022 1431 3104 ἦν.
1442 3031 1556 3105 ἸίπεεδδΙ
1571 3032 1594 3092 δὲ

46 3140 106 3182 esse
119 3123 268 3185 confimo:
282 3123 418 3203 siquidem
429 3122 465 3183 de
473 3122 601 3183 extremis
614 3123 767 3205 perieulum
817 3119 864 3181 καί
874 3127 966 3181 τοῦτον
975 3118 1102 3202 Ι’διίφιιγε
1111 3122 1157 3182 τδν
1167 3121 1292 3198 πολεμον,
1304 3121 1351 3180 καλ
1367 3124 1477 3203 ἐγένετο
1490 3128 1594 3185 ἐνταῖθα

46 3214 102 3296 ipsi
116 3217 266 3278 orabatur.
280 3220 457 3295 Posteaquam
476 3229 566 3275 eutem
588 3216 641 3275 hoc
662 3238 767 3297 quoque
817 3218 922 3293 πνεῦμα
936 3212 1029 3295 δρόσου
1040 3212 1200 3292 διασυρίζον,
1214 3211 1268 3271 ἀπό
1280 3236 1308 3272 τε
1323 3217 1373 3285 τῆς
1387 3222 1438 3276 τοῦ
1458 3219 1532 3277 Θεοῦ
1549 3217 1594 3297 tl·

47 3304 152 3366 bellum
160 3308 256 3389 effugit
261 3354 270 3381 ,
284 3321 365 3387 atque
372 3308 418 3368 hie
426 3309 507 3368 etiam
512 3353 523 3383 ,
534 3321 596 3367 tum
604 3307 655 3368 Dei
664 3309 765 3389 gratia,
820 3329 889 3387 ριευς
912 3307 957 3365 καί
981 3311 1030 3377 ιῆς
1055 3309 1153 3387 ἀρετῆς
1167 3312 1214 3365 τοῦ
1233 3305 1305 3366 νέον·
1330 3311 1449 3367 τοσοῦτο
1463 3313 1517 3389 γάρ
1531 3313 1596 3388 oie}

47 3410 107 3458 tum
110 3399 221 3479 juvenis
228 3400 338 3478 virtute,
347 3399 522 3462 hieroscidus
529 3399 643 3482 spiritus
649 3401 766 3482 perllans
818 3403 912 3478 περιῆν
933 3397 1077 3480 ἀταραξίας
1095 3397 1141 3456 καί
1159 3399 1343 3480 σωφροσύνης,
1357 3398 1401 3460 ότι
1423 3401 1472 3461 καί
1491 3403 1541 3476 τὴν
1555 3409 1597 3473 τῆς

48 3488 120 3551 luite
141 3504 215 3552 tenta
237 3493 352 3554 enimin
372 3514 404 3554 eo
417 3493 623 3573 tranquillitatis
640 3493 723 3553 animi
740 3508 801 3555 ctu
819 3486 920 3562 ίκείνης
939 3488 1037 3568 μανίαν
1056 3491 1205 3550 καταλῦσαι
1229 3490 1396 3552 teretem·
1412 3493 1488 3567 πλὴν
1510 3496 1596 3565 ἐπειδὴ

47 3567 189 3662 pudicitie
208 3585 285 3666 copia
299 3600 357 3646 erat
369 3632 379 3664 ,
401 3600 432 3646 ut
450 3585 531 3646 etiarn
554 3585 630 3645 illius
648 3586 767 3646 furorem
820 3581 1026 3654 annectentes
1053 3580 1203 3662 ἂνίπαφοι,
1225 3581 1315 3663 ὥσπερ
1340 3588 1365 3643 σί
1390 3586 1532 3647 νεανίσκοι
1554 3588 1597 3660 τὴν

48 3673 766 3758 oompnmeeetexstinguerestuduerit3posteaquam,
820 3673 955 3754 Περσικὴν
968 3673 1136 3756 διαφυγόντες
1150 3674 1235 3754 φλόγα
1247 3673 1333 3748 (utet
1353 3675 1409 3759 γάρ
1427 3680 1503 3757 ὀσμὴ
1520 3682 1598 3760 πυρὸς

50 3763 173 3844 iuquam,
179 3767 550 3848 ipseintaetusexcessit‚non
558 3791 634 3830 secus
641 3769 768 3831 videlieet
819 3760 853 3841 ἦν
866 3769 894 3826 ἰν
913 3767 1014 3839 αυτοῖς,
1028 3766 1120 3846 φησὶ),
1136 3766 1182 3825 καὶ
1194 3766 1364 3847 σωφροσύνης
1381 3769 1473 3848 μίγας
1485 3773 1598 3844 ἀθλητὴς

50 3857 769 3941 atqueadolesoentesilliquil’ersieamllammamello·
821 3858 976 3938 ἀνεδείχθη,
999 3857 1045 3916 καὶ
1059 3856 1200 3935 ἀδίμμίτοι
1220 3858 1388 3936 ἑμιμιίσοισον
1412 3861 1518 3941 ἴδοιμεν
1541 3863 1596 3923 οἷον

1 3958 42 4009 ²8·
51 3954 166 4028 gerunt(
175 3953 277 4034 Neque
285 3953 374 4027 enim,
385 3952 489 4031 inquit,
500 3957 576 4034 ignis
585 3955 698 4013 odorin
707 3955 769 4014 illis
821 3950 914 4017 ὠθόως
927 3947 1082 4020 extimes,
1097 3948 1161 4007 ‘nel
1180 3947 1240 4007 τίνα
1258 3949 1361 4009 ίπαθλα
1382 3953 1544 4035 διαδίγεται
1557 3957 1597 4016 τδν

7 4056 11 4071 ·
35 4047 144 4120 wat),
157 4063 323 4124 magnusque
332 4044 459 4105 castitatis
468 4044 546 4124 pugil
556 4045 677 4122 emicuit,
689 4059 770 4125 atquc
821 4040 988 4125 στεφανίτην.
1004 4038 1163 4101 Ἐπιθοολαλ
1175 4041 1265 4116 πόλιν,
1279 4041 1324 4101 καί
1341 4042 1483 4127 βάραθρα,
1497 4048 1544 4108 καὶ
1554 4050 1597 4108 θό-

49 4129 223 4194 Ιίααιααιιαιι
237 4134 357 4196 imitatus
370 4149 429 4195 est:
444 4135 512 4214 quid
523 4136 615 4195 statim
628 4138 664 4196 sit
676 4157 768 4197 couse-
822 4158 898 4206 νατος
909 4182 917 4209 ,
927 4136 973 4196 καί
984 4133 1112 4210 κίνδυνοι,
1124 4133 1170 4194 καὶ
1181 4134 1369 4215 συκοφαντίαι,
1385 4139 1434 4197 καὶ
1450 4150 1531 4219 μῖσος
1541 4144 1596 4202 ἀλα·

43 4237 326 4306 ·qouo1s,etquaeuam
338 4227 450 4309 premia
459 4227 590 4287 victorem
603 4229 767 4310 exceperint,
820 4253 878 4309 γον.
893 4227 929 4288 ‘ll
943 4226 995 4310 γδρ
1016 4223 1095 4286 ἀθλία
1115 4226 1176 4285 τότε
1196 4225 1282 4299 ἐκείνη
1299 4231 1375 4308 θυμῷ
1395 4239 1595 4311 παραμυθεῖται

46 4312 199 4377 videamus.
206 4316 316 4378 lusidiae
326 4332 480 4387 rursum‚et
490 4320 762 4400 voragines,etmors,
820 4321 865 4381 τδν
879 4320 980 4402 ίρωτα,
1002 4317 1048 4378 καὶ
1060 4318 1142 4385 πόθος
1153 4317 1280 4379 συνάπτει
1292 4318 1389 4393 πόθει,
1407 4322 1457 4381 καλ
1473 4324 1595 4402 ἀπιοιμία

47 4418 76 4466 et
86 4407 226 4488 periuria,
241 4423 266 4469 et
282 4410 436 4487 calumniae,
450 4425 476 4471 et
487 4410 582 4471 odium
596 4412 721 4491 iniquum
735 4434 767 4472 ac
822 4411 961 4492 ἀκολάστῳ
983 4410 1157 4491 προστίθησιν
1171 4409 1252 4490 ὀργὴν
1275 4411 1377 4482 ἀδικον,
1398 4415 1448 4474 καλ
1464 4416 1536 4493 μετὰ
1552 4416 1595 4487 τλν

48 4496 190 4559 stolidum.
211 4499 311 4560 Misera
321 4501 394 4560 enim
410 4502 457 4562 illa
467 4503 565 4564 mulier
584 4504 662 4583 gravi
677 4505 768 4564 surore
785 4518 805 4566 lt
824 4502 944 4583 μοιχείαν
954 4502 1056 4582 γίνεται
1067 4501 1112 4560 ναί
1123 4502 1287 4583 ἀνδροφόνος.
1302 4502 1357 4562 Καὶ
1369 4503 1491 4566 πνίοοσα
1506 4514 1595 4580 θησαν

46 4590 284 4651 molatur
295 4637 305 4670 ,
319 4594 501 4674 affectumque
513 4595 621 4655 aflectui
636 4596 766 4677 copulat,
824 4594 880 4664 δίας
900 4598 1000 4667 πολλῆς
1021 4594 1066 4653 καί
1080 4593 1167 4674 φόνιον
1181 4593 1331 4673 βλίπουσα,
1344 4595 1450 4665 καθίζει
1468 4599 1594 4670 δικαστή-

47 4696 129 4763 ησε
142 4682 288 4765 inpudice
305 4685 449 4766 cupiditati
463 4689 620 4748 sceleratam
632 4687 702 4747 iram
717 4687 767 4748 ad·
825 4712 882 4769 ριον
893 4686 1091 4768 διεφθαρμένω,
1103 4686 1148 4746 τδν
1159 4684 1289 4756 δεσπότην
1301 4685 1345 4745 τδν
1360 4687 1477 4763 ἐκείνου,
1488 4691 1536 4750 τδν
1556 4692 1594 4750 ίν·

44 4774 152 4855 Νι,
170 4788 199 4835 et
220 4789 284 4857 post
306 4776 471 4839 adulterium
491 4780 613 4841 carnifex
633 4780 765 4841 eflicitur.
823 4781 873 4862 δρα
887 4779 932 4839 τδν
953 4783 1064 4852 ἑαυτῆς,
1078 4778 1123 4837 τὸν
1147 4777 1289 4858 βόρόαρον,
1310 4778 1355 4838 τδν
1370 4780 1534 4861 Αίγύπτιον,
1552 4784 1592 4841 καὶ

49 4870 137 4947 ἔῃ
151 4865 288 4947 ingentem
300 4868 434 4931 feritatem
445 4872 570 4953 spirans,
585 4871 766 4952 sanguinariis
823 4870 923 4949 εἰσάγει
949 4869 1110 4951 κατηγορίαν
1136 4870 1296 4950 ἀμάρτυρον.
1319 4871 1374 4931 Καὶ
1400 4873 1462 4933 otti
1488 4875 1593 4957 ἀφίησιν

80 5078 95 5105 ·
108 5062 182 5117 t-
190 5073 349 5131 εατιτεξεθον,
361 5078 388 5119 ct
403 5066 440 5120 nic
457 5067 552 5138 legerat
566 5068 662 5122 Billius.
674 5066 742 5119 Ibld.
753 5067 806 5121 duo
867 5070 881 5111 ί·
898 5069 970 5121 Unus
982 5073 1068 5140 διίρυγε
1080 5078 1118 5125 τδν
1129 5072 1235 5142 κίνδυνον,
1248 5075 1285 5122 καί
1297 5072 1374 5137 διίδρα
1385 5078 1427 5123 τόν
1439 5078 1552 5141 πόλεμον.

46 5144 210 5213 hn'w'
227 5150 266 5201 ns
279 5160 325 5201 ros
341 5154 525 5219 ιπιτριμμάτων,
538 5153 574 5202 διὰ
591 5161 639 5210 τῆς.
656 5146 734 5199 ΡαιιΙο
750 5160 808 5215 post
866 5164 877 5189 ε
894 5149 951 5200 Duo
961 5149 1020 5203 llos.
1030 5158 1067 5204 καὶ
1079 5157 1173 5217 τίμιαί
1185 5153 1303 5204 τδνόἶθλοε
1314 5155 1394 5203 τοῦτον
1405 5153 1540 5219 διαδέχεται
1551 5166 1593 5209 τοι.

51 5220 399 5297 &qm-buddae
410 5232 518 5296 ίρημίας,
529 5230 566 5281 διὰ
575 5238 616 5289 τῆς
625 5237 750 5295 μονώσεως.
956 5226 959 5230 ’
