3764 5992
748 492 929 545 erremus.
1542 472 1609 569 641

71 617 143 678 Οὐδὲ
156 617 209 699 γὰρ
227 617 335 697 ᾔδεσαν,
351 617 432 700 pusi,
455 616 532 692 τότε,
545 616 587 679 der
604 619 644 678 δεῖ
663 618 741 683 etde
756 619 789 681 irs
802 644 844 683 νε·
897 633 995 701 essem,
1012 619 1064 700 ‘qui
1087 621 1117 682 in
1137 633 1209 682 terre
1234 632 1387 684 extremm
1408 622 1475 685 rite
1488 623 1616 707 spiritum

70 713 142 788 ιερῶν
154 713 309 782 ἀναστῆναι.
324 708 428 778 Πόσους
440 707 527 768 τοίνυν
540 709 588 770 σίει
602 708 672 769 κατὰ
684 710 732 779 τὰς
742 713 845 794 ἡμέρας
897 712 1073 772 emitterent?
1104 715 1201 773 Annon
1230 713 1375 794 sepulturae
1406 734 1491 795 genus
1533 714 1615 776 bene·

70 798 174 866 ἐκείνας
195 801 437 873 σεανδσλισθῆναις
460 798 531 858 Ἀλλ’
552 798 625 879 ὅμως
644 805 659 860 ὁ
675 802 845 881 μακρόθυμυς
892 804 955 874 ‚ficii
983 805 1129 885 gratiaque
1154 805 1214 865 loeo
1229 805 1281 888 ipsi
1300 807 1463 888 prestatur?
1479 806 1616 868 Aeoedens

72 889 140 957 Θεὸς
155 891 333 971 ἠνείχετο,τῇ
348 889 433 974 οίκείρ
446 890 525 980 σορίρ
539 890 585 954 καί
600 891 744 976 ἀπορρήτῳ
756 892 844 954 πάντα
899 897 972 956 enim
991 897 1125 978 quispiam
1146 919 1243 979 corpus
1255 899 1344 980 petiit.
1363 898 1437 959 Adeo
1452 919 1485 959 ne
1498 920 1534 959 ex
1549 919 1616 981 pro*

71 983 224 1062 οἰκονομῶν.
897 988 1007 1070 pinquis
1016 987 1135 1067 quidem,
1149 1008 1198 1048 nee
1208 1009 1244 1048 ex
1258 989 1303 1066 iis,
1318 1010 1385 1069 quos
1397 989 1616 1051 benefieiiseiie-

39 1098 40 1101 ¹
898 1094 981 1158 cerat,
997 1101 1046 1140 nee
1059 1101 1095 1139 ex
1107 1079 1260 1162 discipulis,
1283 1101 1332 1141 nee
1345 1103 1380 1141 ex
1394 1080 1428 1141 iis
1442 1081 1489 1161 qui
1511 1095 1617 1143 tantam

895 1177 1107 1237 ebenfiduciam
1115 1198 1147 1238 ac
1157 1177 1271 1238 salutem
1279 1178 1463 1259 obtinuerant,
1489 1178 1617 1260 uisquam

896 1281 964 1344 erat,
978 1269 1025 1348 qui
1038 1289 1101 1329 eum
1112 1270 1257 1351 sepulture
1276 1269 1417 1330 mandaret
1431 1294 1438 1328 τ
1453 1201 1527 1350 qirod
1540 1271 1617 1333 vide·

896 1359 961 1420 lieet
982 1382 1076 1421 omnes
1097 1361 1277 1437 evanuissent,
1304 1383 1397 1423 omnes
1423 1362 1614 1444 profugissent.

896 1454 958 1514 Jam
973 1452 1081 1513 sinistra
1096 1473 1128 1511 ea
1137 1467 1163 1512 et
1175 1452 1300 1533 improba
1313 1453 1396 1529 sama,
1409 1474 1491 1532 mrem
1504 1474 1553 1535 per
1570 1473 1616 1514 re·

898 1545 1092 1604 surrectionem
1116 1557 1282 1620 struxerant,
1305 1544 1435 1624 dicentes,
1468 1548 1617 1608 Venerunt
1627 1552 1714 1599 narrt.
1727 1551 1767 1602 28·

897 1639 1035 1718 discipuli
1047 1642 1120 1720 ejus,
1134 1651 1163 1697 et
1161 1639 1266 1720 furati
1273 1651 1343 1698 sunt
1350 1652 1513 1719 eum‚qu'um
1523 1639 1618 1700 multis
1629 1614 1666 1664 ¹³·

898 1729 1039 1808 offensioni
1053 1729 1125 1788 suit?
1138 1749 1221 1808 quam
1234 1729 1334 1789 multos
1347 1728 1376 1788 in
1390 1729 1515 1790 fraudem
1526 1730 1618 1813 impu-

869 1826 872 1831 ”
897 1819 952 1880 lit?
971 1819 1113 1900 Siquidem
1125 1820 1172 1880 hic
1189 1841 1288 1896 sermo,
1300 1842 1465 1901 quamquem
1478 1821 1572 1899 iabus,
1586 1844 1619 1884 ee

898 1914 986 1995 pretio
1000 1925 1096 1990 emtus,
1115 1913 1278 1974 tumraluit.
1292 1914 1398 1990 valuit,
1411 1915 1536 1996 inquam,
1546 1915 1620 1998 apud

900 2005 1054 2084 nonnullos,
1080 2019 1141 2088 post
1162 2006 1265 2086 sigilla,
1291 2021 1353 2088 post
1366 2009 1477 2068 ‘tanum
1498 2009 1620 2072 veritatis

901 2099 1130 2180 perspicuitatem.
1152 2100 1246 2178 Neque
1259 2099 1331 2159 enim
1354 2099 1539 2182 promiscuum
1558 2102 1622 2165 vul-

902 2210 953 2269 gus
966 2189 1168 2249 resurrectionis
1178 2189 1329 2251 doctrinam
1340 2194 1492 2254 noratiiee
1504 2192 1617 2273 mirum,

903 2303 964 2341 eum
989 2303 1023 2341 ne
1045 2281 1098 2363 ipsi
1121 2282 1232 2361 quidem
1258 2283 1386 2365 discipuli
1405 2305 1465 2345 eam
1488 2301 1620 2348 nossent:

903 2377 1008 2457 Neque
1021 2378 1111 2453 enim,
1130 2376 1220 2454 inquit
1233 2375 1288 2452 ilie,
1307 2378 1445 2457 discipuli
1467 2381 1531 2460 ejus
1548 2383 1620 2440 scie·

904 2471 987 2538 bant,
999 2468 1080 2549 quod
1092 2478 1233 2546 oporteret
1242 2488 1309 2527 eum
1323 2487 1344 2528 α
1355 2472 1477 2528 mortuis
1490 2489 1620 2551 resurge·

903 2581 943 2622 re.
956 2559 1047 2632 Quam
1055 2560 1154 2619 multos
1165 2559 1249 2641 igitur
1262 2558 1317 2619 illis
1330 2559 1428 2620 diebus
1438 2560 1521 2621 fnisse
1530 2575 1620 2643 putes,

903 2652 949 2733 qui
961 2651 1055 2712 offensi
1067 2652 1142 2713 sint?
1157 2652 1194 2712 Et
1211 2666 1300 2711 tamen
1310 2653 1384 2712 Deus
1392 2673 1443 2734 pro
1452 2673 1501 2713 sua
1511 2653 1622 2714 lenitate

902 2743 933 2804 id
946 2743 1057 2823 ferebat,
1077 2764 1175 2803 arcana
1188 2764 1238 2804 sua
1246 2742 1380 2826 sapientia
1391 2743 1481 2805 omnia
1504 2743 1620 2806 admini-

902 2849 998 2900 strans.
1529 2870 1533 2877 =

114 2918 185 2992 Εἶτα
199 2928 267 3009 μετὰ
280 2929 328 2998 τὰς
341 2928 443 3013 ἡμέρας
455 2927 555 2998 ἐκείνας
565 2928 647 2991 πάλιν
656 2927 848 3010 κρυπτόμενοι,
866 2941 886 2994 s
943 2929 973 2989 5.
992 2927 1099 2988 Deinde
1111 2941 1170 3010 post
1184 2949 1230 2990 eos
1242 2927 1300 2990 dies
1313 2928 1441 3012 discipuli
1457 2950 1567 2991 rursum
1579 2930 1620 2993 la·

74 3022 267 3096 λανθάνοντες,
281 3021 487 3104 ρυγαδευόμενοι
503 3025 527 3081 oi
543 3021 675 3100 μαθηταί,
688 3020 848 3093 δεδοικείτες,
901 3021 1018 3096 titentes,
1034 3021 1214 3101 fugati,metu
1225 3020 1373 3102 perterriti,
1381 3034 1535 3097 trementes,
1548 3020 1622 3083 aede

72 3113 233 3192 τρέμοντες,
246 3114 325 3173 τόπον
344 3116 375 3172 ἐκ
389 3113 472 3173 τόπου
487 3117 603 3194 συνεχῶς
618 3112 787 3191 ἆμείὸοντες,
802 3111 847 3170 oii-
901 3113 961 3173 loeo
974 3112 1003 3173 in
1016 3113 1107 3173 locum
1123 3111 1240 3173 subinde
1253 3112 1410 3192 migrantes,
1423 3114 1482 3175 sete
1499 3114 1618 3175 oomlta·

73 3230 128 3274 τως
142 3206 291 3275 ἐλάνθανον,
312 3206 357 3265 καί
376 3205 443 3284 μετὰ
456 3207 620 3278 πεντήκοντα
642 3205 744 3285 ἡμέρας
766 3204 849 3285 ἀρξοί-
901 3201 967 3261 baut
984 3223 991 3258 r
1011 3213 1092 3280 etque
1109 3213 1171 3282 post
1184 3199 1381 3280 quinquaginta
1399 3201 1458 3262 dies
1478 3222 1541 3262 eum
1564 3221 1621 3262 seso

74 3320 152 3376 μενοι
167 3297 319 3378 ραίνεσθαι,
333 3298 379 3357 καί
392 3297 510 3375 σημείων
527 3298 657 3359 ἅπτεσθαι
665 3344 674 3372 ,
694 3298 753 3358 οὐδὲ
767 3296 849 3365 οὕτως
902 3292 1103 3379 conspiciendos
1118 3292 1236 3375 prtebcre
1250 3314 1282 3352 ac
1295 3292 1425 3353 miracula
1438 3292 1518 3354 edere
1524 3292 1620 3375 eoepis-

72 3388 165 3456 ἁδείας
180 3388 347 3460 ἀπήλαυσαν.
363 3388 443 3449 ’rtem
462 3388 507 3448 καὶ
529 3390 597 3467 μετὰ
612 3393 699 3448 ίκεῑνα
718 3389 753 3447 τὰ
769 3388 850 3469 μυρία
902 3400 970 3461 sent,
983 3407 1018 3446 ne
1029 3385 1068 3446 sic
1080 3383 1188 3464 quidem
1196 3397 1284 3443 tumen
1294 3383 1344 3443 boe
1351 3385 1505 3464 consequuti
1513 3396 1621 3462 sunt,ut

72 3479 213 3540 σκάνδαλα
230 3479 429 3557 μαστιζομένων
444 3482 531 3539 αὐτῶν
547 3478 647 3558 ἐγίνετο
660 3484 687 3540 ἐν
701 3489 755 3546 τοῖς
774 3483 848 3540 dede·
903 3478 972 3537 nibil
988 3477 1053 3558 ipsis
1068 3476 1242 3536 metuendum
1258 3488 1332 3534 esset.
1347 3475 1455 3534 Etenim
1469 3488 1530 3557 post
1543 3475 1620 3556 signa

72 3569 223 3650 νεστίροις,
251 3574 299 3641 τῆς
324 3569 488 3643 Ἐκκλησίας
521 3570 733 3652 ταραττομένης,
764 3571 951 3668 αὐτῶνωρίίία
967 3570 1048 3646 edita,
1061 3569 1168 3629 infinita
1177 3565 1340 3626 offendicula
1351 3565 1421 3625 inter
1429 3560 1621 3628 imbecilliores

72 3662 265 3740 ἐλαυνομένων,
277 3664 330 3720 τῶν
349 3665 450 3742 ἐχθρῶν
464 3662 644 3743 ’κρατούντων
656 3664 793 3743 πολλαχοῦ
804 3662 849 3722 καί
868 3682 888 3726 Α
903 3667 978 3726 suere
995 3689 1002 3723 e
1021 3663 1096 3745 quod
1123 3663 1176 3745 ipsi
1195 3662 1282 3741 virgis
1311 3662 1484 3741 cederentur,
1499 3663 1620 3727 Ecclesia

73 3751 261 3831 θορυὸυίντων.
276 3751 344 3813 Ὅτε
357 3754 408 3833 γὰρ
422 3754 524 3826 πολλὴν
534 3759 564 3815 ἐκ
577 3759 629 3813 τῶν
641 3753 758 3831 σημείων
773 3753 851 3826 ἐκτή·
903 3756 1070 3832 turbaretur,
1086 3753 1152 3835 ipsis
1162 3751 1295 3834 expulsis,
1310 3753 1400 3812 hostes
1413 3755 1507 3815 multis
1519 3754 1621 3817 inioeis

72 3869 155 3906 σαντα
176 3845 341 3926 παρρησίαν,
364 3846 424 3906 τότε
448 3848 528 3906 πάλιν
548 3852 566 3919 ἡ
587 3854 633 3906 τοῦ
655 3847 794 3927 -Στεροίνσυ
811 3871 852 3907 τε·
903 3847 1053 3929 superiores
1067 3858 1204 3923 essent,ac
1217 3843 1464 3906 tumultuscierent.
1477 3847 1547 3908 Nam
1558 3868 1622 3909 cum

72 3936 154 4009 λεντὴ
169 3937 285 4016 διωγμλν
298 3939 417 4017 χαλεπὸν
436 3939 594 4020 εἰργάσατο,
609 3940 656 3999 καί
677 3940 779 4007 πάντας
799 3939 851 3999 διί-
903 3940 1043 4021 ingentem
1058 3939 1094 3998 ob
1108 3937 1237 3997 miracula
1253 3936 1382 3998 fiduciam
1394 3938 1577 4020 loquendique
1585 3941 1621 4000 li·

74 4052 186 4110 σπειρε,
198 4028 243 4088 καί
252 4028 300 4102 την
312 4029 477 4101 Ἐκκλησίαν
486 4035 512 4090 ἐν
524 4029 624 4112 ίοοριίὸῳ
637 4031 793 4104 κατέστησε·
805 4030 851 4090 καί
902 4029 1034 4091 bertatem
1049 4029 1138 4111 adepti
1154 4028 1278 4107 fuissent,
1295 4043 1358 4089 tunc
1368 4051 1477 4090 rursum
1490 4032 1621 4114 Stephani

72 4120 155 4180 πᾶλιν
170 4122 196 4178 ίν
210 4119 285 4201 ρόὸῳ
297 4120 332 4179 ed
349 4126 401 4180 τῶν
415 4124 555 4198 μαθητῶν,
569 4122 615 4179 καὶ
627 4122 708 4182 πάλιν
722 4127 748 4182 ἐν
764 4129 850 4204 φυγῇ,
903 4145 975 4184 mors
987 4143 1096 4203 gravem
1108 4122 1340 4204 persequutionem
1350 4124 1502 4201 accersivit,
1516 4146 1622 4186 omnes·

73 4211 121 4271 καί
132 4210 212 4271 πάλιν
223 4213 250 4269 ἐν
264 4211 374 4294 ἀγωνίᾳ.
387 4211 441 4271 Καί
451 4210 519 4271 οὕτω
530 4211 671 4281 διαπαντὸς
681 4211 715 4272 τί
726 4217 774 4284 τῆς
788 4217 851 4274 Ἐκ·
901 4237 956 4296 que
968 4214 1108 4296 dispersit,
1124 4226 1205 4292 atque
1216 4212 1367 4273 Ecclesium
1387 4215 1414 4273 iu
1429 4216 1576 4276 tumultum
1594 4232 1622 4278 et

72 4301 358 4378 xineieebndiseudre
366 4303 492 4375 ἦνθειδιὰ
501 4309 555 4363 τῶν
563 4303 850 4386 σημείων,ὅτεραίδρὰ
902 4307 1133 4390 perturbationem
1152 4306 1287 4389 conjecit:
1309 4328 1468 4386 rursumque
1490 4308 1621 4392 discipuli

73 4397 106 4453 ἐκ
116 4391 262 4475 προοιμίων
271 4394 384 4475 ἐγένετο.
400 4394 536 4473 Καίίμίν
549 4394 593 4455 διὰ
604 4396 706 4475 θυρίδος
717 4398 849 4477 ἔχαλᾶτο,
903 4401 932 4460 in
952 4414 1036 4475 metu,
1058 4420 1168 4458 mesum
1189 4399 1217 4457 in
1243 4399 1318 4477 suga,
1340 4418 1449 4458 rursum
1467 4399 1494 4458 in
1515 4420 1622 4462 summa

74 4484 123 4546 καὶ
147 4483 229 4552 οὕτως
245 4485 350 4568 ίξίρυγε
370 4492 416 4545 τοῦ
442 4489 570 4568 ἄρχοντος
592 4486 641 4556 τὰς
663 4497 770 4569 χεῖρας·
791 4489 850 4558 τὼς
903 4490 1086 4552 sollicitudine
1101 4504 1181 4568 atque
1194 4510 1293 4570 angore
1306 4489 1408 4549 versari
1421 4496 1621 4571 eoeperuut.'dt

74 4576 104 4637 δὲ
119 4576 229 4655 ἄγγελος
245 4576 369 4652 attente,
388 4577 434 4637 καί
453 4577 534 4645 οὕτως
549 4582 602 4638 τῶν
619 4579 737 4639 ἁλύσεων
758 4582 849 4655 σπη’).-
903 4584 942 4644 sie
967 4605 1074 4663 quoque
1101 4597 1189 4641 tamen
1224 4580 1353 4642 Ecclesiae
1377 4603 1420 4642 res
1443 4604 1549 4666 semper
1562 4607 1620 4665 =eu-

73 4673 171 4730 λαπε·
184 4668 242 4738 τοὺς
253 4669 280 4731 δί
292 4672 412 4751 ἀγοραῖοι
425 4670 470 4730 καὶ
482 4671 650 4750 χειροτέχναι
660 4673 851 4753 ὑποδεχόμενοι
868 4687 887 4734 Β
903 4677 1047 4756 gebantur,
1069 4696 1130 4733 eum
1150 4695 1199 4755 per
1223 4674 1299 4754 signa
1317 4674 1457 4753 florebant,
1477 4696 1539 4735 cum
1558 4676 1620 4738 lteta

72 4760 149 4842 παρὰ
163 4764 215 4822 τῶν
230 4763 257 4821 ἐν
274 4762 440 4829 δυναστείαις
460 4760 663 4839 ἔλαυνομένσυς,
674 4769 685 4795 ⁶
695 4762 775 4822 παντὶ
790 4767 848 4823 ite·
905 4765 1041 4848 principia
1055 4765 1199 4823 habebant.
1215 4763 1252 4823 Et
1267 4785 1336 4824 unus
1359 4763 1467 4843 quidem
1481 4787 1531 4848 per
1549 4768 1621 4829 sene-

73 4854 189 4934 ροίπευον
203 4852 309 4936 τρίτῳ,
324 4852 556 4936 πορρυροπώλιδες
567 4862 706 4934 γυναῖκες,
722 4854 766 4914 καί
783 4879 851 4929 σκη-
906 4873 990 4918 stram
1006 4857 1209 4930 demittebatur,
1231 4854 1324 4936 sieque
1349 4876 1365 4915 e
1383 4857 1504 4938 proiecti
1528 4859 1619 4920 mani-

72 4947 217 5027 νοῤῥσίρσι,
232 4945 277 5006 καί
292 4946 468 5026 σκυτοδίψαι,
489 4946 555 5027 πρὸς
568 4944 648 5014 αὐτὰς
662 4949 792 5015 οἰκοῦντες
804 4948 852 5018 τίς
903 4949 957 5009 bus
985 4948 1092 5030 elapsus
1108 4960 1167 5007 est:
1185 4945 1253 5006 ulios
1276 4960 1365 5006 autem
1379 4949 1491 5029 angelus
1510 4948 1618 5032 eduxit,

110 5168 121 5192 ν
139 5153 196 5204 Duo
211 5154 270 5206 Mss.
284 5159 425 5227 reperebitur
443 5165 593 5226 πανταχίθαν.
607 5153 677 5211 Editi
695 5161 839 5230 repererimus
864 5162 908 5230 δρα
922 5166 947 5212 ίκ
960 5164 1084 5229 προοιμίων
1095 5163 1211 5228 ίραίνετο·
1223 5161 1260 5209 καί
1272 5160 1283 5210 ί
1294 5159 1337 5222 μἐν
1347 5158 1384 5210 διὰ
1396 5158 1499 5228 confidas
1509 5160 1619 5226 ίχαλθτο.

76 5238 209 5299 πολλαχοῦ,
222 5245 248 5283 et
259 5235 295 5284 sie
306 5234 444 5301 interpres.
897 5253 907 5278 e
926 5239 982 5291 Duo
994 5238 1052 5290 λίνα.
1065 5244 1139 5293 πάντα
1150 5241 1284 5306 ίθιράιιευσν
1294 5245 1387 5305 τρόπον·

113 5313 125 5349 b
143 5312 206 5363 Tres
216 5312 277 5364 Mss.
291 5320 382 5380 ηὔξετο,
396 5323 434 5368 tre
446 5323 504 5374 ἤνθει
517 5320 552 5368 διὰ
566 5329 609 5369 τῶν
623 5325 728 5382 σημείων,
737 5323 774 5370 ὅτε
787 5341 839 5387 ραι·
