3810 6000
207 640 283 692 Preti
294 648 332 706 76·
344 663 347 669 ’
358 640 491 700 tudinem.

207 722 247 755 20.

359 415 432 512 948
689 435 692 441 ·
1070 437 1200 486 sunnin.

358 723 446 791 mine,
454 724 486 777 iu
496 722 572 777 mari
581 722 636 776 “oia
645 731 707 789 tua,
717 724 864 780 etsemitae
877 734 933 779 tua
950 723 983 777 in
996 723 1082 798 aquis

356 561 488 621 adventus
499 561 568 698 ῷίιιτ,
581 560 806 620 obbumilitatem
820 561 905 642 ipsius
918 573 944 619 et
956 581 1126 630 mansuem
1136 559 1181 620 ἐπὶ
1197 563 1246 640 γῆς
1262 557 1506 639 ἀναστρεφόμενος,
1520 563 1568 618 τῶ
1588 559 1760 638 Χεροοόικοῦ
1776 562 1820 621 καί
1832 563 1896 622 leor-

533 661 610 698 ursus
621 639 693 698 enim
709 640 781 700 idern
796 641 928 722 propheta
941 640 1000 699 ait:
1016 643 1117 699 oar
1137 638 1225 720 ρανίου
1252 646 1267 698 θ
1292 639 1342 696 ’νου
1376 638 1499 715 οὐδαμῶς
1534 637 1695 719 ἐχωρίζετο·
1730 641 1854 720 πτέρυγας
1878 643 1898 702 ἃ

1136 718 1239 795 ἀνέμων
1250 661 1298 785 uli
1307 715 1415 797 νεφέλας
1436 715 1602 784 αἰνίττεται,
1619 722 1648 778 ἐν
1668 709 1710 786 αἷς
1723 719 1770 778 καί
1788 722 1897 801 itali-(a

210 800 347 851 nocent.
359 801 473 872 multis,
485 811 512 856 et
527 800 654 877 uestigia
673 811 724 857 tua
744 821 804 858 non
819 820 853 858 co
875 811 1039 859 noscentur.
1051 799 1084 858 Si
1125 797 1224 863 υιαθὼς
1246 796 1291 856 καὶ
1315 798 1342 854 ἐν
1365 805 1423 862 ταῖς
1433 793 1554 874 Πράξεσι
1571 799 1630 855 τῶν
1646 798 1804 858 ἀποστόλων
1822 801 1900 878 γέγρα

358 881 436 935 enim
449 880 660 956 cognovissent,
668 877 755 956 inquit
766 822 913 959 apostolus,
922 898 1083 957 numquam

269 947 289 963 ⁸
359 958 522 1014 Doraiaum
548 957 651 1034 gloriae
684 959 908 1037 crucifixissent.
928 959 1083 1035 lterumque

207 1031 277 1076 Μ·
297 1043 333 1089 ¹7·
360 1034 415 1093 ait:
432 1035 577 1096 Ascendit
603 1054 690 1114 super
715 1038 884 1112 Cherubim,
907 1049 935 1094 et
966 1038 1083 1094 aalma

359 1134 445 1194 super
460 1133 573 1191 pennas
592 1127 755 1174 uentorum.
767 1116 854 1196 Super
872 1114 1020 1175 Cherubim
1038 1114 1083 1173 in-

359 1193 431 1270 quit,
441 1191 505 1270 quia
521 1191 595 1251 idern
618 1193 665 1270 qui
681 1193 710 1251 in
724 1193 795 1252 celis
816 1208 855 1254 cst
878 1216 940 1253 cum
952 1195 1045 1266 Patre,
1057 1207 1083 1253 et

359 1290 441 1351 super
452 1270 598 1330 Cherubim
609 1271 768 1348 vehebatur,
780 1285 806 1331 et
813 1272 879 1332 dum
892 1295 952 1332 curn
964 1272 1083 1331 homini·

359 1349 412 1408 bus
422 1350 450 1408 in
462 1363 532 1409 terra
546 1365 710 1424 uersaretur,
722 1372 916 1431 nequaquama
931 1351 1083 1412 Cherubico

360 1428 512 1507 caelestique
528 1428 595 1487 solio
606 1431 799 1510 separabatur3
816 1454 865 1513 per
882 1453 981 1513 pennas
993 1445 1083 1490 autem

360 1522 503 1569 ventorum
515 1507 599 1567 uubes
613 1509 712 1583 innuit,
727 1510 755 1569 in
765 1532 832 1589 quas
843 1526 869 1571 et
879 1524 1014 1570 assumtus
1031 1523 1081 1588 est,

362 1585 434 1645 sicut
451 1586 571 1646 etiamin
586 1588 660 1647 Actis
674 1590 867 1669 Apostolorum
880 1590 1009 1670 scriptum
1025 1603 1082 1648 est:

209 1661 265 1707 Aa.
279 1675 298 1708 ¹·
309 1675 334 1722 9·
362 1667 403 1724 Et
416 1669 508 1732 nubes
522 1671 648 1746 suscepit
663 1689 727 1726 eum
739 1672 776 1728 ab
790 1671 881 1728 oculis
898 1690 1008 1728 aoruca.
1024 1669 1084 1729 Sub

210 1742 246 1785 1⁶·
257 1757 280 1786 v.
293 1751 329 1789 ¹⁰·
365 1744 423 1803 baec
445 1744 524 1804 addit
538 1768 544 1801 :
558 1746 690 1824 Cumque
712 1751 895 1806 intuerentur
920 1751 953 1805 in
978 1749 1084 1806 caelum

207 2285 233 2334 ³.

309 2398 312 2405 ·
360 2375 451 2436 seduu

358 1837 476 1882 euntem
495 1824 592 1893 illum,
604 1837 699 1903 stupor
718 1827 853 1904 apostolos
872 1825 1007 1885 iuvasitct
1025 1848 1084 1886 me-

1136 874 1283 943 πται·,ίίαί
1296 875 1392 956 νεφέλη
1403 873 1535 934 θπέλαόεν
1547 876 1631 935 αὐτὸν
1644 877 1700 936 ἀπὸ
1712 880 1767 935 τῶν
1779 880 1899 958 ὀφθαλμυι

1137 959 1232 1015 αθτῶν.
1267 945 1337 1014 Εἶτα
1359 952 1470 1023 καθεξῆς
1498 954 1589 1034 λέγει·
1619 955 1678 1015 Kal
1704 959 1744 1024 ὣς
1767 956 1901 1024 ἀτενίζοντες

1137 1026 1204 1107 ἦσαν
1221 1038 1257 1101 εἰς
1270 1034 1315 1094 τὸν
1329 1032 1437 1114 οὐρανὸν
1451 1033 1638 1112 πορευομένου
1657 1039 1757 1107 αὐτοῦ,
1770 1040 1852 1114 θαῦμα
1862 1046 1901 1103 ταῖς

1137 1113 1296 1184 ἀποστόλοις
1306 1112 1353 1171 καί
1367 1112 1490 1179 ἔκστασις
1506 1113 1554 1171 καὶ
1570 1119 1654 1193 θροῦς
1667 1114 1818 1192 ἐπεγίνετο·
1834 1116 1902 1186 θνητά

1137 1191 1188 1272 γὰρ
1209 1191 1258 1264 τὴν
1280 1191 1357 1271 φύσιν
1377 1192 1465 1261 ὄντες,
1485 1192 1532 1250 καί
1547 1192 1696 1263 ἀσυνήθεις
1716 1193 1836 1252 τοιούτων
1850 1200 1901 1253 θεο-

1138 1275 1211 1417 bii}
1226 1271 1372 1423 ‘militi
1385 1269 1632 1427 ‘ili‘iiii'iffl
1648 1273 1903 1411 {litim

1137 1427 1267 1498 Ἰάκωόος
1280 1428 1327 1489 καὶ
1340 1428 1476 1499 Ἰωάννης.
1500 1373 1648 1508 llliioiibbir<²
1662 1429 1714 1508 μὲν
1733 1375 1904 1508 azimam

1139 1507 1311 1588 μορφωθέντα
1338 1508 1383 1567 τὸν
1413 1506 1531 1585 Κύριον,
1558 1508 1610 1567 καὶ
1641 1509 1759 1590 νεφέλην
1782 1511 1903 1570 σκιόσασαν

1139 1589 1227 1662 αὐτὸν,
1239 1590 1297 1647 ἀλλ’
1309 1587 1357 1647 aba
1370 1575 1436 1645 εἶδον
1452 1586 1502 1658 τλν
1513 1587 1633 1667 νεφέλην
1648 1592 1687 1656 εἰς
1703 1593 1774 1669 αἰέρα
1787 1591 1895 1667 ἂρπασθι·

1139 1689 1198 1732 σαν,
1210 1666 1256 1726 καὶ
1266 1669 1303 1734 είς
1313 1663 1436 1748 οιίρανοθς
1452 1666 1497 1725 τὸν
1513 1667 1665 1739 Δεσπότην
1677 1667 1903 1744 adeptam.

1137 1747 1239 1824 Θαῦμα
1252 1749 1351 1819 έκεῖνο,
1367 1748 1454 1823 θαῦμα
1468 1744 1516 1804 καί
1530 1751 1624 1804 τοῦτο·
1639 1747 1714 1811 ἀλλὰ
1726 1752 1815 1824 θαῦμα
1828 1747 1897 1824 θαόρα

1138 1847 1182 1892 τος
1208 1823 1397 1923 φοόερόιτερον,
1421 1830 1500 1882 τοῦτο
1523 1825 1651 1884 ’ἐκείνου
1680 1820 1849 1923 idalia-epos,
1892 1855 1905 1876 ν

359 1915 415 1960 tus:
428 1903 571 1961 cumenim
581 1902 707 1962 mortales
716 1917 810 1966 natura
820 1919 918 1980 essent,
929 1918 955 1964 et
965 1919 1083 1964 contem·
1101 1924 1120 1972 Β
1139 1903 1195 1972 iube
1206 1906 1276 1972 Θεοῦ
1288 1908 1305 1976 ἡ
1319 1904 1429 1980 δυναμις
1446 1902 1492 1961 καὶ
1509 1904 1541 1963 τὸ
1556 1903 1718 1986 μυστήριον
1733 1906 1905 1988 θπηργεΤ.

358 1979 466 2061 plaudis
478 1982 558 2040 rebus
579 1981 711 2061 ejusmodi
723 2004 776 2041 uon
783 1983 892 2060 assueti,
905 1983 934 2042 in
946 1998 1084 2063 stuporem

358 2059 456 2119 mentis
468 2060 520 2119 acti
535 2073 605 2120 suut.
622 2060 677 2121 Sed
696 2061 796 2121 dixerit
813 2062 958 2144 quispiam,
975 2064 1083 2122 transfi-

277 2200 280 2204 Α
359 2138 528 2218 gurationem
545 2152 630 2209 ¹autea
647 2140 749 2200 vidisse
770 2143 882 2201 Petrum
904 2156 931 2203 et
951 2143 1083 2202 iambum

207 2225 295 2272 Mareu.
313 2237 348 2285 ¹7.
359 2231 384 2277 ct
398 2219 537 2279 loannem.
552 2217 686 2281 Viderunt
708 2219 819 2297 quidem
838 2235 918 2279 antea
934 2221 1083 2281 Dominum

358 2298 558 2434 transfigurari,
575 2319 606 2356 ac
627 2299 729 2357 nubem
752 2298 958 2359 obumbrantem
982 2299 1060 2359 illum
1070 2323 1080 2378 ;

473 2398 516 2436 em
529 2398 584 2438 nou
597 2387 773 2457 aspexeruutj
789 2400 847 2457 quae
862 2378 889 2437 in
903 2399 991 2438 aerem
1004 2400 1083 2460 rape-

358 2469 441 2526 retur,
457 2471 482 2514 et
497 2456 524 2515 iu
536 2456 615 2515 culos
622 2456 811 2536 suscipientem
826 2457 984 2517 Dominum,
997 2458 1084 2517 lllira·

360 2534 453 2593 culum
466 2534 548 2611 ittud3
562 2535 724 2595 miraculum
737 2549 763 2594 et
774 2536 846 2595 istud
859 2560 865 2593 :
878 2550 905 2596 at
919 2536 1083 2596 miraculum

359 2613 491 2673 miraculo
508 2613 707 2674 formidabilius
721 2628 770 2690 cst,
785 2615 838 2674 boc
848 2615 896 2674 illo
910 2615 1075 2674 sublimius:

360 2693 441 2752 tinius
453 2707 541 2753 tamen
555 2694 606 2753 Dei
618 2693 736 2774 potentia
748 2708 828 2772 atque
838 2695 968 2775 mysterio
979 2695 1080 2754 sactum

359 2785 514 2851 utrumque.
529 2774 607 2833 Tunc
626 2775 673 2831 lllo
694 2794 734 2832 ses
756 2787 782 2832 et
801 2774 876 2833 Elias
897 2797 911 2833 a
933 2788 1082 2854 parueruut

358 2850 393 2910 iis
407 2852 454 2930 qui
479 2873 542 2911 curu
561 2854 640 2911 Petro
654 2796 774 2927 aderant,
785 2874 848 2911 cum
868 2874 898 2912 co
914 2796 1079 2944 loquentes:

359 2951 432 2990 nunc
441 2945 532 2990 autem
542 2932 655 2991 thronus
665 2931 844 3007 Clrerubicus,
856 2931 884 2992 id
898 2946 938 2992 est
952 2932 1082 2992 invisibi-

354 3009 394 3068 lis
404 3011 532 3100 potentia,
541 3011 615 3069 nube
623 3010 789 3082 abscondita,
797 3033 857 3089 qnae
868 3010 1081 3091 repentcastitit,

360 3089 509 3147 Dominum
539 3110 600 3148 cum
622 3090 708 3148 servis
728 3090 924 3226 collopuentem
947 3091 1079 3172 abripuit.

1138 1984 1256 2053 Μωϋσῆς
1274 1980 1318 2040 καί
1333 1981 1428 2050 Ἠλίας
1447 1980 1580 2062 ὤφθησαν
1601 1991 1661 2052 τοῖς
1674 1984 1742 2064 περὶ
1755 1984 1799 2043 τὸν
1820 1984 1856 2043 ll'

1139 2060 1199 2139 μετ’
1216 2064 1294 2120 αὐτοῦ
1308 2063 1513 2127 συλλαλοῦντας·
1533 2067 1584 2121 νῦν
1600 2062 1630 2121 δὲ
1647 2062 1742 2143 θρόνος
1757 2063 1895 2146 Χερσόαθς

1137 2139 1280 2212 τουτέστιν,
1295 2139 1406 2220 ἀόρατος
1422 2138 1549 2218 δύναμις,
1569 2141 1645 2212 3τλν
1663 2142 1781 2221 νεφέλην
1798 2144 1845 2200 καλ

1139 2218 1220 2296 μένην
1243 2219 1334 2300 άθρόον
1350 2219 1503 2293 ἐπιστᾶσα,
1528 2220 1576 2279 τὸν
1595 2220 1748 2292 Δεσπότην
1761 2231 1813 2288 τοῖς

1138 2299 1328 2375 συνομιλοῦντα
1341 2297 1493 2378 ἀφήρπασε.
1516 2299 1593 2358 Τότε
1614 2299 1726 2382 Πέτρος
1745 2300 1812 2379 μετέ
1872 2304 1878 2320 ’

1137 2375 1197 2444 σίας
1211 2375 1383 2458 ἀπεκρίνατο·
1398 2374 1494 2457 Κύριε,
1509 2377 1596 2437 καλόν
1612 2382 1689 2438 ἐστιν
1700 2384 1776 2458 ἡμᾶς
1790 2371 1837 2439 ab&
1865 2403 1898 2436 ναι

1137 2457 1292 2534 ποιήσωμεν
1305 2446 1357 2514 ῶδε
1371 2480 1387 2513 τ
1404 2462 1441 2521 εἷς
1456 2455 1573 2530 σκηνὰς,
1599 2457 1645 2518 σοὶ
1662 2457 1743 2534 μίαν,
1765 2459 1809 2519 καί
1827 2461 1852 2518 ld
1884 2496 1887 2503 ·

1138 2533 1211 2612 μίαν,
1233 2534 1279 2594 καί
1295 2534 1360 2611 μίαν
1378 2479 1467 2617 'lilla
1481 2535 1550 2594 Νυνί
1567 2535 1600 2596 δὲ
1615 2538 1678 2596 οὐδὲ
1692 2538 1849 2619 φθέγξασθαι
1860 2563 1888 2594 r·

1136 2613 1203 2686 νήθη
1214 2638 1254 2681 τις
1265 2616 1317 2673 τῶν
1331 2616 1465 2691 μαθητῶν,
1477 2613 1537 2674 οθδέ
1547 2615 1583 2673 τὸ
1595 2616 1692 2693 στόμα
1707 2617 1847 2689 διανοῑξαι,
1860 2653 1862 2660 v
1896 2655 1898 2658 ·

1136 2691 1210 2774 atta,
1225 2692 1342 2774 μεγίστῳ
1357 2692 1576 2772 καταπλαγέντες
1593 2694 1758 2768 ἐξέστησαν.
1776 2696 1905 2775 'lixi-511⁴

1135 2771 1247 2844 καθεξῆς
1263 2776 1281 2844 ἡ
1302 2773 1325 2831 Γ
1327 2769 1396 2853 ραφλ
1408 2771 1538 2849 λέγουσα·
1552 2774 1616 2833 Καὶ
1631 2774 1692 2834 ἰδοὺ
1716 2776 1767 2836 ἄνθ
1818 2777 1858 2834 tio

1137 2851 1320 2932 ρειστήκεισαν
1340 2854 1427 2918 αὐτοῖς
1447 2854 1474 2910 ἐν
1490 2854 1591 2924 ἐσθῆσι
1607 2855 1743 2926 λευκαῖς,
1755 2800 1833 2918 nibal
1843 2845 1900 2913 elsa

1136 2929 1208 2989 Οθδέ
1222 2935 1299 2989 τοῦτο
1313 2928 1406 3010 ἀργόν·
1422 2928 1453 2988 τὸ
1465 2929 1520 3009 γάρ
1530 2933 1721 3011 λευχείμονας
1732 2934 1854 3015 ὑπάρχειν
1866 2964 1905 2990 a.

1135 3008 1246 3088 ἄνδρας,
1272 3013 1364 3088 ἑορτῆς
1389 3007 1518 3086 μεγίστης
1543 3013 1726 3089 σημαντικόν
1750 3017 1819 3074 ἐστι.
1841 3012 1871 3071 Τί
1887 3010 1903 3031 ““

1136 3078 1228 3161 εἰπανς
1241 3086 1346 3166 Ἄνδρες
1367 3089 1523 3162 Γαλιλαῖοι,
1545 3089 1576 3147 τί
1597 3092 1740 3164 ἑστήκατε
1758 3096 1805 3171 ἐμ
1830 3124 1895 3146 >w

360 3167 440 3225 Tunc
465 3168 568 3231 Petrus,
586 3178 683 3246 magna
711 3188 773 3226 cum
810 3168 901 3227 iducia
920 3169 1080 3249 respondite
1098 3183 1117 3233 c
1136 3169 1173 3233 εἰς
1183 3167 1227 3226 τὸν
1239 3165 1360 3248 οὐρανόν,
1372 3167 1412 3226 Τὸ
1423 3167 1563 3248 ὑπεράγαν
1575 3174 1672 3249 θαῦμα
1683 3172 1903 3245 anxiemini&

361 3247 499 3318 Domine,
520 3248 628 3304 bonum
646 3260 689 3304 est
701 3268 754 3306 nos
772 3250 820 3306 liic
833 3269 904 3306 esse.
918 3250 1082 3308 Faciamus

360 3327 473 3386 bictria
481 3327 682 3399 tabernacula,
692 3329 746 3385 tibi
756 3348 857 3398 unum,
866 3329 970 3402 Moysi
979 3349 1080 3399 unum,

361 3416 389 3463 et
401 3407 479 3464 utta
491 3427 591 3464 renum.
604 3407 682 3465 Nunc
693 3427 758 3464 vero
778 3427 811 3464 ne
822 3406 896 3484 loqui
912 3407 1020 3485 quidem
1030 3428 1083 3488 po·

361 3484 414 3542 tuit
429 3485 569 3563 quisquam
589 3484 796 3565 discipulorum,
813 3506 899 3563 neque
917 3508 947 3544 os
957 3487 1063 3566 aperire
1073 3509 1082 3561 3

360 3563 407 3622 sed
420 3564 541 3622 maximo
549 3566 645 3622 timore
656 3564 774 3643 perculsi
786 3565 991 3645 obstupuerunt.
1004 3565 1081 3645 Adji-

208 3648 263 3694 Ace.
277 3662 297 3693 1-
312 3643 501 3702 recitantem
519 3643 645 3722 deinceps
664 3643 807 3723 Scriptura
829 3643 920 3703 dicens
934 3668 940 3700 ε
956 3647 998 3704 Et
1019 3666 1084 3703 ecce

360 3724 418 3781 duo
439 3727 500 3781 oiri
522 3727 678 3783 astiterunt
693 3726 784 3803 juxta
807 3723 875 3782 illos
897 3728 930 3781 in
954 3727 1084 3784 uestibus

359 3802 447 3872 albis,
462 3806 514 3883 qui
528 3816 555 3860 et
568 3804 715 3860 dixerunt.
726 3803 765 3860 Ne
775 3801 826 3860 boc
836 3803 946 3881 quidem
956 3823 987 3861 su
999 3824 1085 3862 terva-

359 3902 472 3939 caneum
484 3905 491 3936 :
505 3901 566 3939 uam
578 3880 651 3959 quod
665 3881 734 3939 albis
745 3881 865 3941 vestibus
876 3881 967 3940 amicti
986 3825 1086 3941 luerint

359 3959 401 4018 illi
412 3960 479 4034 viri,
491 3960 616 4018 maximae
626 3960 789 4018 celebritatis
797 3960 960 4040 significatio
968 3975 1018 4020 est.
1030 3961 1086 4023 Sed

359 4038 427 4117 quid
441 4038 591 4098 dixerunt?
605 4042 668 4097 Viri
681 4039 813 4114 Galiioei,
826 4043 899 4120 quid
909 4044 996 4100 statis
1006 4044 1085 4120 aspi-

359 4123 467 4178 cientes
480 4124 512 4176 in
524 4119 644 4178 calum?
656 4116 750 4209 lugens
761 4119 922 4177 miraculum
933 4121 1065 4200 perterrel
1077 4155 1088 4168 ·

207 4204 278 4248 Jour-
293 4216 332 4249 2⁰·
358 4198 395 4257 cit
404 4221 462 4275 νοτ,
471 4198 583 4258 oblitine
590 4198 732 4258 estisillrus
740 4197 879 4277 quidixit:
891 4201 974 4257 Vado
982 4201 1023 4257 ad
1029 4202 1088 4259 Pa·

132 4277 138 4285 ‘
211 4277 247 4324 ¹7·

360 4291 433 4338 trem
444 4301 539 4337 mcum
548 4292 576 4337 et
586 4282 708 4337 Patrem
719 4292 861 4355 oestrum,
873 4280 971 4337 Deum
981 4300 1087 4355 meum,

360 4372 388 4417 et
397 4361 493 4417 Deum
502 4361 747 4417 uestrumPNoune
761 4371 900 4439 propterea
910 4358 946 4417 ad
956 4357 1088 4418 vosdice-

1137 3246 1297 3305 ἐπελάθεσθε
1308 3252 1353 3305 τοῦ
1362 3244 1496 3312 εἰπόντος·
1508 3248 1678 3327 Πορεύομαι
1690 3252 1760 3333 πρὸς
1769 3253 1811 3311 τὀν
1822 3249 1901 3326 {tadu

1137 3348 1198 3402 μου,
1212 3326 1257 3384 καὶ
1271 3323 1382 3406 Πατέρα
1392 3328 1477 3402 ὑμῶν,
1488 3325 1535 3384 καὶ
1547 3329 1626 3386 Θεόν
1639 3354 1706 3406 μου,
1715 3333 1762 3388 καὶ
1771 3332 1901 3402 Θεὸνθρῦν,

1136 3403 1175 3462 Ἢ
1191 3405 1250 3484 οὐχί
1267 3404 1352 3462 ένεκεν
1366 3404 1457 3463 τούτου
1472 3393 1549 3484 έλεγε
1571 3408 1643 3485 πρὸς
1658 3414 1751 3486 ὑμᾶς,
1766 3413 1822 3470 Οὐκ
1834 3407 1901 3486 ἐφήσει

1137 3486 1206 3561 ὑμᾶς
1219 3482 1361 3562 ὀρφανούς·
1375 3482 1420 3541 καί
1431 3482 1522 3555 πάλιν,
1536 3485 1669 3564 Εἰρήνην
1686 3487 1739 3560 τὴν
1754 3489 1818 3566 ἐμήν
1831 3488 1899 3559 ilion

1138 3566 1210 3640 ὑμῖν,
1232 3562 1336 3641 εἰρήνην
1351 3561 1398 3633 τλν
1419 3561 1487 3639 ἐμήν
1504 3563 1610 3664 ἀφίημι
1626 3571 1713 3644 ὑμῖν,
1730 3570 1771 3627 Οὐ
1786 3569 1829 3639 τήν
1840 3569 1899 3638 ἐτη·

1138 3640 1228 3721 γελίαν
1237 3647 1282 3699 τοῦ
1293 3639 1489 3720 Παρακλήτου,
1500 3664 1630 3704 τουτεστι
1641 3653 1692 3705 τοῦ
1715 3648 1791 3726 ἁγίου
1812 3643 1899 3718 limita

1138 3743 1194 3793 τος,
1206 3720 1337 3800 ὑπέσχετο
1348 3724 1423 3798 ὑμῖν,
1435 3711 1521 3787 Οὗτος
1533 3726 1547 3780 ό
1561 3722 1676 3797 Ἰησοῦς
1689 3730 1705 3783 ό
1719 3726 1860 3805 ἀναληφθεὶς
1868 3725 1896 3798 ἐξ

1139 3802 1213 3876 ὑμῶν
1238 3803 1274 3865 εἰς
1300 3799 1344 3858 τὸν
1363 3799 1481 3879 οὐρανὸν,
1501 3799 1588 3869 οὕτως
1614 3805 1774 3876 ἐλεύσεται,
1789 3807 1815 3865 ὃν
1830 3802 1897 3881 τρίται

1140 3878 1284 3939 ἐθεάσασθε
1297 3878 1470 3957 πορευόμενον
1487 3879 1569 3938 αὐτὸν
1587 3884 1628 3949 εἰς
1642 3885 1691 3942 τὸν
1707 3887 1820 3964 οὐρανόν.
1832 3880 1897 3941 θῶας

1141 3956 1276 4017 ἐλεύσεται
1292 3956 1361 4036 μετά
1374 3961 1426 4017 τῶν
1437 3961 1554 4038 νεφελῶν
1567 3968 1617 4021 τοῦ
1631 3966 1763 4060 οὐρανοῦ,
1780 3959 1897 4041 peribolus

1142 4036 1188 4096 καί
1210 4037 1344 4116 δυνάμεως
1365 4039 1478 4108 πολλῆς·
1500 4036 1587 4105 οὕτως
1610 4042 1756 4102 ἐλευσεται
1778 4047 1802 4101 ἐν
1824 4041 1896 4117 καιρῷ,

1141 4115 1204 4176 όταν
1228 4116 1312 4197 μέλλῃ
1334 4141 1351 4175 κ
1369 4115 1431 4175 ίνειν
1453 4115 1503 4188 τλν
1527 4120 1697 4196 οἰκουμένην
1722 4126 1749 4180 ἐν
1770 4121 1896 4190 iunctam·

1143 4198 1223 4277 Αὐτῷ
1246 4195 1297 4276 γάρ
1311 4200 1325 4254 θ
1340 4141 1436 4274 [ἐατλρ
1461 4196 1562 4255 δέδωκε
1584 4199 1635 4271 τὴν
1655 4201 1749 4280 κρίσιν
1772 4212 1852 4260 πᾶσαν.
1867 4196 1896 4254 lli

1144 4275 1322 4353 μνημονεύετε
1343 4274 1384 4335 ότι
1405 4273 1442 4332 ῶν
1465 4272 1514 4332 σὺν
1537 4278 1617 4354 ὑμῖν,
1644 4279 1751 4356 ἔλεγεν·
1766 4280 1849 4345 Ἐδόθη
1866 4298 1896 4350 μοι

1143 4364 1219 4414 πᾶσα
1228 4353 1331 4422 ἐξουσία
1343 4356 1370 4412 ἐν
1385 4357 1486 4434 οὐρανῷ
1501 4352 1546 4442 καί
1557 4357 1605 4414 ἐπὶ
1616 4362 1684 4437 γῆς
1695 4360 1767 4419 Τότε
1780 4362 1802 4418 οἱ
1814 4359 1896 4415 ἄτοπα

204 4445 276 4490 anan.
299 4444 335 4506 ''t-
362 4437 407 4496 bat
422 4461 428 4494 :
446 4441 514 4496 Non
532 4439 699 4518 ‘relinquam
720 4459 774 4497 oos
794 4440 957 4518 orphanos
975 4459 1006 4497 ae
1025 4459 1089 4496 rur·
1105 4455 1124 4502 n
1143 4436 1185 4492 λοι
1199 4437 1225 4493 ἐν
1241 4438 1342 4498 ἑαυτοῖς
1358 4433 1507 4524 γενόμενοι,
1526 4437 1712 4518 ὑπέστρεφον,
1735 4444 1849 4502 etloum
1866 4432 1897 4490 ¹²¹¹

207 4504 247 4550 18.

201 4570 273 4630 Jaalr.
300 4583 335 4647 ιή.

205 4660 243 4704 27.

363 4539 409 4576 sus
421 4542 427 4573 z
440 4520 550 4576 Pacem
563 4538 658 4575 meam
670 4519 708 4574 do
717 4521 814 4592 uobis,
823 4538 926 4597 pacem
937 4539 1033 4576 meam
1044 4539 1087 4576 re-

364 4598 468 4679 linquo
480 4601 586 4656 uobis?
595 4597 689 4656 Nonne
701 4597 881 4666 Paracletum,
896 4595 925 4655 id
936 4611 984 4672 est,
995 4595 1088 4677 Spiri-

363 4689 422 4735 tum
440 4690 574 4750 sauetum,
589 4675 716 4755 promisit
736 4676 835 4736 vobis?
848 4678 907 4735 Hic
927 4678 1024 4750 Jesus,
1035 4680 1087 4755 qui

359 4770 506 4815 assumtus
513 4770 556 4815 est
564 4759 673 4814 anobis
679 4759 710 4814 in
717 4757 830 4825 calam,
836 4760 878 4815 sic
886 4761 1086 4835 veniatquem-

360 4836 521 4894 admodum
535 4837 654 4894 uidistis
681 4856 746 4894 eum
772 4849 888 4894 euntem
912 4841 945 4893 iu
968 4837 1082 4894 calum.

357 4914 413 4989 Sic,
432 4914 554 4992 inquam,
566 4914 654 4975 veniet
664 4914 692 4973 iu
705 4915 825 4997 nubibus
840 4915 911 4991 celi,
925 4937 989 4975 cum
999 4914 1085 4995 gloria

358 5007 383 5052 et
405 5008 537 5073 potestate
560 4995 646 5053 multa
652 5017 661 5069 ς
673 4994 712 5054 sic
722 4997 811 5054 veniet
832 4994 999 5076 intempore
1018 4995 1082 5066 illo,

360 5072 468 5149 quando
479 5073 616 5153 judicabit
630 5075 791 5149 uuiversum
804 5076 898 5136 orbem
912 5089 1046 5136 terrarum
1056 5074 1085 5133 iu
1103 5131 1105 5138 s

388 5263 394 5284 ¹
415 5258 443 5302 ἴα.
456 5258 574 5313 ἐξέστησαν
584 5263 621 5318 τῇ

387 5345 396 5368 ²
412 5337 440 5382 ir·
450 5337 531 5385 ἐκείνου
541 5339 578 5385 καὶ
587 5334 656 5400 ialal.

1144 4514 1308 4592 εὐλογοῦντες
1322 4512 1369 4592 τὸν7
1383 4512 1490 4591 λύριον,
1505 4516 1552 4573 καί
1569 4517 1786 4596 ἀπεκδεχόμενοι
1797 4523 1837 4587 τῆς
1848 4516 1897 4575 θείας

1143 4593 1259 4730 δωρεᾶς,
1275 4590 1394 4652 τουτέστι
1414 4598 1460 4651 τοῦ
1482 4595 1617 4671 παναγίου
1640 4598 1797 4663 Πνεόαατος
1807 4596 1847 4663 τήν
1858 4596 1897 4649 ἑτι·

1142 4694 1176 4752 φο
1186 4696 1272 4744 τησιν.
1284 4671 1338 4730 Καί
1352 4671 1383 4743 δὴ
1396 4671 1538 4751 ἐπληρώθη
1559 4674 1592 4733 τὸ
1607 4678 1634 4734 ἐν
1647 4660 1767 4755 ψαλμοῖς
1777 4676 1896 4753 εἰρημένον·

1142 4750 1234 4824 Ἀνέθη
1247 4756 1261 4810 θ
1273 4750 1341 4817 Θεὸς
1350 4753 1376 4809 ἐν
1389 4752 1555 4831 ἀλαλαγμῷ,
1572 4754 1675 4833 Κύριος
1694 4760 1721 4815 ἐν
1734 4760 1803 4836 φωνῇ
1814 4755 1896 4837 σαλπγ

1140 4853 1193 4908 γος.
1213 4833 1311 4909 Σαφῶς
1332 4832 1444 4889 ἐνταῦθα
1455 4835 1469 4889 ό
1482 4832 1625 4911 προφήτης
1645 4834 1698 4907 τὴν
1713 4837 1793 4894 δυάδα
1805 4839 1848 4891 τῶν
1860 4838 1894 4907 φ’)-

1140 4933 1206 4969 σεων
1219 4916 1267 4981 τῆς
1285 4913 1312 4969 ἐν
1327 4911 1436 4989 Χριστῷ
1454 4911 1609 4989 οἰκονομίας
1632 4915 1769 4991 ἐσήμαινε·
1783 4916 1822 4972 τὸν
1840 4907 1894 4967 elei-a

1140 4988 1278 5071 δὲτρόπον
1290 4988 1340 5047 Ιιιαί
1357 4991 1459 5067 Θωμᾶς
1473 4990 1543 5066 μετὰ
1560 4991 1612 5062 τὴν
1626 4999 1676 5051 τοῦ
1696 4995 1790 5093 Κυρίου
1805 4992 1894 5050 ἀνίστα·

1139 5092 1180 5129 σιν
1194 5068 1355 5150 ῷηλαφήσας
1368 5065 1415 5140 τλν
1427 5068 1545 5150 πλευρὰν
1570 5073 1675 5143 αὐτοῦ,
1694 5075 1758 5134 ἐόοα
1771 5072 1854 5151 λέγων·
1869 5066 1892 5122 Ὁ

1164 5249 1172 5277 ¹
1192 5252 1221 5297 ἴα·
1233 5253 1262 5310 τῇ
1273 5263 1317 5296 νεα
1330 5246 1368 5310 ila
1382 5246 1560 5308 καλυπτομένη,
1574 5250 1670 5315 ἀθρόαν.
