3764 5992
842 492 1021 546 emenone.
1636 486 1702 560 621

170 610 371 689 παρακλήθητε.
387 610 467 670 Ούτω
482 612 535 691 γάρ
550 614 600 693 ούχ
617 617 681 691 ἡμῖν
696 614 784 696 μύνοις
792 625 941 698 χαριεῖσθε,
958 632 977 679 E
992 643 1051 682 ram
1064 644 1142 684 suam
1159 624 1189 686 in
1202 627 1329 689 omnibns
1345 629 1532 693 innocentiam.
1547 630 1611 694 flaec
1623 633 1708 715 igitur

170 701 240 760 ἀλλδ
255 702 301 761 καί
323 706 362 783 τῷ
375 707 454 784 κοινῷ
474 708 528 763 τῶν
543 705 723 781 Ἐκκλησιῦν,
745 708 790 768 καί
808 711 852 770 τδν
867 712 942 793 παρδ
991 716 1081 776 omnia
1096 738 1158 776 cum
1174 718 1212 779 ita
1223 721 1361 783 sebabere
1369 721 1579 785 intellexeritisa
1589 725 1708 786 dominis

168 801 216 854 τοῦ
236 798 307 855 Θεοῦ
324 794 438 874 λήψεσθε
451 797 553 873 μισθὸν,
562 803 575 830 ⁶
583 805 628 858 τοῦ
640 797 685 858 διδ
696 799 745 872 τλν
755 805 808 860 τῶν
820 801 939 878 Ἐκκλη-
992 807 1058 867 meis
1068 807 1196 889 piissimis
1212 812 1342 873 fratribus
1352 815 1450 875 nostris
1461 815 1613 898 episeopis,
1628 817 1708 879 obse-

169 889 233 944 σιῶν
255 885 361 965 εἰρήνην
375 888 463 947 πάντα
478 895 621 956 ποωῦντος.
646 891 780 962 Διηνεκῶς
794 894 940 973 ἐρρωμένος
991 918 1037 958 oro
1048 913 1079 959 ut
1094 902 1227 980 praestetis
1236 902 1266 962 id
1282 904 1355 983 quod
1367 919 1457 987 petent
1470 906 1564 966 officii.
1578 906 1641 981 Quo
1654 927 1707 970 non

169 976 316 1060 ύπερεύχου
331 1001 381 1058 μου
388 1022 397 1054 ,
413 978 528 1040 δέσποτα
540 980 686 1059 τιμιώταττ
698 983 743 1042 καί
755 983 893 1046 δσιύντατε,
991 988 1078 1049 solum
1087 991 1164 1052 nobis
1173 993 1408 1074 gratificabimini,
1422 996 1471 1058 sed
1481 1011 1508 1057 et
1524 997 1707 1061 Eueleiarum

990 1080 1170 1159 universitati,
1180 1084 1382 1166 mercedemque
1391 1088 1527 1169 accepturi
1538 1090 1601 1155 estis
1611 1112 1627 1150 a
1636 1092 1705 1167 Deo,

991 1170 1038 1249 qui
1052 1171 1122 1231 nibil
1135 1194 1187 1233 non
1198 1189 1308 1256 propter
1321 1176 1505 1241 Eeclesiarum
1516 1200 1610 1261 pacem
1621 1181 1707 1242 meere

989 1259 1125 1340 dignatur.
1141 1265 1253 1346 Semper
1266 1266 1342 1346 vale,
1358 1281 1384 1327 et
1393 1288 1440 1327 ora
1452 1290 1503 1351 pro
1515 1290 1577 1352 me,
1596 1269 1707 1332 domine

989 1353 1210 1415 reverendissime
1219 1369 1246 1415 et
1255 1357 1430 1419 sanctissime.

201 1551 213 1574 ·
230 1539 304 1610 Apud
315 1539 454 1592 Palladium
464 1541 568 1608 epistola
585 1542 622 1592 sie
633 1540 737 1592 desinit:
749 1549 824 1596 πάντα
835 1548 925 1595 ποιοῦν·
951 1539 1122 1592 Cimmerium
1138 1543 1272 1612 Aquileioe
1288 1548 1440 1614 episcopum.
1452 1545 1594 1615 Utramque
1609 1546 1705 1615 episto-

165 1646 208 1682 τυς
225 1629 334 1682 διηνεκῶς.
349 1630 436 1691 ίγράφη
451 1626 475 1674 tt
491 1626 549 1680 αὕτη
565 1628 602 1673 καί
621 1629 678 1693 πρὸς
695 1628 793 1690 θινάριον
810 1625 927 1674 ἐπίσκοπον
949 1619 1000 1671 lam
1011 1619 1076 1672 infra
1093 1619 1170 1672 hahes
1184 1621 1218 1673 ad
1227 1625 1373 1690 Venerium,
1383 1642 1472 1692 nempe
1481 1624 1705 1689 Mediolanensem,

167 1705 354 1760 Μεδεολάνου,καδ
363 1708 498 1768 κρουμάτων
506 1705 623 1752 inlusores
633 1696 770 1764 Ᾰκυληρθαςτ
779 1697 842 1748 Hoee
849 1702 926 1749 etiam
950 1709 976 1748 et
983 1695 1018 1748 ad
1028 1697 1204 1751 chromatium
1218 1700 1408 1768 Aquileiensem.

166 1781 262 1846 scripta
278 1789 314 1828 est
328 1777 365 1828 ael
380 1777 518 1828 Venerium
528 1779 670 1845 episcopum
680 1776 840 1840 Mediolani,
852 1787 877 1827 et
892 1777 929 1827 ad

233 2108 502 2192 ἸΝΝΟΚΙΞΝΤΙῼ,
516 2108 874 2192 ammonendum,
948 2104 984 2208 Ὺ
1029 2110 1512 2190 INNOCENTIO,EPISCOP0
1521 2112 1665 2184 ROMAE,

360 2297 486 2371 Ἰωάννης
495 2301 521 2359 ἓν
537 2297 628 2378 Κυρίῳ
638 2296 751 2379 χαίρειν.
1113 2295 1245 2356 Ioannes
1259 2300 1291 2354 in
1306 2297 1433 2356 Domino
1452 2297 1586 2356 salntem.

208 2484 251 2545 Τδ
271 2482 318 2562 μίν
332 2488 411 2563 σῶμα
423 2491 489 2564 ἡμῖν
503 2489 528 2547 ίν
551 2487 589 2546 lul
602 2485 705 2568 ἵδρυται
724 2486 830 2570 χωρίῳ,
843 2491 892 2563 τῆς
912 2488 941 2553 ll
1033 2482 1140 2566 Corpus
1149 2479 1260 2565 quidem
1271 2495 1393 2547 nostrum
1408 2507 1460 2547 uno
1479 2496 1583 2547 tantum
1596 2482 1656 2547 loco
1669 2498 1707 2548 te·
1719 2483 1864 2590 nnuoblipll

164 2575 276 2652 άγάντςς
295 2575 326 2635 τδ
343 2576 438 2656 πτερὸν
461 2586 598 2659 πανταχοῦ
621 2583 668 2650 τῆς
689 2579 844 2657 οἰκουμένης
865 2606 940 2664 περι-
993 2590 1091 2654 netnr3
1107 2577 1226 2637 caritatis
1239 2592 1330 2638 eutem
1344 2579 1389 2638 ala
1401 2579 1430 2638 in
1439 2579 1565 2641 universo
1580 2579 1645 2639 orbe
1658 2578 1710 2640 cir·
1721 2563 1845 2666 ωςωχοίξ,

165 2667 288 2727 ίπταεαι
300 2664 388 2728 'Ores
404 2668 450 2727 καί
463 2673 539 2746 ἡμεῖς
560 2671 620 2730 δδοῦ
636 2670 753 2751 τοσούτῳ
768 2673 939 2753 διῳκισμένοι
992 2669 1159 2729 cumvolitat.
1174 2670 1291 2731 Proinde
1303 2670 1366 2730 licet
1380 2684 1454 2730 tanta
1472 2670 1574 2730 itineris
1588 2670 1708 2733 interce·

167 2759 266 2836 μήκει,
286 2760 398 2831 πλησίον
412 2766 459 2833 τῆς
478 2761 616 2829 alietate<
626 2766 701 2841 ὑμῶν
716 2766 805 2841 ἐσμεν,
816 2765 863 2832 καί
878 2768 938 2826 καθ’
991 2759 1089 2844 pedine
1103 2760 1218 2843 separati
1239 2761 1346 2841 simus,
1365 2783 1382 2820 a
1399 2761 1498 2843 pietate
1519 2777 1606 2822 tamen
1621 2776 1711 2824 vestm

167 2852 284 2923 ἑκάστην
298 2849 379 2931 1’ὑμῖν
394 2853 570 2933 σογγινόμεθα
592 2852 640 2927 τὴν
664 2854 776 2936 ἡμέραν,
796 2858 939 2937 ὀφθαλμοῖς
991 2872 1044 2913 non
1059 2852 1206 2931 absumus,
1223 2853 1269 2914 sed
1281 2853 1403 2936 quotidie
1415 2854 1494 2915 vobis
1508 2862 1652 2937 presentes
1663 2877 1709 2915 su-

165 2953 222 3011 τοῖς
234 2943 335 3017 ἐκείνης
348 2943 488 3022 βλέποντες
498 2948 572 3020 ὑμῶν
585 2944 632 3019 τὴν
648 2946 767 3026 ἀνδρείαν
779 2952 826 3019 τῆς
837 2951 937 3029 ψυχῆς,
991 2942 1076 3005 mus:
1100 2946 1220 3006 caritatis
1239 2945 1310 3006 enim
1335 2946 1422 3007 onidis
1444 2946 1570 3007 videmus
1593 2960 1710 3009 vestrm

165 3034 198 3093 τδ
212 3035 317 3114 γνήσιον
331 3040 378 3108 τῆς
399 3036 551 3110 διαθέσεως,
565 3037 595 3096 τὸ
617 3035 735 3118 στερρδν,
748 3039 780 3100 τδ
794 3040 937 3122 οἷπερίτφε-
991 3035 1278 3113 illamlortitudinem,
1288 3039 1424 3098 sincerum
1434 3038 1709 3114 allectum,eonstan·

165 3148 243 3200 πτον,
255 3125 303 3199 τὴν
321 3127 422 3201 πολλὴν
443 3131 516 3207 ὑμῶν
528 3128 697 3211 παράκλησιν
711 3129 756 3189 καὶ
777 3132 873 3212 διαρκῆ
891 3133 937 3192 καί
954 3144 973 3192 Β
990 3128 1109 3208 tiamque
1122 3151 1175 3190 non
1189 3129 1371 3205 mutabilem,
1395 3130 1658 3210 consolationemque
1672 3122 1707 3189 il·

166 3217 288 3295 μόνιμον.
298 3217 377 3298 Ὀσῳ
392 3217 443 3298 γδρ
454 3217 488 3278 τά
500 3222 551 3278 τῶν
568 3219 693 3298 κυμάτων
708 3220 752 3279 ἐπί
761 3224 851 3282 πλεῖον
864 3222 936 3305 αίρε-
989 3219 1045 3280 lam
1059 3241 1197 3299 magnam,
1208 3235 1378 3303 perpetuam,
1388 3236 1469 3300 atque
1478 3221 1613 3299 stabilem,
1625 3244 1708 3303 quant

163 3331 228 3382 ται,
243 3308 288 3366 καί
300 3308 405 3375 πλείους
427 3307 521 3390 ύφαλοι
544 3311 589 3370 καί
605 3312 730 3379 σπιλάδες
747 3313 872 3393 φύονται,
891 3315 938 3375 καὶ
991 3311 1069 3373 nobis
1080 3311 1193 3374 asterus.
1210 3314 1321 3385 Quanto
1338 3312 1410 3372 enim
1427 3312 1524 3373 fluctus
1536 3314 1706 3374 extolluntur

164 3400 263 3460 πολλαί
273 3404 300 3459 αἱ
314 3401 479 3480 καταιγίδες,
491 3401 608 3484 τοσούτῳ
623 3403 669 3462 καί
683 3403 717 3464 rb
730 3409 778 3476 τῆς
791 3405 937 3484 ἀγρυπνίας
990 3401 1154 3479 sublimius,
1168 3414 1194 3462 et
1207 3402 1299 3484 plures
1312 3403 1396 3462 latent
1414 3404 1518 3485 seopuli
1526 3448 1536 3481 ,
1560 3405 1706 3465 vehemen-

165 3491 238 3559 αὔξει
252 3492 285 3551 τδ
298 3495 345 3563 τῆς
355 3492 498 3573 ὑμετέρας·
511 3493 557 3553 καί
568 3495 617 3576 οὐχ
631 3495 689 3553 δδοῦ
705 3498 790 3573 μῆκος
801 3501 937 3571 τοσοῦτον,
989 3492 1124 3572 tioresque
1134 3506 1197 3552 sunt
1207 3506 1391 3575 tempestates,
1404 3508 1478 3552 tanto
1492 3494 1579 3572 magis
1593 3493 1707 3574 vigilan·

164 3584 195 3642 οθ
215 3582 309 3662 χρόνου
328 3586 445 3658 πλῆθος,
463 3587 493 3644 ού
508 3584 633 3644 δυσκολία
652 3585 817 3666 πραγμάτων
830 3587 937 3656 ὑπτίους
990 3585 1026 3644 tia
1039 3598 1129 3646 vestra
1141 3597 1279 3664 augetur:
1295 3605 1382 3663 neque
1392 3606 1441 3644 uos
1453 3597 1526 3643 tante
1537 3582 1707 3667 viaeprolixi-

166 3673 288 3754 γενέσθαι
301 3681 368 3754 ὑμᾶς
386 3675 595 3756 παρεσκεύασεν·
609 3675 677 3737 οθλλδ
692 3676 782 3752 μένετε
806 3680 937 3760 μιμούμε-
990 3689 1032 3735 tas
1040 3721 1049 3752 ,
1063 3696 1149 3754 neque
1159 3689 1265 3735 tantum
1278 3675 1409 3757 temporis
1422 3675 1610 3752 intervallum,
1623 3698 1708 3759 neque

164 3791 205 3826 νοι
219 3766 278 3833 τοὺς
299 3767 419 3848 ἀρίστους
433 3771 484 3825 τῶν
505 3768 682 3847 κυύερνητῶν,
707 3768 732 3828 ol
745 3769 804 3828 τότε
820 3771 938 3850 μαλιστα
990 3790 1082 3828 rerum
1098 3766 1272 3827 difficultates
1292 3767 1427 3849 segniores
1447 3766 1641 3828 reddiderunt:
1660 3770 1708 3831 sed

164 3858 349 3938 διεγείρονται,
371 3857 434 3918 ὅταν
459 3859 538 3919 ἰ’διοσιΙ
559 3858 593 3918 τδι
614 3859 720 3937 κύματα
740 3861 936 3942 κορυφούμενα,
988 3872 1187 3943 perseveranter
1200 3858 1345 3919 imitamini
1359 3860 1477 3941 optimos
1490 3859 1705 3940 gubernatores,

163 3951 212 4022 τὴν
224 3950 354 4011 θάλατταν
365 3950 409 4011 ἐπὶ
419 3953 506 4028 μεῖζον
513 3951 670 4031 φερομένην,
681 3949 762 4010 πολύν
771 3957 822 4012 τῶν
833 3953 935 4014 ὑδάτων
988 3953 1037 4034 qui
1050 3968 1114 4013 tunc
1125 3951 1244 4011 maxime
1256 3950 1354 4032 vigiles
1365 3963 1437 4028 sunt,
1452 3974 1513 4013 cum
1526 3951 1640 4014 excitari
1653 3955 1707 4016 flu·

162 4045 209 4103 τδν
218 4043 348 4122 πάταγον,
357 4044 504 4123 βαθυτάτην
515 4043 636 4123 ἐνὴμέρφι
645 4045 736 4104 νύκτα.
747 4046 795 4105 dio
803 4045 849 4104 καί
858 4046 936 4128 χάρι-
952 4056 971 4105 C
989 4060 1059 4124 etus,
1073 4065 1145 4105 mare
1156 4043 1332 4103 intumescere
1341 4057 1367 4103 et
1377 4043 1495 4105 multum
1504 4067 1636 4127 aquarum
1648 4048 1706 4109 sra-

163 4158 212 4203 πας
227 4139 288 4213 ὑμῖν
305 4135 380 4212 ἴσμεν
394 4135 507 4207 πολλὰς,
522 4136 568 4194 καί
578 4140 756 4215 ἐπιθυμοῦμεν
770 4138 815 4197 καί
826 4139 937 4219 νιφάδος
989 4159 1095 4219 gorens,
1110 4133 1403 4218 profundissimamque
1415 4134 1533 4196 interdiu
1548 4153 1653 4199 noctem
1664 4140 1706 4203 in·

163 4232 226 4303 ὑμίν
242 4227 357 4306 αίμπειν
369 4226 546 4306 γραμμάτων,
570 4231 635 4304 ἡμῖν
658 4231 744 4295 αὐτοῖς
770 4228 804 4289 τδ
822 4229 936 4309 μέγιστα
988 4250 1084 4312 gruere
1097 4228 1200 4290 uident.
1212 4226 1364 4311 Eapropter
1377 4242 1404 4288 et
1419 4229 1519 4309 gratius
1534 4229 1611 4291 uobis
1624 4231 1707 4293 habe·

161 4318 342 4398 χαριζόμενοι.
355 4318 424 4378 Ἀλλ’
439 4317 529 4391 ἐπειδὴ
543 4323 622 4379 τοῦτο
632 4320 792 4399 ἀφῃρήμεθα
802 4320 876 4402 παρδ
888 4328 935 4396 τῆς
987 4343 1048 4383 mus
1061 4321 1169 4396 meritas,
1178 4333 1203 4379 et
1210 4317 1396 4379 desideramus
1406 4318 1516 4397 quidem
1529 4320 1567 4381 ad
1582 4342 1631 4382 vos
1642 4322 1707 4384 dare

162 4417 211 4470 τοῦ
219 4411 301 4470 τύπω
314 4411 424 4492 ἐρημίας
437 4434 443 4447 ·
458 4410 515 4470 οὐδὲ
529 4412 581 4490 γδρ
593 4412 672 4490 μόνον
684 4414 697 4442 *
708 4415 761 4471 τῶν
774 4415 860 4472 ἐκεῖσε
875 4418 934 4495 ἀφι·
987 4412 1093 4474 crebras
1107 4412 1220 4489 litteras,
1235 4410 1264 4471 id
1275 4410 1349 4492 quod
1361 4412 1439 4470 nobis
1450 4413 1571 4472 maximo
1585 4414 1653 4474 soret
1663 4437 1706 4476 so·

162 4501 324 4578 κνουμένων,
335 4505 392 4562 ἀλλ’
408 4502 466 4562 οὐδὲ
480 4508 531 4562 τῶν
547 4505 618 4582 ἐντῇ
633 4507 692 4563 καθ’
708 4507 779 4582 ἡμᾶς
794 4506 934 4588 οἰκουμένῃ
985 4505 1061 4565 latio.
1080 4507 1185 4567 Verum
1206 4501 1269 4582 qula
1292 4501 1370 4562 nobis
1388 4502 1440 4561 boe
1453 4502 1568 4584 denegat
1588 4505 1706 4569 solitudo

164 4592 361 4671 διατριύάντων,
383 4594 481 4654 δύναιτ’
508 4594 538 4654 άν
552 4619 592 4663 τις
617 4594 712 4674 ῥᾳδίως
725 4599 789 4674 ἡμῖν
814 4598 935 4677 συγγενά·
986 4598 1069 4678 bujus
1079 4595 1149 4673 loci,
1163 4614 1249 4674 neque
1261 4592 1339 4652 tacite
1350 4591 1385 4652 ad
1395 4614 1443 4653 nos
1452 4596 1594 4676 pervenire
1604 4597 1705 4676 velent,

164 4689 243 4753 σθαι,
260 4684 304 4743 διά
318 4709 347 4743 τε
359 4684 389 4743 τδ
403 4685 495 4766 πύῤῥω
513 4684 560 4745 καί
573 4685 638 4765 πρδς
650 4686 730 4754 αθτδς
749 4689 796 4755 τδις
809 4688 936 4768 ἐσχατιάς
986 4711 1040 4749 non
1055 4687 1136 4747 modo
1152 4685 1198 4765 qui
1213 4685 1284 4745 istuc
1295 4697 1411 4766 pergunt
1425 4729 1434 4760 ,
1446 4684 1498 4771 sed
1514 4707 1563 4747 nee
1580 4687 1661 4768 iiqui
1676 4689 1705 4750 in

163 4783 268 4836 κεῖσθαι
278 4776 309 4836 τδ
321 4777 420 4858 χωρίον
432 4780 459 4835 ἐν
472 4768 494 4858 ᾧ
509 4777 703 4858 καθείργμεθα,
713 4781 760 4840 καί
774 4780 818 4840 διδι
830 4783 874 4843 τὸν
887 4785 936 4862 λῃ·
986 4780 1076 4840 vicino
1087 4778 1231 4854 habitant,
1248 4789 1307 4834 tum
1322 4774 1396 4854 quod
1418 4776 1497 4857 longe
1510 4776 1610 4858 distet,
1625 4795 1706 4862 atque

164 4870 271 4949 στρικδν
285 4869 364 4950 φύύον
378 4880 467 4929 πᾶσαν
480 4870 680 4950 ἀποτειχίζοντα
702 4871 750 4945 τὴν
762 4872 834 4934 δδύν·
847 4897 936 4956 παρα·
987 4871 1115 4932 extremis
1128 4868 1229 4931 linibus
1239 4868 1315 4928 locus
1326 4868 1378 4928 iste
1386 4868 1454 4929 situs
1464 4870 1514 4946 sit,
1528 4870 1556 4930 in
1570 4893 1624 4951 quo
1636 4874 1704 4935 resi·

164 4964 296 5039 καλοῦμεν
311 4964 391 5020 ἐλεεῖν
409 4963 509 5038 μᾶλλον
530 4966 601 5039 ἡμᾶς
624 4965 672 5032 τῆς
692 4973 796 5045 μακρᾶς
810 4971 899 5044 σιγῆς,
917 4965 935 5038 ἢ
952 4980 971 5028 n
988 4964 1095 5041 demus,
1109 4975 1167 5021 tum
1177 4958 1250 5039 quod
1263 4959 1379 5020 latrones
1390 4959 1450 5021 rias
1460 4960 1520 5022 illas
1532 4961 1707 5044 undiqueob
1807 5003 1809 5008 ·

199 5136 209 5158 ι
227 5118 325 5169 Collata
337 5135 394 5169 cum
406 5117 519 5184 Febris,
533 5117 616 5170 Vatic.
630 5131 655 5170 et
664 5119 743 5187 Regio
755 5139 814 5173 uno.
954 5133 989 5178 οιν
1001 5129 1162 5196 spissum-u,
1174 5120 1221 5189 qui
1229 5121 1305 5170 istinc
1316 5124 1431 5173 veniam.
1444 5121 1518 5178 Certe
1529 5123 1599 5177 locus
1612 5126 1653 5180 tix
1664 5144 1712 5195 po-

200 5203 211 5238 b
230 5201 303 5260 llaec,
316 5205 368 5265 ὐμῖν
379 5206 526 5273 eos-sotertes
537 5211 587 5259 τήν,
599 5197 691 5250 desunt
701 5199 726 5250 in
737 5199 839 5252 Fabric.
953 5215 1002 5253 test
1013 5201 1063 5253 alio
1075 5197 1152 5252 modo
1164 5196 1296 5266 quadrare.
1417 5198 1422 5209 '

200 5280 211 5304 ⁸¹
232 5280 278 5328 tlte
290 5279 430 5344 suspicatur
448 5276 580 5344 legendum
590 5280 687 5329 Fronto
699 5279 803 5331 Ductus
815 5294 858 5333 stu
871 5289 927 5334 διεῖ-
