3810 6000
329 480 475 532 senecta
502 482 546 530 Ex
573 480 669 530 uotis
696 480 830 529 iiiiNiiiCi
857 479 981 529 sivtttt
1006 478 1049 531 ΕΤ
1073 480 1260 530 tuoumttts
1285 480 1405 529 ottoni.

115 604 254 654 militudine
264 616 345 654 sumto
367 615 520 673 argumento,
536 602 706 652 subindicavit
727 600 856 668 Theophi-

116 680 167 728 lum
178 679 303 729 Ecctestoe
320 697 374 728 suat
396 678 574 728 contumeliam
593 677 686 743 inferre
709 678 853 739 tentavisse,

114 764 141 802 ut
153 764 177 802 et
189 770 270 819 regem
281 752 433 820 AEgyptium
446 753 519 801 uxori
536 749 684 799 Abrahami
690 748 854 816 patriarchae,

113 827 322 895 quemadmodum
340 827 453 892 referunt
468 826 527 876 libri
548 824 717 875 Hebroeorum.
742 822 855 892 Cumque

110 901 241 967 populum,
252 906 290 951 uti
297 914 416 968 parerat,
429 901 459 950 ob
468 918 617 969 propensum
637 902 758 961 animum,
768 910 792 948 et
801 899 856 947 Im·

109 987 239 1041 peratores
250 977 280 1025 ob
292 977 487 1026 benevolentiam
498 993 558 1044 erga
569 994 596 1025 se
607 976 747 1037 laudasset,
758 977 785 1022 in
790 973 855 1022 mul-

113 1061 151 1099 tos
172 1051 312 1118 applausus
324 1069 356 1100 ac
367 1051 560 1117 ,benedictiones
575 1050 733 1116 Imperatoris
751 1046 855 1115 ejusque

113 1122 229 1193 conjugis
240 1126 345 1193 vrrlgrmr
365 1127 494 1197 excitarit,
509 1124 573 1174 adeo
586 1136 612 1173 ut
626 1121 789 1191 semiplenam
799 1140 856 1171 ora-

114 1200 205 1247 tionem
222 1200 367 1266 abrumpere
389 1210 521 1266 cogeretur.
541 1199 668 1248 Hactenus
689 1197 853 1249 Sozomenus.

113 1270 165 1323 Sed
186 1275 304 1339 insignis,
327 1286 355 1323 ut
371 1272 486 1335 videtur,
498 1283 536 1322 est
547 1281 724 1342 ἀναχμονιομος,
737 1281 763 1320 et
775 1270 855 1335 quiin

112 1345 323 1414 chrysostomum
333 1348 424 1398 cedere
441 1364 492 1398 non
502 1349 596 1413 potuit,
608 1349 655 1396 nisi
666 1362 753 1395 omnes
763 1344 856 1396 fatiunt

113 1419 233 1471 historin.
244 1424 308 1474 Nam
319 1439 348 1472 en
361 1421 424 1472 hicn
436 1419 854 1491 Chrysostomonarreriridentur,

112 1512 169 1560 que
181 1498 280 1546 nonnisi
298 1498 323 1547 in
332 1500 465 1563 posteriori
488 1497 574 1549 exsilio
590 1499 726 1562 contigere.
744 1494 807 1545 vide
828 1511 854 1559 p.

113 1573 173 1622 428.
186 1574 216 1621 B.
229 1575 258 1623 C.
270 1574 301 1623 D.
312 1575 374 1637 Qum
385 1573 451 1623 enim
468 1572 502 1623 ihi
513 1583 649 1624 narrantur
659 1571 692 1621 de
703 1568 813 1620 tumultu
821 1567 856 1618 ad

111 1642 269 1709 baptisteria,
291 1649 402 1698 unanimi
416 1647 578 1698 historiarum
596 1663 718 1697 consensu
739 1656 799 1694 ante
818 1661 856 1694 se-

112 1716 225 1768 cundum
235 1721 357 1783 exsilium,
366 1739 417 1773 non
428 1740 488 1773 vern
496 1725 614 1787 primum,
626 1720 694 1770 lactu
704 1718 854 1769 referuntur.

149 1794 162 1818 ¹
173 1795 273 1846 Eadem
280 1797 337 1861 sere
344 1795 470 1862 preelirtur
479 1798 577 1846 Fronto
590 1795 771 1858 Dueoeus‚quoe
783 1793 855 1840 Hen-

111 1872 180 1919 rr'eus
186 1868 334 1934 Savilius,et
347 1870 429 1917 locum
439 1870 573 1922 Sozomeni
579 1866 684 1935 perinde
699 1865 787 1931 affert.

230 2035 274 2084 tn
291 2033 459 2085 HotttLtttt
479 2033 524 2083 DE
541 2031 738 2084 casuum.

147 2190 231 2260 *Quoe
250 2193 281 2242 de
293 2191 369 2261 liujus
387 2191 499 2242 homilias
520 2191 590 2255 stylo
607 2192 677 2241 dixsit
693 2189 816 2250 Sarilius,
829 2189 854 2235 in

112 2266 215 2316 Monito
233 2278 315 2316 nostro
333 2265 469 2325 reurlsimts,
486 2284 544 2334 qnoe
562 2284 621 2315 vem
639 2265 788 2331 corrigenda
802 2280 855 2310 esse

111 2341 319 2408 suspicabaturr'n
331 2344 407 2404 notis,
417 2349 473 2403 jam
485 2341 609 2410 rrdfidem
621 2342 854 2406 Mandseriptorurn

110 2428 173 2466 sunt
194 2417 335 2466 emendata.
353 2416 475 2469 Similiter
494 2434 525 2465 ea
547 2434 606 2485 quoe
623 2417 655 2465 de
675 2414 724 2463 itae
741 2415 855 2463 oratione

108 2492 236 2558 praesatus
245 2504 281 2541 est
293 2493 388 2541 Fronto
400 2490 511 2540 Dueoeus
523 2494 550 2540 in
562 2493 628 2541 notis
637 2492 698 2551 suis,
719 2491 745 2536 in
753 2488 855 2536 Monito

112 2574 199 2615 nostm
211 2565 340 2615 retulimus
353 2585 361 2614 :
373 2564 476 2633 ey‘rtsque
494 2578 561 2615 notoe
581 2577 688 2614 veterem
707 2565 855 2629 interpreta-

111 2643 213 2703 tionem,
226 2657 312 2706 quam,
326 2641 486 2707 quodminus
505 2651 623 2689 accurate
644 2639 770 2687 adornata
782 2645 853 2698 esset,

111 2714 252 2781 rejecimus,
262 2733 317 2781 resp
324 2715 409 2774 ciunt,
420 2713 603 2763 emendandam
613 2724 658 2762 aut
676 2709 852 2762 sarciendam:

110 2789 218 2856 ideoque
236 2808 288 2839 non
310 2789 462 2856 possuntad
480 2800 590 2837 nostram
614 2787 852 2853 interpretationem,

110 2881 190 2930 quum
202 2882 294 2914 novam
304 2865 493 2927 adornavimus,
507 2863 637 2930 adaptari.

118 3015 858 3050 &a

212 3152 343 3208 NOTAE
359 3150 556 3211 HENRICI
569 3147 756 3202 SAVILII

162 3295 197 3344 ln
208 3292 316 3354 Librum,
331 3285 408 3363 Quod
419 3303 493 3338 nemo
504 3284 604 3337 inditur
615 3284 664 3336 uisi
680 3303 694 3336 a
709 3288 800 3352 seipso.

143 3433 204 3498 Peg.
216 3433 274 3482 444.
285 3430 357 3479 iisne
368 3427 509 3477 orationem
521 3434 580 3474 ante
591 3440 678 3474 omnes
695 3422 757 3474 alias
768 3423 854 3491 Chry-

109 3507 216 3557 sostomi
227 3504 383 3554 notissimam
395 3497 536 3558 occidenti,
549 3510 574 3548 et
590 3515 635 3564 per
646 3515 733 3549 omnes
756 3497 854 3548 lereiii-

109 3572 250 3625 biiothecas
261 3574 350 3623 Latine
361 3568 524 3635 descriptam,
534 3569 668 3622 ediderunt
677 3572 772 3633 Graece,
784 3569 854 3637 quod

108 3654 200 3710 edam,
222 3649 306 3715 primi,
327 3648 373 3698 riri
385 3645 456 3697 docti
467 3648 604 3698 Romae20t
621 3657 678 3711 post
694 3663 736 3696 eos
755 3647 854 3696 Fronto

110 3733 216 3780 bucerus
228 3721 387 3790 ingolstadii.
400 3722 452 3772 Nos
471 3720 567 3787 priores
580 3719 710 3771 Editiones
728 3719 853 3788 eliquam-

109 3796 197 3852 multis
204 3798 266 3849 iocis
276 3796 465 3849 emendarimus
474 3814 504 3848 ex
516 3798 562 3847 iis.
575 3797 704 3846 Burnrico.
718 3798 749 3846 in
761 3799 853 3847 Latina

110 3877 226 3928 versione
249 3871 419 3938 deprehendet
441 3872 521 3923 lector
542 3874 697 3924 r‘erissimum
715 3869 778 3923 iilud
790 3888 854 3936 esse,

109 3949 181 4019 quod
193 3949 323 4015 aliquoties
341 3946 443 3998 memini
456 3949 588 4012 monuisse,
607 3962 705 3996 summe
718 3944 743 3995 in
753 3957 853 3997 verten-

108 4025 146 4077 do
167 4023 282 4075 libertate
300 4039 357 4072 usos
368 4038 421 4072 esse
437 4021 555 4087 antiquos
576 4019 631 4071 iilos
649 4023 805 4086 interpretes,
827 4031 853 4070 ct

109 4116 177 4160 rent,
189 4116 241 4149 non
262 4097 337 4150 rerba
359 4108 491 4163 spectasse.
511 4097 590 4162 Hujus
601 4097 725 4145 orationis
737 4095 853 4145 meminit

109 4175 308 4244 chrysostomus
317 4170 422 4238 epistola
431 4173 461 4221 46
473 4168 507 4220 ιιιλ
515 4167 694 4238 Olympiadem
705 4169 775 4238 (γοα
785 4185 852 4219 nunc

108 4261 149 4301 est
160 4247 272 4318 quarta).

144 4327 175 4377 P.
188 4326 247 4377 450.
260 4326 292 4374 Ι).
312 4324 337 4373 8.
353 4329 457 4375 ιολιιίνων
468 4327 505 4373 καί
516 4324 609 4375 edens.
623 4321 679 4370 iioc
693 4330 731 4369 est
747 4316 852 4368 sortasse

107 4414 156 4457 τῶν
166 4409 278 4468 βιωτικῶν
289 4413 334 4451 τῶν
350 4407 406 4466 πρὸς
418 4406 489 4464 ψυχῆς
505 4402 635 4462 implieetur
650 4405 784 4463 ἀνηκοντων.
800 4392 852 4444 Sed

107 4475 161 4527 hoe
172 4485 210 4524 eat
220 4490 318 4523 sensum
328 4488 359 4521 ex
371 4487 415 4522 suo
428 4470 510 4522 verbis
521 4469 648 4538 affingere,
662 4487 713 4520 non
729 4486 760 4519 ex
769 4466 852 4535 verbis

67 4575 72 4583 ,
106 4565 210 4603 mnsam
221 4548 318 4598 elicere.
329 4547 363 4596 Et
373 4556 411 4596 est
421 4558 489 4596 certe
502 4557 578 4611 totus,
596 4549 622 4597 ni
634 4544 717 4607 iulior,
735 4545 804 4597 locus
818 4542 851 4593 ab

108 4644 130 4690 οί
141 4639 187 4702 μὲν
198 4640 355 4703 ίπιιικίοτιροι
366 4647 444 4697 usque
456 4628 489 4681 ad
501 4635 586 4700 ογόὂρα
597 4643 740 4697 corruptus.

113 4777 299 4800 ...υ-..μαι
318 4789 362 4795 ...-

368 4786 712 4795 ...—..-—..--—---——.-—-
742 4788 751 4791 ..
764 4786 850 4792 -—-

177 4915 307 4971 NOTAE
331 4913 600 4970 FRONTONIS
620 4915 776 4969 DUCAEI

177 5039 215 5090 ad
222 5039 319 5107 librum,
333 5037 411 5110 Quod
419 5057 493 5092 nemo
503 5038 602 5092 inditur
611 5040 681 5093 nisio
693 5042 783 5109 seipso.

144 5169 205 5236 eng.
228 5173 285 5220 444.
310 5169 383 5220 Hanc
404 5168 559 5221 elaboratam
571 5187 623 5223 ase
641 5170 667 5224 in
685 5171 852 5224 exsilioiucu·

108 5243 253 5298 bretionem
276 5241 345 5295 misit
364 5242 398 5296 ed
408 5244 587 5314 Olympiadem
599 5246 719 5302 ieminam
730 5249 852 5305 illustrem

1561 461 1648 529 1013

907 604 1117 673 chrysostomus,
1131 616 1159 656 ut
1175 615 1276 657 constat
1294 621 1325 654 ex
1340 602 1445 670 epistola
1457 607 1472 652 4
1485 622 1490 652 :
1504 612 1596 673 ἔπεμψά
1615 629 1648 661 σοι

906 674 967 750 <irrep
976 688 1065 752 ἔγραψα
1076 691 1163 748 πρῴην,
1175 686 1211 733 ὅτι
1221 687 1260 732 τὸν
1270 684 1350 732 tauris
1361 683 1479 732 ἀδικοῦντα
1490 684 1560 739 ολδιλς
1570 687 1647 749 4τιμος

905 760 1055 823 expatiatur
1067 758 1190 814 inmersus.
1199 752 1247 802 iiic
1258 769 1330 802 verus
1341 763 1379 819 est
1389 750 1486 814 titulus,
1499 752 1549 803 hoo
1560 771 1647 805 verum

905 839 1081 890 argumentum
1090 839 1129 877 est
1141 825 1213 893 hujus
1225 825 1283 876 libri
1293 846 1298 874 :
1310 824 1353 876 sed
1365 828 1391 876 in
1403 843 1454 876 uno
1464 826 1543 894 Regio
1553 828 1648 879 Codice

906 902 1008 952 iienrici
1020 903 1056 952 tv
1068 900 1196 966 Medicaeo,
1210 918 1284 968 quem
1297 899 1345 950 hac
1364 898 1448 951 littera
1461 903 1494 955 ii.
1507 898 1649 969 designabi-

906 990 977 1039 mus,
996 971 1186 1040 appellabatur,
1197 973 1312 1033 tintsrsii
1329 987 1441 1043 γμιριῖοιι
1459 983 1505 1029 aiut
1523 984 1650 1030 isvxeueei

905 1055 1065 1112 restrium,
1076 1054 1139 1107 ὄντος
1154 1054 1223 1100 αὑτοῦ
1233 1056 1256 1099 ίν
1267 1054 1356 1118 impin,
1369 1056 1405 1101 ist
1417 1057 1455 1102 τὸν
1466 1054 1546 1103 inuris
1556 1059 1590 1116 μὴ
1601 1055 1650 1105 dit·

906 1130 988 1175 νοῡντα
997 1129 1059 1175 otiis
1071 1128 1221 1192 παραὸλοίψαι
1233 1125 1358 1184 tumtun,
1371 1130 1409 1175 καὶ
1420 1131 1450 1181 tle
1461 1129 1512 1182 τοὺς
1523 1137 1584 1194 speie
1593 1139 1649 1179 παί-

906 1200 946 1255 ias
958 1215 963 1243 :
973 1197 1092 1263 Epistola
1102 1196 1197 1262 scripta
1207 1193 1305 1245 Cucuso
1317 1194 1418 1245 Cr'licioe
1424 1196 1518 1263 oppido
1526 1216 1582 1248 cum
1588 1211 1652 1249 esset

905 1269 933 1318 in
946 1272 1091 1323 exsilioetc.
1103 1268 1205 1321 Rectius
1212 1271 1238 1319 in
1248 1268 1271 1318 el
1277 1272 1508 1338 terohinnuscripto
1520 1275 1650 1325 Francisci

905 1342 1010 1395 Olirerii
1027 1344 1139 1406 dicitur,
1153 1356 1237 1410 Λόγος,
1255 1352 1348 1398 iustu
1366 1350 1453 1398 λαντον
1470 1356 1504 1412 μὴ
1517 1353 1651 1403 ἀδικούντων

906 1423 974 1479 misit
984 1426 1133 1488 napzileilrar
1145 1423 1274 1482 δυνήοιτιιι,
1285 1427 1323 1471 καὶ
1335 1428 1365 1478 eie
1375 1424 1426 1478 τοὺς
1436 1427 1512 1483 ἁγίους
1522 1435 1582 1491 spele
1593 1437 1649 1478 nai-

906 1498 945 1554 δας
957 1513 963 1524 ·
977 1502 1085 1561 πιμγθιλς
1096 1503 1120 1546 ln
1132 1505 1171 1554 τῆς
1187 1500 1273 1562 ἆζομίας
1289 1502 1334 1547 ἀπὸ
1347 1504 1470 1548 Κουιονσοῦ
1481 1504 1537 1564 πρὸς
1547 1507 1589 1556 τὴν
1598 1522 1649 1564 μοι·

906 1576 988 1634 καιρίαν
1002 1567 1140 1634 ὀλυμπιάδα
1159 1573 1269 1636 καὶπρὸς
1286 1576 1372 1626 πάντας
1387 1572 1438 1627 τοὺς
1458 1575 1546 1630 nissam
1560 1571 1654 1623 :Liber

906 1643 998 1691 missus
1020 1642 1157 1692 abexsilio
1170 1641 1269 1692 Cucuso
1291 1640 1328 1690 ad
1348 1639 1447 1691 beatam
1467 1640 1651 1712 Olympiadem

906 1729 930 1766 et
948 1718 985 1766 ad
995 1715 1188 1784 ormusfldeles.
1208 1717 1283 1767 Certe
1294 1716 1420 1766 Cucusum
1443 1714 1565 1770 Arnienite
1576 1720 1651 1771 fuisse

906 1788 1028 1852 oppidum
1036 1790 1195 1836 contendunt
1205 1787 1383 1839 Theodoretus
1399 1789 1475 1840 etalii
1485 1795 1587 1858 passim,
1599 1811 1650 1846 non

906 1861 1008 1912 Cilicius.
1032 1860 1186 1928 videturque
1209 1863 1293 1926 potius
1319 1859 1498 1925 appeliandum
1520 1865 1651 1934 hocopus

907 1933 971 1985 liber
982 1938 1008 1985 in
1027 1936 1109 1986 iorrna
1125 1935 1235 2000 epistolte
1255 1936 1384 1998 scriptus:
1399 1936 1590 2001 cujusmodicst
1609 1941 1651 1992 ille
1679 1947 1686 1959 '

906 2011 976 2076 cujus
993 2011 1108 2059 meminit
1120 2011 1171 2060 Leo
1188 2011 1330 2073 imperator
1344 2010 1370 2058 in
1388 2009 1447 2058 Vite
1463 2009 1650 2080 chrysostomi,

906 2102 963 2135 cum
976 2086 1012 2134 nit
1030 2101 1087 2134 eum
1099 2081 1190 2134 Cui-usi
1214 2082 1341 2147 scripsisse
1359 2085 1500 2135 orationem
1518 2085 1555 2136 vel
1568 2090 1652 2152 potius

906 2157 999 2209 librum
1012 2175 1055 2224 per
1075 2155 1219 2223 epistolam,
1231 2154 1377 2205 auditorum
1388 2159 1485 2207 animas
1497 2161 1650 2212 nutrientem

906 2232 1067 2298 mirabiliter,
1079 2232 1149 2297 cujus
1161 2232 1260 2281 initium
1272 2242 1324 2294 est,
1337 2230 1424 2299 λαιμῶν
1434 2238 1478 2297 μὲν
1489 2240 1577 2297 παῖδος,
1594 2236 1650 2287 Μο-

905 2309 960 2358 dici
967 2307 1077 2375 quidem.
1091 2304 1154 2356 hiale
1167 2307 1242 2372 igitur
1254 2308 1280 2356 in
1297 2304 1415 2356 omnibus
1430 2304 1652 2361 Editionibuseliis

907 2380 1206 2435 homiiiudioebaturhoc
1216 2379 1291 2431 titulo
1304 2399 1309 2428 :
1325 2378 1480 2451 Quodnemo
1492 2383 1653 2437 laditurnr'si

905 2477 922 2508 n
940 2458 1032 2524 seipso,
1045 2474 1076 2507 ex
1096 2457 1173 2507 reteri
1190 2457 1397 2520 interpretatione
1416 2456 1506 2506 incerti
1528 2458 1648 2524 auctoris,

906 2535 975 2599 cujus
995 2531 1052 2583 loco
1065 2530 1130 2581 hanc
1143 2529 1224 2581 multo
1247 2529 1384 2582 iideiiorem
1410 2543 1436 2582 et
1458 2531 1649 2585 concinniorem

905 2605 995 2658 demus
1004 2608 1129 2657 sociorum
1142 2616 1285 2655 nostrorum
1292 2620 1367 2670 opere
1377 2604 1528 2673 ingolstadii
1539 2610 1648 2673 primurn

906 2679 1000 2732 editam
1013 2697 1080 2730 enno
1094 2681 1167 2730 ¹595.

939 2764 966 2815 P.
980 2766 1040 2815 445.
1054 2764 1083 2814 C.
1099 2766 1122 2816 8.
1137 2771 1175 2816 τὸν
1185 2767 1209 2814 ii
1221 2766 1313 2832 θρασὺν.
1328 2764 1359 2813 In
1368 2763 1477 2831 vulgatis
1491 2764 1650 2818 Editionibus
1674 2756 1677 2762 ¹

905 2836 1033 2904 legebatur
1043 2847 1083 2890 τὸν
1094 2842 1117 2889 bi
1127 2841 1210 2905 θρασὺν
1220 2844 1258 2889 καὶ
1268 2843 1362 2906 φοθιρὸν
1373 2851 1419 2897 τοῖς
1430 2845 1529 2904 πολλοῖς,
1537 2852 1586 2892 etc.
1598 2840 1649 2892 Sed

905 2911 995 2962 ordine
1005 2908 1140 2961 verborum
1148 2912 1283 2961 immutato
1292 2909 1377 2962 locum
1385 2930 1415 2962 ex
1423 2916 1456 2967 tt.
1466 2927 1491 2964 et
1501 2917 1533 2966 0.
1545 2932 1651 2968 consen·

906 2987 1090 3052 tientequoque
1098 2987 1173 3035 reteri
1186 2986 1328 3050 interprete
1340 2989 1504 3050 restituimus,
1512 2991 1582 3055 eujus
1593 2989 1648 3042 hsec

905 3060 982 3112 verbu
999 3072 1072 3110 sunt:
1088 3060 1234 3111 Protervum
1244 3078 1303 3109 vero
1319 3071 1345 3110 et
1362 3063 1499 3122 improbum
1511 3075 1535 3113 et
1543 3067 1649 3133 pessimi

902 3135 1026 3202 propositi
1042 3136 1133 3198 virum,
1144 3137 1235 3202 augeri
1241 3134 1345 3197 divitiis,
1354 3140 1470 3203 potentia
1481 3149 1506 3187 et
1516 3136 1652 3190 honoribus

904 3211 1046 3272 canutam
1060 3209 1129 3277 quod
1148 3226 1207 3259 vero
1223 3208 1351 3275 sequitur,
1364 3220 1446 3276 ἀτιμον
1463 3222 1492 3263 et
1507 3220 1534 3275 ίξ
1552 3222 1650 3280 ἀτίμων,

905 3301 956 3335 non
975 3296 1003 3334 ut
1014 3285 1143 3349 interpres
1154 3279 1279 3345 ediderat,
1299 3281 1428 3349 irffanrem,
1447 3285 1542 3352 infami
1552 3299 1651 3354 quoestu

904 3357 1075 3419 ditescenterrt,
1088 3357 1132 3409 sed
1144 3375 1174 3408 ex
1187 3355 1321 3408 infamibus
1338 3370 1424 3407 ortum
1437 3358 1608 3426 intelligimus,
1623 3374 1651 3411 ut

905 3431 970 3482 inira
982 3436 1007 3483 in
1019 3431 1168 3499 epistolii:
1181 3440 1268 3496 ἄσημος
1279 3438 1316 3484 καί
1333 3439 1360 3493 if
1373 3441 1467 3498 ἀσήμων
1481 3446 1611 3500 γινόμενος,
1624 3446 1650 3486 ct

904 3505 1010 3570 epistola
1018 3510 1033 3557 3
1042 3525 1048 3554 t
1057 3516 1078 3560 oi
1088 3512 1111 3558 ii
1118 3515 1203 3571 οἶοημοι
1210 3513 1248 3558 καί
1257 3505 1283 3567 li
1289 3513 1392 3571 ἀσήμων,
1404 3514 1441 3558 καί
1450 3511 1520 3561 editui
1529 3521 1649 3580 γνώριμοι,

907 3581 1017 3634 Obscuri
1027 3594 1104 3649 atque
1112 3581 1215 3632 obscuro
1222 3597 1311 3646 genere
1317 3581 1376 3630 nati
1381 3581 1546 3648 omnibusque
1558 3583 1649 3651 ignoti,

904 3667 930 3706 et
943 3655 975 3707 de
987 3656 1136 3708 Sacerdotiu
1153 3653 1197 3705 tib.
1217 3658 1226 3705 4
1241 3672 1247 3702 τ
1262 3662 1289 3716 li
1299 3661 1394 3708 ιῦιιλῶν
1406 3663 1443 3709 καὶ
1461 3664 1550 3721 ἀτίμων
1563 3665 1650 3725 ἔντιμοι

905 3743 1027 3798 γεγονότος.
1224 3774 1228 3781 .

940 3818 968 3866 P.
982 3817 1040 3864 416.
1053 3815 1084 3866 E.
1098 3814 1122 3865 8.
1136 3813 1169 3862 H.
1183 3813 1214 3862 0.
1228 3818 1370 3884 ssrppesnra
1382 3820 1477 3883 stirpare.

937 3889 965 3939 P.
980 3891 1037 3938 452.
1049 3889 1078 3936 A.
1092 3889 1132 3936 44.
1146 3891 1208 3938 ἀλλὰ
1218 3899 1259 3946 τῆς
1274 3896 1316 3946 τὴν
1327 3891 1432 3945 τοιαύτην
1443 3892 1537 3952 ἀλογίαν
1547 3892 1650 3949 merisne

903 3969 1009 4024 διανοίας.
1024 3966 1055 4013 In
1066 3960 1159 4014 Latino
1171 3972 1241 4010 textu
1257 3958 1437 4012 scribendum:
1451 3962 1497 4010 sed
1514 3961 1551 4011 ad
1564 3979 1648 4030 apo-

901 4050 995 4089 tantem
1007 4039 1053 4087 itta
1064 4038 1220 4086 immunitate
1231 4036 1353 4087 animum,
1366 4035 1481 4100 *Aptius
1494 4038 1598 4086 verteris
1606 4036 1641 4087 ad

903 4114 1012 4176 literam,
1025 4112 1078 4167 Sed
1084 4111 1286 4178 adoegrutantem
1298 4108 1347 4160 illa
1358 4109 1583 4160 irrationabilitate
1591 4111 1649 4162 ani·

903 4207 979 4242 mum.

936 4273 965 4322 P.
980 4271 1037 4320 463.
1050 4268 1081 4318 E.
1102 4268 1127 4317 5.
1147 4273 1290 4336 irrupistis.
1304 4264 1366 4314 iiirc
1376 4262 1533 4314 deformatus
1550 4275 1588 4314 est
1606 4264 1648 4317 hic

902 4345 974 4398 locus
983 4343 1017 4395 ob
1029 4343 1118 4393 vitium
1130 4335 1339 4391 Graeci'Codicis:
1352 4339 1444 4388 Latina
1456 4337 1545 4388 Editio
1560 4337 1647 4404 penul·

902 4424 965 4474 time
974 4418 1010 4470 sic
1018 4414 1106 4467 hahuit
1113 4413 1181 4480 apud
1191 4425 1300 4464 veterem
1308 4414 1476 4477 interpretem
1487 4429 1492 4459 :
1504 4411 1536 4463 V
1534 4415 1615 4463 inetur
1625 4424 1650 4462 et

903 4507 994 4548 exutus
1002 4494 1038 4544 ad
1043 4503 1145 4542 mortem
1156 4490 1248 4538 ductus
1259 4505 1294 4539 es.
1307 4487 1365 4549 Quo
1378 4498 1454 4552 pecto
1461 4485 1578 4537 Gelenius
1590 4485 1646 4537 edi·

904 4574 942 4624 dit
958 4587 1026 4621 anno
1039 4569 1113 4628 4547,
1124 4581 1181 4615 cum
1193 4573 1252 4612 ante
1265 4563 1292 4611 in
1304 4563 1434 4612 Perisieusi
1452 4560 1571 4611 Editione
1587 4558 1648 4611 anni

905 4652 967 4700 tttt
980 4649 1089 4711 sciptum
1098 4652 1173 4704 esset,
1185 4638 1297 4689 Vinctus
1315 4648 1338 4686 et
1336 4638 1431 4702 jactus
1442 4635 1479 4685 ad
1487 4647 1588 4685 mortem
1599 4636 1646 4685 du-

903 4737 956 4779 etus
969 4743 978 4773 .·
995 4732 1023 4772 et
1034 4722 1060 4770 in
1071 4719 1120 4769 his.
1138 4732 1165 4766 rr.
1178 4712 1211 4765 cl.
1225 4710 1324 4763 Nicoiai
1334 4709 1411 4761 Fabri
1423 4722 1477 4760 erat
1491 4727 1497 4758 ι
1509 4710 1611 4760 vinetus
1621 4726 1648 4760 es

903 4813 929 4851 et
936 4808 1036 4850 secutus
1046 4809 1073 4842 es
1077 4810 1088 4856 ,·
1098 4806 1145 4855 pro
1152 4797 1233 4837 sectus
1240 4803 1275 4835 es.
1288 4786 1378 4835 Verum
1390 4782 1647 4835 enimlectionemex-
1681 4828 1685 4833 .

903 4871 974 4924 hibet
983 4867 1089 4923 Olirarii
1101 4861 1187 4915 Codex
1198 4867 1342 4931 ίνιιιμίοθης,
1353 4876 1405 4909 non
1418 4869 1446 4908 ut
1461 4857 1559 4923 vulgate
1571 4869 1597 4908 et
1609 4860 1645 4911 ii.

903 4955 1054 5018 ammom,
1067 4940 1134 4992 unde
1153 4940 1179 4987 in
1192 4935 1342 5002 quibusdam
1361 4936 1438 4984 etiam
1458 4934 1517 4983 hies.
1529 4932 1647 4983 Exustus

904 5042 946 5074 es:
960 5020 1051 5073 aiiudit
1061 5017 1153 5084 quippe
1171 5010 1205 5061 ed
1220 5008 1282 5060 iilud
1298 5007 1460 5059 iiebrnrorum
1474 5010 1499 5057 ii
1513 5045 1520 5070 ,
1534 5009 1565 5059 st
1580 5025 1586 5055 ι
1600 5013 1648 5062 ίλι·

905 5106 1026 5159 mmm,
1036 5097 1205 5163 impiusque,
1218 5084 1345 5152 lapidati
1354 5095 1424 5145 sunt,
1435 5083 1499 5134 sceti
1508 5092 1585 5147 surrt,·
1595 5083 1648 5133 Da·

904 5173 975 5226 nielis
986 5174 1011 5234 3,
1023 5173 1063 5235 48,
1074 5169 1114 5229 59,
1125 5174 1167 5226 τὴν
1175 5169 1291 5234 ῥομφαίαν
1302 5165 1361 5227 lpus
1368 5165 1447 5231 πρίοαί
1455 5181 1480 5212 οι
1488 5167 1567 5226 ptest,
1579 5155 1648 5208 Gla·

904 5250 974 5301 etium
982 5245 1079 5296 tabens
1090 5251 1117 5292 οι
1125 5249 1192 5292 secet
1203 5247 1228 5288 te
1237 5234 1357 5286 nedtwn.
