3810 6000
372 492 449 563 ‚970
516 554 520 571 Ι
1074 491 1207 540 snuuii.

377 639 472 677 meum
486 621 620 701 loquetur
630 622 855 702 sapientiam&
866 617 1018 676 meditatio
1028 635 1092 674 σοι»
1145 616 1195 689 λὴν
1218 615 1319 695 ἀγαθὴν
1348 614 1394 675 καὶ
1422 614 1597 692 θαυμαστήν.
1629 613 1737 674 'Etiam
1761 616 1776 674 θ
1796 618 1900 677 iniiam

376 700 422 758 ciis
436 704 492 757 mei
505 701 741 780 intelligentiam.
757 699 834 758 Alius
848 717 901 756 non
921 695 1025 775 accepit
1043 693 1094 754 do·
1146 694 1255 775 γνώμην
1275 701 1323 755 οὐκ
1347 686 1402 755 οἶδε
1416 697 1524 754 δοῦναι·
1546 697 1578 754 ὠ
1597 695 1653 794 γάρ
1675 694 1788 754 ἔλαθεν·
1807 701 1834 756 oi
1845 704 1901 756 πάντ

377 777 469 836 ctrinae
483 779 608 857 gratiam,
624 779 670 838 sed
681 779 783 861 accepit
794 777 908 853 dunum,
924 788 954 833 ut
967 773 1012 834 det
1024 795 1092 834 con-
1146 775 1197 854 γάρ
1211 775 1343 853 λαμόάνει
1356 800 1410 849 τις,
1426 773 1471 833 ἵνα
1492 774 1529 851 μή
1554 798 1598 840 τις
1615 797 1696 855 ρυσιν
1716 765 1783 832 εἶναι
1797 775 1839 847 τήν
1853 781 1902 857 χάει

378 857 481 928 silium,
493 859 691 937 consiliumque
697 860 801 919 bouum
815 871 841 916 et
855 854 1023 915 admirabile.
1035 853 1094 912 Ali·
1145 855 1251 934 νομίσῃ.
1264 855 1404 934 nuptilia
1417 878 1457 920 τις
1468 854 1649 923 διδασκαλίας
1671 853 1770 932 χάριν·
1784 858 1825 914 καὶ
1839 848 1900 932 imit

378 936 488 1014 quando
500 937 549 1016 qui
569 938 660 1016 docet,
671 939 814 998 eonsilium
834 935 899 994 dare
915 933 1015 1003 nescit,
1030 933 1094 1010 quia
1146 933 1304 1013 ἐπαίρηται,
1318 938 1345 994 ἐν
1364 934 1532 1013 πραγμάτων
1549 936 1638 1012 βουλῇ
1654 935 1809 1014 εὑρίσκεται
1819 938 1899 994 ἀτωῶι

376 1026 433 1075 uon‘
450 1017 571 1097 recepit:
592 1039 647 1077 non
665 1019 738 1077 enim
760 1014 850 1076 omnia
863 1015 923 1093 quis
940 1013 1049 1094 accipit,
1065 1026 1095 1072 ut
1147 1013 1193 1072 καὶ
1219 1015 1297 1080 ἄλλος
1321 1015 1454 1074 διδάσκειν
1485 1015 1523 1090 μὴ
1558 1015 1738 1092 δυνάμενος,
1764 1015 1904 1093 sepimine

378 1115 413 1153 ne
425 1095 526 1154 donum
540 1111 664 1156 naturam
680 1118 737 1157 esse
749 1109 833 1176 putot.
848 1093 957 1174 Accepit
966 1094 1028 1171 quis
1040 1091 1094 1151 do-
1110 1105 1129 1152 Β
1147 1095 1245 1159 καλῶς·
1265 1092 1311 1153 καὶ
1330 1093 1479 1174 εὑρίσκεται
1494 1098 1508 1152 ὁ
1528 1092 1663 1161 δανείζων
1688 1093 1796 1166 ἑώλοις,
1817 1117 1901 1172 «ωαχ

379 1174 471 1232 ctrina
482 1175 606 1254 gratiam,
621 1191 647 1236 ct
659 1191 690 1235 ut
704 1197 737 1234 ne
749 1174 894 1255 superbiat,
905 1173 938 1231 ad
952 1172 1095 1231 consilium
1147 1173 1336 1247 δανειζόμενος.
1366 1172 1450 1233 Πόθεν
1480 1179 1578 1244 τῶτος
1603 1175 1663 1231 Νῦν
1692 1172 1822 1240 ἀπόδειξιν
1845 1198 1903 1251 πυρα

380 1254 408 1311 iu
422 1254 503 1313 rebus
516 1256 640 1333 gerendis
654 1255 777 1315 dandum
794 1254 900 1333 ineptus
911 1250 1094 1332 deprehendi·
1147 1251 1254 1326 στήσω,
1276 1251 1316 1313 ότι
1334 1258 1348 1312 δ
1365 1251 1455 1312 λαθών
1478 1251 1562 1333 χάριν
1587 1253 1786 1324 διδασκαλίας,
1805 1254 1904 1312 ἐπιδὲετα

380 1345 443 1391 tur:
454 1347 481 1392 et
493 1334 563 1393 alius
575 1356 628 1395 nou
642 1336 736 1396 valens
749 1333 864 1409 dooere,
879 1333 947 1391 bene
960 1331 1075 1389 consulit
1082 1353 1093 1408 ς
1147 1331 1254 1411 γνώμης
1272 1331 1370 1413 ἑτέρου.
1390 1335 1506 1403 illustri<
1524 1330 1613 1390 ἔλαθε
1632 1333 1754 1408 Πνεῦμα
1773 1332 1866 1411 πυρίας,
1877 1357 1898 1388 ν

381 1411 516 1490 etiamque
529 1413 666 1473 iuvenitur
680 1414 726 1493 qui
741 1428 868 1472 mutuum
880 1431 952 1471 nuuc
962 1410 1024 1469 aliis
1039 1408 1094 1484 dat,
1149 1410 1287 1488 μοθεσίας,
1299 1411 1482 1478 διδασκαλίας·
1496 1410 1653 1508 ἐπέτρεψεν
1664 1414 1756 1470 ἐαυτῶ
1765 1412 1866 1480 δικάζειν
1874 1423 1903 1470 τί

381 1511 454 1549 nuno
467 1493 502 1550 ab
512 1493 574 1551 aliis·
590 1494 695 1574 recipit.
711 1491 792 1553 Unde
804 1491 876 1551 boc?
888 1493 966 1551 Nunc
979 1489 1095 1549 demon-
1148 1511 1196 1549 σαν
1208 1490 1320 1573 ἡμέραν.
1331 1490 1492 1571 Ἐπέρχεται
1501 1493 1604 1571 Ἰωθορ
1616 1472 1772 1570 δπενθερδς
1781 1496 1851 1550 αὐτῶ
1862 1514 1903 1567 sup

381 1570 524 1630 strandum
545 1573 699 1653 suscipiam,
710 1594 773 1631 eum
788 1571 835 1650 qui
858 1569 957 1651 accipit
981 1569 1097 1649 gratiam
1149 1568 1281 1629 όουλεόων
1302 1573 1387 1651 αὐτῷ,
1409 1570 1455 1629 καὶ
1473 1568 1568 1649 λόγοι·
1591 1572 1636 1630 ot
1652 1569 1724 1652 δόνη
1746 1571 1849 1652 ἀρκέσει
1863 1593 1881 1606 -
1902 1606 1905 1609 -

382 1648 525 1723 doctriua,
540 1651 662 1731 indigere
679 1652 791 1711 alterius
803 1650 924 1710 oonsilio.
944 1651 1032 1708 moses
1049 1670 1096 1707 ac·
1148 1649 1351 1710 metroviam
1371 1649 1447 1728 μόνος
1461 1648 1508 1723 αθ,
1525 1648 1605 1708 ὥστε
1620 1649 1760 1718 δικάζειν·
1777 1651 1840 1711 ἀλλά

382 1743 490 1809 ceperat
502 1731 634 1810 Spiritum
645 1731 798 1812 sapientiae,
813 1728 989 1808 legislationis
1004 1742 1031 1787 et
1048 1726 1097 1786 do·
1149 1730 1358 1812 καταρθαρήαη,
1381 1728 1426 1789 ε’διν
1449 1735 1532 1787 τοῦτο
1558 1728 1696 1809 ποιήσῃς.
1722 1728 1801 1789 Ἀλλὰ
1821 1730 1857 1801 τί,
1872 1731 1904 1790 ia

383 1808 475 1866 ctriuae
489 1831 496 1864 ι
512 1809 541 1867 in
555 1831 583 1868 se
592 1823 744 1890 susceperat
757 1821 788 1867 ut
799 1822 856 1867 toto
869 1807 971 1886 diejus
984 1807 1095 1866 diceret.
1150 1808 1291 1882 τάστησον,
1318 1808 1397 1888 φησὶ,
1421 1808 1589 1889 δεκόρχως,
1606 1808 1658 1867 καὶ
1686 1811 1875 1887 πεντηκοντάρχ

297 1951 301 1960 ,
384 1887 600 1951 Acceditiothor
611 1910 686 1947 socer
696 1889 767 1968 ejus,
783 1901 810 1946 et
825 1886 940 1947 consulit
953 1886 991 1957 ei,
1006 1908 1038 1946 ac
1050 1887 1097 1945 di·
1150 1886 1196 1946 καὶ
1218 1890 1425 1968 ἑκατοντάρχους
1439 1889 1486 1948 καὶ
1506 1888 1697 1968 χιλιάρχους,
1719 1887 1764 1946 ἵνα
1786 1888 1835 1947 *a
1851 1892 1902 1966 ὑπερ

233 1980 311 2022 tirou.
327 1978 361 2026 ι8.
383 1965 1099 2048 citzNoupotessufficeremutopopulosolustu,utei
1150 1965 1274 2027 δαίνυντα
1296 1967 1339 2028 τόν
1363 1967 1492 2048 δέκαρχοι
1522 1969 1665 2047 ἀνενέγκῃ
1697 1968 1744 2028 ἐπὶ
1769 1970 1812 2029 τὀν
1836 1990 1900 2035 πτντη

235 2043 269 2086 ⁸⁸·
283 2058 331 2103 ιιι·
380 2046 427 2126 jus
449 2045 539 2105 dicas:
565 2045 613 2107 sod
633 2047 657 2106 si
678 2047 730 2106 hoe
753 2045 856 2120 feceris,
877 2060 964 2105 totum
981 2048 1099 2127 teipsum
1150 2045 1310 2126 κόνταρχον·
1324 2047 1359 2107 τά
1379 2045 1407 2105 δὲ
1426 2045 1633 2146 θπερόαίνοντα
1647 2049 1698 2108 τδν
1714 2047 1903 2125 πεντηαόπαρχι

383 2125 489 2207 perdes.
504 2128 537 2184 At
552 2125 641 2205 quid?
655 2126 806 2201 Constitue,
824 2125 921 2204 inquit,
936 2125 1059 2202 decanos,
1072 2138 1100 2186 et
1147 2125 1277 2206 άνενίγκῃ
1292 2126 1336 2185 ἐπὶ
1351 2124 1395 2186 τδν
1407 2130 1621 2207 ἑκατόνταρχον,
1633 2127 1686 2187 καὶ
1700 2126 1737 2187 τὰ
1752 2127 1901 2207 {suspirium

380 2204 637 2283 quinquagenarios,
651 2220 677 2265 et
687 2205 864 2280 centuriones,
878 2220 905 2265 et
917 2205 1052 2281 tribunos,
1069 2219 1098 2264 ut
1113 2211 1132 2259 c
1150 2206 1194 2266 τὸν
1216 2206 1407 2287 ἑκατόνταρχον
1429 2196 1637 2286 ἀνενέγκη’ἔπὶ
1657 2206 1707 2267 τὸν
1724 2207 1862 2288 χιλίαρχον,
1903 2242 1905 2256 ‹

381 2305 413 2342 ea
424 2305 485 2363 quae
498 2284 631 2347 excedunt
642 2285 788 2361 decanum,
803 2286 901 2345 micam
916 2284 952 2344 ad
964 2284 1098 2363 quinqua-
1149 2284 1438 2366 τθθπερίαίνοντατθν
1452 2284 1602 2385 χιλίαρχον
1621 2286 1760 2389 άντνὲγιιη
1777 2311 1830 2356 σαι,
1841 2285 1901 2344 ui:

382 2364 543 2441 penarium:
559 2380 586 2424 et
599 2386 658 2444 quae
674 2364 1096 2444 excedunt'quinquagenarium‚
1150 2365 1343 2448 θπερόαίνοντά
1358 2389 1388 2426 σε
1404 2368 1511 2446 ἀνοισης
1525 2370 1568 2424 τῶ
1580 2369 1662 2446 Θεῷ.
1678 2369 1716 2429 Ει
1729 2391 1769 2441 τι,
1807 2368 1903 2444 ,indm

382 2445 479 2502 reserat
501 2443 537 2502 ad
556 2445 760 2504 centurionem:
784 2459 811 2504 et
829 2466 890 2523 quie
917 2443 1098 2506 centurionem
1151 2450 1184 2527 ῥῆ
1215 2444 1402 2524 ,ἀνοίσουσιν
1415 2445 1460 2504 ἐπὶ
1473 2444 1521 2505 σε’·
1537 2426 1564 2503 εί
1579 2445 1609 2505 δέ
1623 2446 1653 2505 τί
1669 2469 1714 2509 σοι
1731 2451 1813 2529 βαρυ,
1826 2447 1903 2504 ἀνοίσει

382 2522 526 2598 excolunt,
536 2525 632 2583 reserat
642 2524 679 2583 ad
687 2524 845 2584 tribunum:
859 2537 885 2582 et
896 2544 955 2601 quae
965 2523 1098 2584 excedunt
1149 2469 1272 2604 πρδῖτδν
1287 2523 1365 2584 Θεόν.
1385 2523 1440 2584 Καὶ
1455 2528 1485 2584 ιθ
1499 2525 1656 2603 νομοθέτης
1675 2527 1758 2607 σορὸς
1771 2526 1815 2596 ῶν,
1832 2525 1901 2592 iiiii.

382 2603 534 2671 tribunum,
553 2604 650 2662 scierat
668 2603 702 2663 ad
722 2618 764 2663 te:
785 2618 811 2663 et
830 2625 891 2682 quae
911 2601 1043 2662 excedunt
1058 2616 1095 2674 te,
1149 2603 1257 2683 γνώμην
1270 2601 1386 2663 ἰδιώτου·
1401 2603 1446 2663 καθ
1458 2603 1600 2684 ἐγόνετοὴ
1620 2605 1724 2685 γνώμη
1736 2606 1825 2684 νόμος,
1838 2605 1875 2662 καὶ
1888 2628 1898 2661 ι

382 2682 481 2741 referas
497 2680 533 2741 ad
548 2684 647 2742 Deum.
659 2684 688 2743 Si
703 2683 785 2761 quod,
799 2682 903 2761 inquit,
919 2703 1002 2761 grave
1017 2702 1096 2761 nego-
1149 2684 1203 2747 κὼν
1214 2687 1266 2742 τῶν
1280 2683 1437 2785 μελλόντων.
1450 2683 1568 2756 Ἐπειδὴ
1581 2684 1875 2771 Ἰωθδρθπενθιρδςλθ
1894 2695 1897 2701 “

381 2762 467 2837 tium,
490 2763 603 2820 reserent
617 2761 651 2820 ad
665 2778 707 2838 te,
723 2763 745 2821 si
767 2777 859 2825 autem
879 2761 932 2821 tibi
955 2762 1097 2821 molestum
1150 2763 1216 2831 σίως
1229 2769 1313 2843 ἱερευς
1327 2754 1360 2836 ἦν
1370 2766 1422 2827 τῶν
1433 2762 1565 2825 εἰδώλων·
1582 2766 1662 2842 μετὰ
1675 2764 1708 2831 δὲ
1719 2771 1804 2824 saules
1820 2763 1876 2823 κατ’
1892 2794 1904 2808 -

383 2841 432 2916 sit,
447 2842 544 2900 referes
563 2841 598 2900 ad
612 2843 710 2901 Deum.
727 2841 818 2900 Etiam
836 2840 974 2921 legislator
993 2841 1098 2932 sapiens
1151 2848 1198 2916 τῆς
1207 2844 1319 2917 πλάνης,
1337 2843 1383 2904 καὶ
1397 2840 1478 2921 ἔμαθε
1491 2842 1543 2915 τὴν
1558 2845 1709 2917 ἀλήθειαν,
1730 2846 1777 2905 καί
1795 2842 1904 2919 εἰαώνέγέ

382 2941 444 2978 cum
466 2934 546 2997 esset,
569 2941 631 2980 acce
651 2921 672 2980 it
694 2921 837 2980 consilium
858 2921 913 2982 viri
955 2921 1055 2996 rirat13
1072 2935 1098 2981 et
1150 2927 1272 2995 νετοπῆς
1290 2928 1344 2982 τῶν
1358 2926 1437 2982 ἐθνῶν
1451 2922 1641 2998 Ἐκκλησίας,
1662 2923 1707 2984 ότι
1725 2925 1774 2997 την
1789 2923 1902 3003 capiare

381 3001 483 3060 iactum
501 3013 541 3058 est
561 2943 704 3059 consilium
718 3001 779 3075 lex,
792 3015 819 3060 et
832 3001 920 3079 figura
934 2943 1096 3060 litterarum.
1150 3002 1232 3080 νόμω
1241 3002 1395 3082 θπερόαίνει
1409 3006 1490 3074 ἡτῶν
1506 3005 1592 3062 ἐθνῶν
1608 3004 1739 3076 σύνεσις,
1756 3009 1802 3065 ein
1814 3008 1838 3062 ἐν
1848 3006 1879 3059 τῶ
1889 3006 1903 3057 ι’

382 3080 519 3152 Quoniam
531 3079 636 3152 iothor,
649 3101 724 3138 socer
733 3079 827 3154 alosis,
836 3079 958 3139 sacerdos
970 3093 1026 3138 erat
1040 3079 1099 3138 ido·
1150 3105 1195 3142 ναι
1207 3084 1312 3155 ἐθνικὴ,
1324 3083 1382 3142 ἀλλ’
1397 3085 1424 3141 ἕν
1437 3084 1475 3160 τῷ
1489 3087 1678 3158 μετανοῆσαι.
1695 3085 1771 3146 Πότε
1782 3083 1830 3175 γάρ
1840 3083 1899 3159 iri-ip

381 3158 489 3216 lorum:
514 3170 604 3237 postea
624 3171 713 3217 autem
736 3158 863 3218 damnato
882 3170 988 3234 errore,
1003 3158 1100 3219 didicit
1151 3160 1464 3241 ἡγνώμηἸωθόρςΟθιι
1481 3163 1508 3218 ἐν
1526 3161 1584 3243 ὅσῳ
1608 3155 1646 3236 ἦν
1668 3168 1694 3224 ie
1712 3164 1769 3234 τθς,
1787 3163 1848 3221 iii-i
1863 3182 1900 3236 μετ

382 3237 536 3310 veritatem,
556 3238 696 3315 iactusque
715 3251 755 3295 est
777 3239 865 3316 figura
886 3237 1014 3297 Ecclesia
1035 3259 1099 3316 geu·
1152 3242 1183 3301 τδ
1198 3244 1341 3321 ἐπιγνῶναι
1360 3241 1403 3300 τόν
1426 3239 1506 3299 estu.
1520 3239 1596 3303 Ὅτι
1611 3243 1670 3325 γὰρ
1684 3185 1740 3303 siis
1759 3253 1803 3304 τοῦ
1822 3246 1899 3299 Stel:

381 3316 449 3375 tium
462 3340 469 3373 τ
484 3316 549 3396 quia
562 3316 720 3397 sapientiam
735 3317 802 3397 legis
811 3316 1099 3395 transcenditgentium
1151 3320 1229 3400 ἔργα,
1244 3321 1290 3380 καὶ
1303 3320 1448 3398 διηγήσατο
1461 3323 1535 3399 αὐτῷ
1559 3322 1688 3394 limitati<
1709 3323 1744 3381 τὰ
1766 3329 1792 3384 ἐν
1812 3321 1904 3397 dipem

385 3396 582 3475 intelligentia;
604 3417 656 3455 non
681 3396 744 3476 quia
769 3397 877 3476 gentilis
898 3411 946 3469 est,
969 3396 1016 3455 sed
1035 3398 1099 3475 quia
1153 3401 1385 3480 θαύματα,λε’γει,
1400 3402 1455 3458 Νῦν
1467 3397 1552 3475 ἔγνων
1566 3401 1622 3471 (ἴδε
1635 3403 1794 3478 μετάνοιαν)
1803 3402 1840 3462 ὅτι
1850 3403 1901 3476 μέγα

380 3477 555 3557 resipuerant.
570 3477 686 3548 Quando
708 3476 782 3537 enim
795 3490 934 3556 receptum
953 3490 993 3535 est
1013 3478 1100 3536 consi·
1115 3487 1135 3534 Ιι
1153 3480 1249 3562 Κύριος
1267 3486 1281 3539 ό
1301 3480 1367 3546 Θεὸς
1384 3481 1457 3558 ὑμῶν
1472 3478 1549 3556 παρὰ
1563 3481 1678 3549 πάντας
1691 3483 1754 3550 τοὺς
1768 3481 1842 3547 θεοός.
1853 3479 1903 3551 q,

382 3556 647 3617 liumtahoreuon
659 3577 721 3616 cum
733 3570 800 3616 esset
813 3555 935 3616 sacerdos
950 3555 1096 3628 idolorum,
1152 3551 1183 3618 oi
1195 3551 1239 3618 aiv
1258 3561 1324 3637 ἔγνω
1350 3558 1394 3632 τὴν
1422 3557 1559 3632 ἀλήθειαν,
1579 3558 1668 3620 ἔλαθε
1688 3564 1811 3644 χάρισμα
1828 3558 1899 3637 γνώμη

382 3635 430 3694 sed
443 3650 585 3717 postquam
605 3651 753 3726 agnoverat
765 3638 863 3696 Deum.
883 3637 953 3695 Cum
966 3636 1038 3694 enim
1054 3658 1098 3696 co-
1152 3642 1260 3718 ἀγαθῆς.

382 3717 477 3792 guerit
489 3736 569 3796 opera
583 3716 687 3791 De1,et
708 3714 844 3775 mirabilia
859 3738 919 3795 quie
940 3716 1059 3775 narravit
1073 3717 1098 3775 ei

232 3813 310 3857 arou.
326 3809 365 3858 ute
382 3798 472 3855 Moses
486 3795 514 3854 in
530 3795 648 3875 AEgypto
662 3795 742 3870 iacta,
765 3795 853 3855 dicit:
873 3798 961 3855 Nunc
981 3816 1033 3875 ego
1050 3817 1098 3855 co-

234 3888 258 3918 ¹¹
402 3880 471 3933 novi
486 3873 570 3948 (vide
598 3873 793 3953 penitentiam)
815 3876 894 3954 quod
912 3896 1037 3954 magicus
1060 3881 1099 3936 sit

372 3897 527 4012 ‚itomtnus
550 3954 631 4011 Deus
654 3967 753 4012 vester
775 3975 864 4033 supra
888 3974 987 4014 omnes
1015 3956 1094 4014 deos.

380 4035 407 4091 N
409 4054 453 4091 am
464 4032 510 4093 ubi
519 4030 660 4093 ueritatem
671 4033 792 4113 agnouit,
799 4033 902 4114 accepit
914 4033 977 4093 boni
989 4034 1096 4095 consilii

382 4113 494 4174 donum.

421 4197 451 4254 ά.
469 4200 503 4253 m
517 4214 564 4253 uos
581 4193 618 4254 ad
629 4193 796 4277 propositum
816 4193 968 4255 redeamus.
990 4193 1098 4276 Accipit
1191 4187 1260 4248 Ἀλλ’
1279 4189 1316 4255 εἷς
1337 4186 1368 4246 τδ
1392 4184 1564 4265 προκείμενον
1589 4188 1794 4269 ἐπανέλθωμεν.
1817 4184 1901 4247 'Elaia

381 4273 406 4332 is
427 4274 474 4353 qui
497 4274 575 4333 docet
588 4277 722 4365 Spiritum
743 4275 890 4355 sapientie,
911 4275 997 4352 isqui
1017 4275 1098 4334 discit
1150 4268 1308 4327 ῦδιδαίαιιων
1321 4268 1431 4343 Πνεῦμα
1448 4265 1561 4344 copiae,
1584 4271 1601 4324 ὁ
1620 4270 1813 4348 διδασκόμενος
1824 4269 1887 4353 Πντὶγ

380 4355 515 4432 Spiritum
531 4354 729 4433 intelligentia,
745 4367 776 4411 ut
795 4354 938 4432 intelligat.
953 4356 1104 4433 Propterea,
1149 4346 1290 4418 συνέσεως,
1305 4345 1349 4404 ἳνα
1364 4349 1447 4423 συνιῇ.
1459 4344 1510 4402 did
1524 4350 1608 4404 τοῦτο
1622 4346 1745 4415 Ἡσαΐας
1758 4349 1823 4418 ’τήν
1839 4368 1903 4422 ειμι

381 4432 491 4491 liesaias
503 4433 660 4514 sapientiam
669 4433 1096 4506 adscribitdocenti,intellectum
1149 4426 1288 4505 ἐπιγράφει
1302 4429 1339 4510 τῷ
1350 4424 1469 4505 λέγοντι,
1486 4423 1535 4495 τὴν
1551 4424 1663 4485 αῦνεαιν
1677 4432 1720 4509 τῷ
1739 4430 1866 4497 ἀκούοντι,
1877 4445 1901 4479 ¹²

244 4531 289 4572 ω’,
313 4564 317 4574 ,
348 4562 353 4574 ,
380 4511 515 4584 audienti,
539 4525 565 4570 et
586 4513 636 4571 ait:
660 4513 826 4592 Sapientem
847 4514 1049 4585 architectum,
1067 4527 1096 4573 et
1148 4527 1231 4587 φησι,
1258 4504 1344 4584 Σοφὸν
1369 4502 1562 4640 ἀρχιτέκτονα,
1587 4505 1638 4563 καὶ
1662 4507 1772 4567 συνετόν
1793 4512 1901 4582 insuffla

378 4593 591 4672 intelligentem
609 4594 780 4651 auditorem.
795 4591 914 4672 Spiritus
929 4592 1033 4651 consilii
1047 4591 1093 4652 da·
1149 4586 1259 4661 Πνεῦμα
1280 4586 1375 4662 βανδῆς
1396 4585 1496 4640 δδαιαι
1515 4587 1554 4662 τῷ
1568 4589 1802 4663 γνωμοδοτοῦντι,
1822 4587 1896 4657 Πνεῖμ

379 4685 424 4731 tur
439 4671 609 4746 consiliario,
623 4671 741 4751 Spiritus
755 4670 938 4748 fortitudinis,
952 4671 1094 4730 consilium
1148 4663 1237 4744 ἷαχῦιι
1250 4666 1289 4745 τῷ
1301 4660 1351 4733 εθν
1364 4660 1473 4798 γνῦμην
1493 4661 1656 4762 &wither
1675 4665 1810 4744 λαμῦεῖνεε
1826 4664 1904 4755 piper

1358 4765 1370 4800 ε
1381 4763 1413 4798 πε

377 4752 519 4832 accipienti
532 4751 645 4831 :accipit
658 4750 760 4809 donum
775 4750 959 4824 consiliarius,
976 4764 1007 4809 ut
1021 4750 1094 4809 dicat
1147 4743 1332 4820 γῦιιμαδότηι,
1415 4749 1439 4798 ῖν
1463 4764 1490 4799 τι
1512 4764 1653 4822 χρηστόν·
1676 4745 1811 4823 tapetia
1826 4765 1903 4833 χαριι·

376 4832 444 4890 utile
457 4830 613 4911 quidpiam;
632 4829 729 4909 accipit
747 4829 879 4907 gratiam,
893 4830 938 4906 qui
951 4829 1093 4889 eonsilium
1146 4821 1195 4895 τὴν
1226 4820 1333 4901 γνώμην
1359 4820 1514 4898 δεχόμεναι,
1545 4822 1707 4881 ἐπιτελέσαι
1737 4826 1769 4884 τὸ
1794 4841 1899 4907 muttit?

280 4905 286 4918 '
375 4910 483 4991 accipit,
512 4922 542 4968 ut
561 4909 683 5000 perficiat
709 4907 782 4986 quod
806 4908 873 4967 utile
892 4922 941 4970 est.
973 4908 1093 4990 Spiritus
1147 4904 1258 4979 Πνεῦμα
1272 4898 1443 4980 μα’ῦανθεαῦ·
1459 4898 1603 4959 Ἔαααεαν
1618 4902 1725 4962 τούτων
1737 4909 1897 4991 viimi?

374 4991 479 5050 timoris
493 4989 613 5049 Domini.
632 4988 744 5068 Singula
760 4987 830 5047 dona
853 4988 901 5047 illa
923 4988 980 5050 siue
1001 4989 1092 5048 chari·
1147 5004 1199 5042 των
1224 4981 1289 5060 πρὸς
1307 4978 1355 5050 eiu
1376 4977 1555 5058 προκειμένην
1573 4981 1674 5061 χρείαν
1698 4983 1807 5044 eatan.
1826 4982 1904 5056 ’θμνν

405 5167 418 5201 ¹²
436 5161 498 5229 [leg.
517 5173 543 5213 et
557 5159 631 5212 Colb.
653 5170 683 5213 τὰ
700 5164 861 5230 ‘eripiendam
882 5171 914 5226 τῷ
937 5163 1049 5231 δικάμχῳ.
1071 5159 1132 5210 lltec
1191 5148 1292 5201 tCoib.
1306 5151 1452 5214 θναμεῦθαης

370 5259 447 5307 porro
466 5241 515 5290 aiio
535 5239 624 5291 ordine
641 5237 744 5306 aliisque
763 5237 844 5291 uerbis
872 5236 997 5290 hahentur
1015 5235 1040 5290 in
1064 5236 1130 5288 libro
1189 5231 1202 5268 α
1220 5231 1262 5282 Sic
1272 5226 1346 5280 Colb.
1358 5236 1436 5279 recte.
1450 5225 1539 5278 liorel.
1553 5234 1598 5300 ἀρ’
1611 5231 1640 5284 οὗ
1651 5241 1688 5285 νῦν
1699 5240 1765 5300 (για.

368 5319 451 5375 Exodi
461 5336 517 5385 cup.
531 5320 570 5369 iii.
1189 5320 1198 5342 ε
1215 5320 1260 5372 τὴν
1269 5316 1345 5378 πυρίαν
1356 5303 1426 5356 deest
1439 5303 1464 5356 in
1477 5302 1555 5357 Colb.
