3764 5992
118 439 190 532 482
417 463 463 515 s.
490 463 632 514 ιοιιιιιιο
656 463 837 513 euersosr.
866 465 1024 514 arcium.
1052 465 1323 513 οοιιοτιιιτιιιοι.

118 601 198 645 tom
211 582 353 662 populum
366 594 506 657 intumet
521 586 641 645 domum
654 589 749 666 patris
767 589 834 646 tui:
887 586 986 648 τώτων
1001 587 1126 647 ἁπάντων
1141 585 1380 667 ιθχαριοτήσωμεν
1399 588 1439 667 τῷ
1460 588 1542 666 Θεῷ,
1556 588 1596 666 τῷ
1616 587 1661 645 δο-

119 685 149 733 et
161 676 346 754 concupiscet
360 694 414 734 rex
429 676 562 735 decorem
577 690 668 736 tuum.
684 676 789 737 Deinde
806 690 837 736 ut
888 681 964 761 τῆρι,
978 679 1019 739 ὅτι
1033 683 1105 759 obri»
1118 678 1215 758 πρέπει
1230 679 1304 759 μόνῳ
1325 677 1400 751 δόξα,
1412 676 1497 757 τιμὴ,
1513 677 1612 758 κράτος
1625 681 1661 744 εἰς

119 762 219 836 ducas,
227 785 290 824 eum
302 765 348 826 bic
361 765 432 825 nihil
443 767 569 827 sensibile
577 768 676 844 dicere,
684 790 747 828 cum
755 768 836 828 audis
888 770 1059 840 τοθςοίῶνιις
1069 774 1122 831 τῶν
1138 770 1251 831 αἰώνων.
1264 770 1360 847 Ἀμήν.

120 856 401 939 pulchritudinem,ne
409 859 504 942 oculos
511 872 657 940 putes,non
666 882 772 938 nasum,
781 882 836 921 non

120 971 163 1029 os,
176 971 231 1011 non
244 950 345 1010 collum
356 973 366 1028 3
382 949 429 1010 sed
442 951 579 1031 pietatem,
592 951 685 1027 fidem,
698 953 837 1012 caritatem

5 1071 39 1114 at.
57 1061 97 1128 44,
122 1063 183 1122 qua
192 1041 266 1101 intus
278 1054 357 1100 sunt:
370 1043 473 1102 Omnis
485 1042 558 1102 enim
570 1043 751 1124 gloriajilioe
761 1048 837 1124 regis

49 1164 54 1172 ·
123 1136 162 1194 ab
175 1136 264 1194 intus.
274 1133 327 1191 Pro
340 1131 461 1194 hisvero
473 1133 600 1193 omnibus
612 1135 712 1213 gratias
723 1155 837 1214 agamus

121 1226 182 1286 Deo
203 1224 303 1283 horum
323 1223 429 1297 datori,
442 1224 506 1302 quia
532 1224 622 1304 ipsum
649 1226 738 1285 solum
762 1224 838 1284 decet

120 1315 223 1397 gloria,
234 1314 337 1393 honor,
352 1313 499 1396 imperium
512 1314 541 1375 in
555 1315 653 1375 secula
668 1316 837 1376 seculorum.

57 1428 64 1440 ·
122 1409 216 1466 Amen.

613 1806 616 1813 ’
692 1809 1100 1946 MONITUM

252 2087 301 2160 ΙΝ
328 2085 568 2161 HOMlLlAM
593 2086 696 2202 CUM
721 2083 1021 2158 SATURNINUS
1046 2085 1111 2156 ΕΤ
1136 2081 1451 2172 AURELlANUS,
1473 2109 1550 2155 erc.

54 2396 60 2405 Ι
163 2320 240 2381 Hanc
257 2318 401 2378 homiliam
413 2318 522 2378 duabus
535 2317 673 2398 prioribus
689 2316 725 2377 de
737 2315 872 2421 Eutropio
885 2315 1097 2376 subnectendam
1108 2335 1164 2375 esse
1165 2314 1248 2395 ,ipsa
1260 2336 1353 2374 rerum
1372 2313 1454 2373 series
1473 2313 1581 2373 suadet.
1593 2314 1661 2373 Cum

61 2400 64 2405 ¹
123 2409 197 2471 enim
216 2411 318 2471 Gainas
331 2423 392 2491 post
406 2410 589 2490 impetratam,
604 2409 704 2490 partim
718 2408 747 2468 vi
751 2422 874 2490 partim
884 2406 947 2466 dolo
955 2405 1099 2511 ,Eutropii
1113 2406 1222 2466 ruinam
1235 2406 1445 2486 perniciemque
1459 2404 1644 2484 petulantior
1635 2425 1663 2462 ιιι

123 2501 181 2562 dies
190 2500 483 2581 evaderet,eodemum
492 2500 667 2583 impudentia
676 2499 817 2581 processit,
828 2511 858 2558 ut
869 2499 953 2558 armis
963 2499 1267 2602 copiisqueinstructus,
1276 2499 1414 2558 Saturnini
1426 2512 1452 2557 et
1462 2497 1600 2556 Aureliani
1602 2497 1663 2597 ‚qui

124 2593 195 2653 inter
206 2593 318 2674 imperii
329 2614 453 2673 proceres
463 2593 626 2671 eminebant,
637 2592 735 2672 capita
733 2590 928 2675 deposceret,
909 2611 958 2652 nec
968 2591 1020 2650 nisa
1013 2590 1082 2650 hac
1091 2589 1245 2650 conditione
1256 2611 1283 2649 se
1293 2610 1368 2648 arma
1377 2589 1530 2669 positmum
1545 2609 1603 2647 esse
1612 2589 1663 2646 mi·

124 2685 265 2747 citaretur.
280 2684 413 2744 Arcadius
433 2706 498 2745 vero
511 2686 681 2766 Imperator,
691 2683 818 2762 qui'ob
809 2681 934 2742 merllam
948 2671 1103 2761 metumque
1117 2682 1205 2743 cuivis
1219 2681 1325 2762 injurie
1338 2694 1508 2762 opportunus
1521 2694 1593 2755 erat,
1607 2701 1663 2740 rem

123 2776 301 2856 quantumvis
317 2775 461 2880 indignam
467 2775 600 2857 denegare
613 2796 666 2836 ιιοιι
681 2795 772 2850 ausus,
786 2788 873 2834 tantos
887 2774 961 2835 viros
973 2774 1010 2834 ad
1025 2795 1116 2833 necem
1131 2773 1284 2833 traditurus
1294 2786 1372 2841 erat
1389 2773 1442 2831 nisi
1434 2773 1661 2852 Chysostomus,

123 2881 218 2950 utpote
226 2867 378 2928 communis
388 2868 512 2927 omnium
522 2881 608 2948 pater,
622 2866 661 2926 sic
672 2866 719 2924 ille
727 2866 845 2926 Gainam
855 2865 974 2938 adiisset,
981 2865 1222 2938 Obambulans,
1214 2863 1312 2942 inquit,
1323 2866 1496 2939 exhortans,
1503 2865 1663 2935 obtestans,

123 2961 302 3040 supplicans,
311 2970 344 3017 ut
359 2979 381 3017 a
401 2960 527 3019 dominis
538 2979 575 3019 ea
589 2958 747 3018 calamitas
760 2957 969 3037 depellerem
979 2956 1059 3035 idque
1072 2957 1211 3015 demuma
1224 2955 1340 3014 barbaro
1353 2955 1532 3034 impetrasset,
1551 2968 1582 3014 ut
1600 2956 1664 3013 satis

124 3050 235 3111 baberet
255 3049 278 3110 si
289 3049 454 3110 Saturninus
472 3062 498 3108 et
517 3049 679 3110 Aurelianus
693 3048 722 3108 in
734 3048 861 3108 exsilium
872 3049 1051 3115 mitterentur.
1064 3047 1097 3108 Id
1112 3046 1210 3106 accidit
1222 3068 1294 3106 anno
1308 3045 1416 3106 circiter
1427 3048 1535 3106 ineunte
1547 3047 1619 3120 d00,
1633 3061 1662 3105 ut

124 3140 252 3221 pluribus
273 3141 302 3200 in
313 3138 379 3202 Vita
392 3139 576 3221 chrysostomi
590 3139 753 3200 narrabitur.
765 3140 827 3212 Quo
842 3152 949 3221 peracto
966 3139 1074 3218 negotio
1086 3138 1157 3197 banc
1171 3141 1328 3198 concionem
1345 3137 1463 3213 babuit;
1479 3137 1528 3197 ubi
1544 3137 1579 3197 de
1591 3139 1664 3197 Con·

125 3231 361 3313 sununopolitano
373 3230 542 3311 tumultu,de
553 3230 738 3292 vicissitudine
749 3230 931 3291 humanarum
939 3252 1040 3304 rerum,
1047 3230 1082 3290 de
1092 3228 1253 3290 divitiarum
1263 3231 1381 3289 vanitate
1388 3229 1523 3309 eleganter
1529 3249 1581 3308 pro
1590 3250 1664 3287 more

78 3355 115 3396 ιω
123 3344 174 3384 suo
185 3323 305 3384 disserit.
321 3326 490 3405 Paupertatis
510 3323 582 3383 bona
595 3321 774 3404 depraedicat,
790 3336 883 3402 utpote
894 3343 955 3401 qua
968 3334 1070 3383 tactam
1089 3334 1197 3401 prestet
1213 3322 1397 3397 securitatem,
1409 3333 1543 3399 quantum
1559 3319 1664 3378 divitie

122 3414 276 3495 periculum
292 3415 411 3496 pariunt.
425 3417 543 3475 Demum
559 3415 688 3496 exemplo
698 3414 762 3477 Jobi
771 3413 807 3474 ad
822 3414 986 3476 calamitates
999 3414 1105 3475 fortiter
1125 3413 1248 3475 ferendas
1260 3414 1396 3488 hortatur,
1411 3428 1437 3473 et
1456 3412 1495 3471 sic
1509 3412 1663 3471 concionem

123 3504 233 3566 cbudit.

158 3597 258 3657 locerti
271 3597 519 3679 interpretationem
528 3583 665 3674 Latinam,
675 3596 804 3679 plurimis
817 3597 847 3656 in
859 3597 927 3658 locis
941 3597 1120 3672 emendatam,
1134 3618 1149 3657 e
1163 3596 1272 3677 regione
1283 3596 1373 3658 Greci
1389 3610 1479 3656 textus
1492 3596 1643 3676 posuimus.

379 3966 575 4041 ιιοιιιιιΑ,
960 3917 963 3921 ’
1201 3924 1357 4027 cumn

115 4148 191 4208 Cum
203 4145 384 4207 Saturninus
404 4159 432 4207 et
451 4147 640 4207 Aurelianus
661 4151 722 4207 noti
739 4160 835 4208 essent
852 4142 955 4210 Δ’Ότι
968 4150 1126 4230 Σατορνῖνος
1146 4153 1193 4211 καὶ
1216 4154 1384 4233 Αθρηλιοινθς
1405 4155 1595 4238 ἐξωρίσθησιιν,
1618 4158 1663 4216 καὶ

154 4242 187 4298 in
201 4240 349 4312 exsilium,
359 4251 389 4297 et
404 4238 520 4298 Gainas
532 4258 665 4319 egressus
675 4252 750 4299 esset
764 4259 781 4298 e
794 4242 837 4298 ci·
908 4240 1006 4310 Γοιϊνθς
1018 4240 1110 4315 ἐξῆλθε
1123 4246 1172 4315 ιῆς
1183 4243 1305 4312 πόλεως·
1320 4246 1447 4326 καὶπερὶ
1460 4249 1644 4328 φιλαργυρίας.

156 4334 269 4400 vitate;
281 4330 355 4389 etde
364 4332 504 4389 numitius.

154 4518 181 4572 l.
197 4512 288 4573 Multo
298 4527 419 4593 tempore
434 4511 511 4589 silui,
524 4524 550 4573 et
563 4511 748 4593 postlongum
761 4527 834 4574 tcm-
871 4513 1015 4577 notin
1028 4515 1142 4595 ἕοίγησα
1155 4517 1261 4597 χρόνον,
1273 4519 1319 4579 uel
1331 4521 1376 4580 διὰ
1391 4545 1494 4604 μακρου
1476 4523 1588 4583 πολιν
1598 4526 1663 4606 πρὸς

113 4605 189 4686 poris
208 4603 327 4684 spatium
349 4603 386 4663 ad
409 4602 549 4662 caritatem
573 4616 692 4663 vestram
712 4625 836 4666 mersus
886 4604 936 4680 τὴν
949 4606 1080 4686 ipseipse
1095 4612 1244 4680 ἐπανῆλθον
1265 4611 1392 4691 ἀγάπην·
1415 4615 1474 4671 ἀλλ’
1498 4617 1528 4672 οὐ
1544 4616 1661 4696 ῥᾳθυμία

114 4717 194 4755 sum:
204 4716 301 4755 verum
312 4694 344 4754 id
356 4715 409 4754 non
420 4693 523 4754 accidit
535 4693 591 4753 ulla
600 4695 644 4754 vel
655 4693 739 4754 animi
747 4717 837 4756 socor-
886 4697 940 4758 cul
952 4699 999 4757 nol
1008 4699 1123 4759 taso'
1064 4724 1230 4780 σωματος,
1241 4701 1311 4762 ἀλλὰ
1322 4703 1371 4769 τὰς
1382 4704 1504 4784 superpiae
1515 4707 1663 4769 καταστέλ-

118 4786 182 4861 dia,
195 4787 239 4848 vel
260 4786 382 4867 corporis
397 4784 524 4865 desidia,
549 4783 686 4846 sedabfui
704 4789 838 4850 tumultus
886 4792 951 4864 λονν,
958 4789 1036 4850 sb'
1003 4814 1113 4870 κνμιιτα
1128 4791 1266 4871 κοιμίζων,
1277 4795 1454 4914 τθνχειμῶνα
1472 4798 1663 4877 διορθούμενος,

117 4898 291 4959 componens,
308 4877 502 4954 fluctusatque
522 4889 708 4958 tempestatem
723 4877 836 4940 sedam.
888 4881 1142 4963 τοθςνιιοιιγοθντας
1155 4883 1336 4963 ἀνιμώμινος,
1348 4887 1410 4954 τοὺς
1424 4889 1578 4966 γινομένους
1596 4895 1663 4951 ὓπο-

118 4989 216 5048 eosque
231 4968 280 5047 qui
296 4969 355 5047 jam
372 4966 494 5047 demergi
507 4982 658 5048 ceperant,
674 4969 711 5031 ad
726 4983 835 5052 portum
890 4973 1015 5054 ὅρνχίοις
1035 4975 1102 5057 πρὸς
1125 4975 1222 5056 λιμένα
1252 4978 1298 5037 nol
1321 4979 1440 5057 γαλήνην
1461 4987 1664 5063 χειραγωγῆοαι

157 5193 168 5217 ¹
185 5173 283 5227 Colleta
295 5192 352 5228 cum
364 5177 410 5228 lls.
422 5177 482 5244 lleg.
495 5179 570 5231 ¹97⁴.
