3764 5992
122 415 167 486 οδ
444 436 474 482 s.
501 432 641 481 tornum
668 425 1031 500 crrnrsosr.eucu1nr.
1061 423 1331 473 eousrsunuor.

120 579 146 623 et
159 564 305 623 satanicam
322 581 414 623 vocem
428 558 531 634 emisit,
547 572 576 615 ut
586 555 698 631 diceret,
712 574 773 611 eum
789 572 835 608 nc·
893 548 951 607 οὐδὲ
967 547 1119 630 έσαρκιύθη,
1136 550 1193 610 οὐδὲ
1213 549 1299 630 σάρκα
1322 547 1513 628 περιεύάλετο,
1533 548 1603 608 ἀλλὰ
1620 547 1662 608 δύ-

121 679 174 736 que
189 655 430 729 incarnatumesse,
443 672 528 729 ncquc
537 669 643 708 carnem
652 643 781 720 induisse,
790 641 838 700 sed
893 665 970 713 κησις
997 647 1074 701 τοῦτο
1097 635 1130 714 ἧν
1152 640 1356 722 καὶραντασία,
1380 641 1426 700 καί
1441 640 1529 713 σκηνὴ
1545 642 1592 700 καὶ
1605 640 1665 699 ύπύ-

121 743 236 824 speciem
250 741 279 799 id
291 739 435 819 quamdam
444 738 536 809 fuisse,
548 737 716 816 phantasma,
726 730 839 791 simula·
894 755 994 813 κρισις,
1018 731 1105 792 καίτοι
1122 738 1174 793 τῶν
1190 735 1281 793 παθῶν
1308 731 1441 812 βούντων,
1466 737 1512 792 τοῦ
1538 731 1666 802 θανάτου,

121 833 221 892 tionem
234 853 266 890 ae
278 830 413 903 mimnm;
429 825 533 886 tametsi
550 824 698 905 passiones,
714 835 740 880 et
753 841 837 889 mors,
893 831 940 883 τοῦ
958 825 1057 904 τάρον,
1073 830 1119 897 τῆς
1135 827 1245 900 πείνης·
1269 830 1293 886 εἰ
1307 827 1391 905 μηδὲν
1411 825 1514 885 ςσύσσσν
1538 823 1666 902 ama,

121 937 145 982 et
158 923 322 1004 sepulcrum,
335 936 361 980 et
371 921 454 978 fames
465 912 692 976 reclamarent:si
706 912 776 971 nihil
788 910 839 970 ho·
894 920 950 982 πῶς
971 918 1000 975 οὗ
1025 919 1116 997 πολλῷ
1131 917 1239 978 πλέονθ
1258 918 1379 986 διάθολος
1402 917 1435 976 eh
1457 914 1565 997 πονηρά
1587 922 1666 975 ταῦτα

122 1038 184 1076 rum
194 1014 359 1093 contigisset,
378 1031 465 1071 nonne
482 1004 700 1087 multoamplius
714 1002 839 1062 diabolus
895 1007 1034 1089 ἀνέσσσσρς
1059 1015 1107 1081 τῆς
1130 1011 1251 1078 σσςςςρας
1272 1010 1409 1091 popm,
1429 1010 1483 1069 M
1507 1031 1551 1068 τοι
1576 1007 1666 1080 ὡς,

122 1108 179 1167 haee
192 1104 337 1188 impietatis
348 1105 462 1185 pessima
478 1101 606 1179 dogmata
619 1094 839 1156 disseminasse?
894 1098 985 1180 ὥσπερ
1006 1101 1152 1174 έπείνησεν,
1176 1101 1267 1184 ὥσπερ
1282 1103 1466 1175 έκαθεύδησεν,
1492 1101 1586 1182 ὥσπερ
1608 1104 1663 1160 ξαρ.

121 1199 305 1275 Quamobrem
320 1197 389 1256 sicut
407 1192 533 1267 esurivit,
544 1192 614 1249 sient
629 1189 758 1267 fatigatus
775 1200 839 1260 cst,
894 1191 1000 1266 πίασεν,
1016 1191 1107 1273 ὥσπερ
1128 1194 1235 1274 ἔραγεν,
1251 1193 1341 1275 ὥσπερ
1366 1195 1449 1267 ἔπιεν,
1465 1193 1538 1254 οὕτω
1557 1193 1602 1252 καὶ
1620 1195 1666 1253 θά-

122 1299 192 1358 sicut
204 1294 343 1370 dormivit,
351 1293 420 1352 sieut
429 1286 615 1359 manducavit,
627 1285 696 1344 sieut
709 1283 790 1359 bibit,
801 1282 839 1340 sic
894 1307 972 1342 νατον
995 1293 1178 1366 παραιτεῖται,
1206 1285 1237 1345 τὸ
1266 1285 1427 1367 ἀνθρώπινον
1454 1285 1666 1365 ἐνδεικνύμενος,

123 1405 149 1450 et
165 1403 277 1449 mortem
289 1398 403 1461 recusat,
418 1381 446 1441 id
460 1379 533 1459 quod
544 1392 582 1437 cst
595 1377 840 1436 humanumosten-
895 1377 941 1436 καὶ
964 1377 1010 1452 τὴν
1034 1379 1169 1439 ἀσθένειαν
1183 1385 1230 1452 τῆς
1254 1380 1357 1460 φύσεως
1372 1380 1422 1453 τὴν
1437 1383 1486 1439 chr
1504 1377 1665 1459 ἅνεχομένην

123 1478 424 1555 dens,etins1rmitatem
432 1487 545 1550 nature,
556 1493 616 1549 quae
625 1468 840 1549 arelliscaprae·
858 1478 877 1526 c
895 1472 1003 1539 ἀπαθῶς
1025 1475 1208 1552 ἀπορραγῆναι
1231 1479 1279 1544 τῆς
1299 1472 1437 1554 παρούσης
1463 1474 1548 1544 ζωῆς,
1562 1473 1596 1531 Et
1615 1470 1665 1551 ρλρ

123 1574 257 1636 sentirita
270 1571 327 1630 sine
340 1569 433 1628 dolore
450 1587 502 1625 non
519 1564 631 1646 patitur.
646 1563 717 1622 Nam
733 1560 756 1620 si
771 1557 841 1619 nihil
895 1560 977 1638 μηδὲν
995 1561 1094 1622 τούτων
1116 1554 1317 1645 είρήκει,εἶχεν
1338 1563 1369 1622 διν
1392 1566 1487 1638 εἰπεῖν,
1507 1563 1550 1622 δτι
1575 1565 1598 1620 εἷ
1618 1561 1664 1620 ἄν·

123 1666 223 1725 horum
235 1663 360 1739 dixisset,
377 1659 506 1741 potuisset
514 1656 603 1714 dicero
615 1679 621 1713 ι
635 1655 666 1715 Si
677 1655 759 1713 homo
772 1666 838 1725 erat,
895 1657 997 1732 θρωπος
1007 1646 1050 1727 ἦν,
1064 1655 1116 1715 ἔδει
1130 1656 1207 1714 αὐτὸν
1222 1661 1316 1715 παθεῖν
1329 1654 1363 1714 τὰ
1376 1661 1422 1714 τοῦ
1439 1653 1590 1736 ἀνθρώπω.
1599 1651 1666 1713 Τίνα

124 1754 264 1836 oportebat
282 1749 422 1831 cumpati,
433 1742 838 1825 quaehominissuntQuaenam
895 1744 923 1803 δέ
944 1748 1000 1804 ἐστι
1025 1753 1107 1805 ταῦτα
1113 1772 1122 1821 3
1138 1747 1178 1806 Τὸ
1192 1747 1323 1826 μέλλοντα
1342 1751 1536 1826 αταυρούσθαι,
1551 1748 1597 1805 καὶ
1617 1746 1667 1804 δτι·

123 1859 213 1904 autem
228 1844 275 1903 illa
293 1843 376 1901 sunt?
390 1842 429 1900 Ut
441 1836 570 1907 nimirum
582 1835 628 1913 qui
642 1831 841 1913 crucifigendus
894 1838 953 1916 λιᾷν
980 1838 1025 1896 καὶ
1052 1841 1177 1918 άγωνιᾷν,
1200 1839 1246 1898 καί
1261 1838 1299 1917 μὴ
1320 1841 1428 1904 ἀπαθῶς
1451 1837 1667 1919 ἀπορρήρνοσθαν

123 1952 191 2015 crat,
206 1933 363 1995 formidaret
376 1931 508 1992 etanxius
524 1942 600 2002 esset,
615 1948 663 1986 nee
675 1926 733 1985 sine
747 1923 841 1984 dolore
895 1931 943 1998 τῆς
956 1929 1092 2009 παρούσης
1116 1933 1184 2002 ζωῆς
1196 1955 1202 1968 ·
1216 1936 1249 2011 τχ
1265 1930 1340 2012 ,50ss
1360 1932 1413 2012 γὰρ
1425 1930 1545 2010 ἔρωτα,
1558 1929 1590 1988 τὸ
1609 1927 1665 2009 ,sp

124 2029 273 2111 apraesenti
292 2028 347 2088 rita
359 2025 520 2086 avelleretur
526 2046 535 2098 ς
546 2020 681 2100 siquidem
695 2018 791 2078 insitus
802 2030 841 2076 cst
895 2043 955 2098 τρον
970 2021 1000 2079 τὸ
1019 2022 1080 2101 περὶ
1095 2021 1128 2081 ch
1141 2023 1277 2103 παρόντα·
1292 2023 1336 2082 διά
1349 2048 1389 2083 τοι
1411 2029 1488 2082 τοῦτο
1504 2021 1587 2091 δεῖξας
1609 2025 1626 2101 β
1656 2056 1667 2067 .

123 2135 225 2182 nature
236 2142 312 2180 amor
323 2116 494 2199 praesentium
506 2138 512 2171 :
525 2126 665 2195 propterea
677 2130 841 2170 cumrerum
895 2112 1004 2188 λόμενος
1028 2115 1114 2186 ἀληθῆ
1135 2120 1182 2186 τῆς
1207 2117 1302 2194 σαρχὸς
1326 2116 1374 2189 σὴν
1390 2113 1546 2197 πςρςςσλὴσ,
1560 2113 1607 2173 χαι
1620 2113 1666 2186 τὴ,

26 2205 31 2215 ⁸
123 2237 180 2275 esse
191 2213 279 2273 earnis
288 2211 475 2271 indumentum
483 2206 563 2269 vellet
573 2203 726 2277 ostendere,
740 2223 771 2260 ae
784 2200 841 2260 dis-
894 2203 1044 2281 οἰκονομίαν
1059 2205 1264 2281 πιστώσασθαι,
1285 2206 1353 2286 μετὰ
1374 2209 1476 2277 πολλῆς
1494 2209 1544 2276 τῆς
1562 2205 1666 2265 tentet·

123 2308 306 2389 pensationem
322 2301 479 2362 credibilem
490 2296 612 2373 reddere,
623 2296 708 2355 multa
718 2315 780 2353 cum
791 2293 840 2352 de·
896 2292 959 2361 ἱεως
972 2295 1005 2355 eh
1026 2296 1099 2368 πάθη
1115 2297 1202 2376 γυμνὰ
1221 2298 1386 2378 προτίθησιν.
1406 2290 1452 2366 Εἷς
1467 2298 1515 2376 μὲν
1530 2289 1575 2356 eds
1592 2299 1667 2377 λόγος

125 2398 315 2460 monstratione
334 2393 470 2477 passiones
490 2391 560 2474 ipsas
581 2387 668 2449 nudas
692 2384 840 2469 proposuit.
895 2376 983 2452 οὗτος·
1006 2386 1063 2446 ἔστι
1082 2388 1110 2447 δέ
1129 2389 1174 2447 καί
1198 2389 1286 2470 ἕτερος
1307 2389 1400 2450 τούτου
1414 2394 1463 2450 οὐκ
1476 2389 1605 2449 ἐλάττων.
1619 2389 1667 2456 Τίς

14 2502 70 2545 tur·
81 2516 114 2546 n·
124 2493 161 2554 Et
174 2494 232 2552 haee
246 2489 355 2571 quidem
370 2508 423 2545 una
433 2498 471 2544 est
485 2483 571 2543 ratio:
586 2480 633 2542 sed
642 2480 758 2540 etaltera
767 2499 837 2557 quae·
896 2478 923 2538 δὲ
945 2470 1035 2555 οὗτος
1049 2481 1266 2562 Παραγενόμενος
1283 2487 1298 2542 σ
1318 2484 1450 2563 χριστὸς,
1469 2493 1559 2543 πᾶσα,
1572 2482 1667 2561 affl,

0 2578 189 2669 ,fg'ffidam
209 2599 247 2645 est
267 2582 354 2642 nihilo
375 2580 425 2656 ista
444 2577 542 2636 minor.
556 2574 623 2634 Haee
639 2593 764 2652 quaenam
780 2571 840 2630 est?
858 2590 878 2636 n
896 2573 1036 2632 παιδεῦσαι
1059 2572 1119 2640 τοὺς
1140 2574 1292 2655 ἀνθρώπους
1306 2574 1445 2635 sentius·
1460 2579 1474 2634 ὁ
1487 2575 1516 2635 δὲ
1536 2574 1666 2634 παιδεύων

11 2686 116 2732 runchu-
126 2675 275 2740 Adveniens
298 2670 423 2731 Christus
442 2689 549 2727 omnem
571 2667 700 2728 uirtutem
716 2663 840 2724 homines
895 2667 925 2723 ού
938 2665 1009 2746 λόγῳ
1024 2664 1102 2743 μόνον
1116 2667 1251 2740 διδάσκει,
1268 2667 1337 2727 ἀλλὰ
1360 2668 1406 2727 καὶ
1419 2667 1505 2748 ἔργῳ·
1524 2668 1594 2739 αθτη
1619 2667 1668 2748 γδρ

0 2765 20 2793 ”“
48 2752 220 2857 ³2,¹‘·‹loeere
244 2766 371 2827 volebat:
388 2776 416 2822 at
442 2762 465 2821 is
490 2761 537 2840 qui
565 2759 644 2818 docet
673 2777 726 2817 non
756 2755 841 2814 verbu
895 2762 912 2829 ἡ
939 2757 1033 2838 ἀρίστη
1055 2758 1213 2818 διδασκαλία
1238 2760 1295 2820 ἐστὶ
1318 2766 1363 2820 τοῦ
1389 2762 1566 2830 διδάσκοντος.
1591 2761 1668 2822 Ἐπεί

24 2827 51 2872 t·
85 2843 92 2859 “
124 2863 222 2937 solum,
246 2857 392 2920 sedetiam
417 2874 497 2936 opere
517 2850 627 2911 instruit
640 2874 646 2906 ε
659 2848 717 2907 hee
740 2847 842 2928 quippe
896 2848 941 2909 καί
963 2850 1125 2932 κυύερνήτης
1138 2850 1325 2932 παρακαθίζων
1338 2853 1383 2912 τὸν
1397 2853 1532 2932 μαθητὴν,
1555 2854 1669 2915 δείπνοσα

123 2950 242 3014 doctoris
267 2949 368 3030 optima
392 2960 432 3006 est
456 2942 588 3003 doctrina.
614 2937 842 3018 Quandoquidem
897 2940 945 3019 μὲν
959 2944 1032 3024 αὐτῷ
1053 2949 1110 3012 πῶς
1133 2943 1242 3026 κατέχει
1256 2945 1317 3014 τοὺς
1330 2946 1438 3021 οἴακας,
1460 2948 1622 3029 προστίθησι
1641 2949 1669 3010 δὲ

125 3047 289 3127 gubernator
306 3059 414 3121 quoque
428 3037 496 3097 dum
517 3033 686 3115 discipulum
709 3031 841 3103 collocat,
897 3034 942 3095 rel
954 3033 1030 3115 λόγον
1043 3040 1081 3116 τῷ
1093 3035 1177 3118 ἔργῳ,
1196 3039 1242 3097 καὶ
1255 3039 1314 3099 οἴπε
1326 3042 1398 3120 λέγει
1418 3039 1506 3118 ρόνσς,
1520 3039 1580 3100 σῦσς
1592 3042 1668 3121 gna.

125 3160 179 3220 quo
197 3149 282 3217 paeto
298 3133 407 3192 clavum
427 3141 540 3203 tractet,
556 3123 690 3202 ostendit,
707 3139 733 3184 et
761 3125 842 3216 simul
897 3130 969 3196 ζεται
987 3127 1080 3207 μόνον·
1100 3129 1196 3207 δμοίως
1218 3130 1264 3190 καὶ
1277 3130 1413 3210 οἰκοδόμος
1432 3133 1610 3213 παραστήσας
1626 3133 1669 3192 σὸν

126 3230 203 3312 operi
216 3228 329 3290 verbum
339 3221 480 3304 adjungit,
500 3233 527 3279 et
549 3240 634 3298 neque
653 3216 774 3296 loquitur
784 3230 843 3277 tan·
898 3218 1028 3298 μέλλοντα
1050 3225 1113 3301 παρ’
1143 3225 1221 3282 αὐτοῦ
1246 3225 1386 3301 μανθάνειν
1399 3227 1457 3291 πῶς
1477 3233 1567 3303 τοῖχος
1591 3225 1670 3304 θρα(-

134 3319 390 3395 θῦῐῦωθᾶθνθθθῦθ
415 3309 601 3372 tantummodo
624 3322 769 3390 operatur:
784 3309 843 3390 pari
897 3336 988 3383 νεται,
1003 3311 1119 3372 δείκνυσι
1132 3313 1180 3390 μὲν
1194 3315 1266 3394 αύτῷ
1280 3312 1324 3372 διδ
1340 3319 1386 3374 τοῦ
1400 3313 1496 3395 ἔργου,
1510 3314 1629 3376 δείκνυσι
1642 3317 1672 3375 δέ

128 3415 230 3475 ratione
245 3432 307 3472 eum
324 3406 443 3468 medium
456 3403 568 3464 adducit
574 3423 646 3477 eum,
654 3423 736 3480 quem
748 3401 782 3462 ad
796 3423 844 3461 cx·
899 3407 970 3484 αὐτῷ
991 3403 1036 3462 καὶ
1051 3405 1094 3465 διὰ
1108 3410 1154 3465 τοῦ
1167 3406 1261 3487 λόγου·
1278 3404 1405 3474 ὡσαύτως
1418 3407 1464 3466 καὶ
1479 3407 1598 3488 θρᾶντης
1607 3455 1616 3484 ,
1626 3410 1671 3468 καὶ

128 3504 286 3566 struendum
298 3520 408 3561 murum
423 3498 603 3557 instructurus
613 3508 652 3553 est
667 3493 843 3573 architectus,
899 3495 1054 3568 ποικιλτλς,
1066 3496 1111 3556 καὶ
1125 3497 1283 3580 χρυσοχόος,
1293 3499 1339 3558 καὶ
1349 3497 1532 3579 χαλκοτύπος,
1541 3500 1588 3558 καὶ
1596 3511 1672 3561 πᾶσα

128 3599 205 3659 docet
224 3598 303 3656 rllum
324 3615 417 3677 opere,
432 3589 510 3650 docet
526 3602 552 3647 et
566 3587 650 3648 rerho
663 3586 804 3647 :similiter
819 3601 845 3648 et
899 3586 979 3669 τέχνη
994 3588 1038 3647 διδ
1051 3587 1137 3670 λόγων
1150 3614 1180 3649 τε
1197 3590 1244 3650 καί
1264 3589 1347 3674 έργων
1363 3592 1420 3671 ἔχει
1442 3591 1487 3651 τὸν
1501 3592 1672 3653 διδάσκοντα,

129 3705 217 3751 textor
227 3705 254 3749 et
266 3687 385 3770 phrygio
405 3699 430 3745 et
439 3682 594 3757 aurilusor,
609 3693 635 3740 et
651 3680 725 3739 faber
735 3681 845 3741 aerarius
862 3700 882 3748 r.
899 3680 977 3742 Ἐπεί
1003 3671 1046 3741 σύν
1076 3681 1122 3742 καὶ
1147 3682 1224 3751 αύτδς
1249 3683 1407 3764 παρεγίνετο
1430 3685 1573 3745 παιδεῦσαι
1602 3691 1674 3764 ἡμᾶς

129 3796 156 3841 et
169 3780 256 3839 omnis
266 3779 375 3852 artilex,
391 3797 454 3836 cnm
468 3773 559 3835 verbis
573 3771 663 3848 docet,
679 3785 738 3831 tum
751 3773 843 3854 operi·
898 3784 987 3835 πᾶσαν
1001 3774 1106 3855 ἀρετὴν,
1120 3774 1165 3834 διδ
1186 3780 1263 3836 τοῦτο
1286 3776 1331 3836 καλ
1343 3777 1415 3857 λέγει
1426 3776 1462 3836 τὰ
1473 3778 1615 3856 πρακτέα,
1627 3781 1674 3840 καὶ

129 3868 316 3943 hus.Quando
328 3868 411 3946 igitur
425 3865 518 3945 etipse
532 3886 580 3923 nos
593 3863 628 3922 ad
643 3865 846 3925 omnemvirtu·
900 3877 978 3928 ποιεῖ.
992 3865 1027 3927 ‘0
1049 3867 1100 3947 γὰρ
1129 3867 1255 3940 ποιήσας,
1273 3869 1357 3949 θῆσθε
1377 3869 1422 3929 καί
1449 3869 1571 3943 διδάξας,
1598 3863 1674 3940 oleo<

131 3979 186 4024 tem
196 3963 376 4022 instructurus
391 3954 512 4032 advenit,
525 3969 667 4036 propterea
681 3969 707 4013 et
726 3977 786 4034 quae
807 3958 847 4016 la-
901 3960 984 4040 μέγος
997 3960 1158 4032 κληθήσεται
1172 3963 1198 4020 έν
1213 3966 1246 4039 τῇ
1262 3961 1383 4042 βασιλεία
1393 3966 1446 4021 τῶν
1460 3965 1588 4044 οὐρανῶν.
1603 3966 1674 4025 Σαό-

9 4067 69 4111 ant.
81 4065 105 4112 5.
132 4052 225 4139 cienda
236 4066 299 4111 sunt
311 4049 390 4126 dicit,
403 4060 429 4106 et
441 4046 499 4127 ipse
506 4045 623 4127 peragit.
643 4047 701 4124 Qui
714 4051 848 4130 enimse·
901 4075 946 4111 πει
961 4052 1005 4112 δέ·
1022 4051 1157 4112 ἐκέλευσεν
1180 4043 1245 4112 εἶναι
1269 4053 1474 4133 ταπεινόφρονας
1494 4055 1539 4114 καὶ
1564 4066 1673 4136 πραεῖς,

131 4150 214 4223 ecrit,
229 4141 325 4222 inquit,
334 4154 363 4200 et
371 4141 510 4211 docuerit,
519 4139 566 4196 hr'e
582 4157 706 4218 magnus
727 4143 847 4198 vocabi·
901 4144 947 4202 καλ
965 4141 1065 4212 ἐδίδαξε
1079 4144 1122 4203 διδ
1143 4149 1195 4203 τῶν
1210 4144 1346 4227 ῥημάτων.
1357 4146 1430 4229 Ὅρα
1450 4150 1507 4215 πῶς
1521 4148 1591 4208 αὐτὰ
1605 4173 1672 4210 παι-

132 4246 181 4297 ltct‘
189 4236 222 4294 in
232 4252 318 4313 regno
330 4230 477 4290 celorum.
489 4226 534 4286 Sic
544 4240 635 4285 autem
643 4248 701 4286 rem
709 4227 845 4308 expende:
901 4235 969 4297 δεύει
980 4236 1026 4296 καὶ
1040 4234 1084 4296 διὰ
1097 4239 1149 4295 τῶν
1160 4237 1335 4316 πραγμάτων.
1346 4238 1504 4319 Εἰπὼν-γάρ
1512 4286 1523 4314 ,
1533 4235 1675 4322 Μακάριοι

130 4328 249 4390 humiles
263 4340 293 4385 ut
306 4343 437 4400 essemus,
452 4342 483 4380 ac
503 4320 581 4379 mites
596 4320 731 4401 praecepit,
747 4334 774 4380 et
785 4343 847 4381 rer·
900 4331 925 4388 οἱ
945 4328 1048 4409 πτωχοὶ
1063 4332 1101 4409 τῷ
1123 4327 1268 4407 πνεύματι,
1292 4330 1418 4410 μακάριοι
1442 4335 1466 4390 οἱ
1490 4340 1599 4411 πραεῖς,
1621 4332 1674 4392 δεί-

130 4423 174 4484 his
193 4419 300 4482 docuit:
313 4415 378 4478 vide
395 4437 449 4493 quo
461 4427 540 4496 pacto
557 4426 582 4472 ct
604 4413 686 4472 rebus
712 4413 779 4495 ipsis
799 4415 846 4475 illa
863 4474 886 4512 Ἀ
901 4444 976 4480 κνυσι
997 4425 1053 4487 πῶς
1077 4419 1143 4480 αύτδι
1165 4422 1204 4480 δεῖ
1223 4427 1375 4503 κατορθοῦν.
1396 4423 1461 4489 Πῶς
1485 4412 1528 4481 ούν
1551 4422 1675 4497 έδίδαξες

8 4533 121 4583 κτείνω.
131 4515 262 4577 docuerit.
272 4514 343 4571 Cum
355 4508 437 4575 ¹enim
450 4506 574 4582 dixisset,
594 4507 681 4565 Beati
703 4529 846 4587 pauperes
864 4529 885 4575 Α
901 4511 999 4573 Λαύὼν
1018 4511 1119 4573 λέντιον
1135 4512 1256 4582 διέζωσεν
1271 4513 1374 4587 ἑαυτὸν,
1388 4513 1434 4573 καὶ
1456 4515 1528 4596 ένιψε
1542 4517 1595 4574 τῶν
1622 4540 1675 4594 μα-

131 4613 245 4690 spiritu,
263 4605 456 4674 beatimites,
474 4609 618 4677 quopaeto
633 4596 680 4655 illa
695 4599 846 4679 praestanda
901 4609 986 4679 θητῶν
1007 4606 1066 4674 τοὺς
1091 4607 1181 4673 πόδας.
1209 4605 1246 4665 Τί
1269 4606 1367 4679 ταύτης
1392 4606 1448 4666 ἴσον
1476 4611 1524 4680 τῆς
1549 4631 1675 4669 παπσννσ.

129 4703 194 4773 sint,
210 4697 322 4758 indicat.
339 4696 463 4768 Quonam
477 4710 542 4768 ergo
557 4702 635 4770 paeto
649 4689 764 4749 docuit?
776 4691 846 4751 Cum
901 4696 1041 4778 ρροούνηςς
1055 4699 1115 4757 Οὐκ
1129 4697 1168 4756 ἔτι
1182 4696 1234 4778 γάρ
1245 4697 1289 4756 διὰ
1306 4700 1359 4756 τῶν
1373 4697 1459 4779 λόγων
1482 4698 1560 4777 μόνον
1574 4699 1675 4774 ταώς-ην

0 4793 273 4873 κατεσπεισμένων
289 4789 415 4860 linteum,
426 4781 568 4865 praecinxit
583 4802 627 4857 se,
642 4795 668 4839 et
681 4780 748 4842 lavit
764 4782 847 4862 pedes
899 4789 1034 4863 παιδεύει,
1053 4790 1121 4851 ἀλλὰ
1135 4788 1180 4848 καὶ
1195 4789 1239 4851 διὰ
1251 4793 1304 4848 τῶ,
1317 4789 1410 4871 ἔργω,
1422 4790 1510 4849 Πάλιν
1524 4790 1573 4863 1,χρ
1588 4793 1675 4873 πρᾶγ,

130 4884 337 4965 discipolorum.
348 4877 424 4952 Quid
431 4897 493 4936 cum
505 4873 719 4933 bachumilitate
732 4875 845 4934 conferri
897 4907 966 4956 οηεα
982 4882 1028 4942 καὶ
1041 4882 1089 4955 τὴν
1113 4880 1279 4950 ἀνεξικακίαν
1295 4883 1414 4943 διδάσκει
1435 4882 1478 4942 διὰ
1501 4887 1554 4943 τῶν
1577 4884 1674 4967 ἔργων,

129 4975 301 5059 ροεεειέΝοιι
315 4967 550 5050 enimjamverhis
562 4965 844 5046 tantumillamdocet,
900 4977 976 5046 Πῶςς
991 4975 1157 5057 Ἐρραπίσρη
1180 4973 1253 5056 παρὰ
1276 4980 1321 5034 τοῦ
1338 4973 1428 5034 δούλου
1444 4981 1490 5035 ,05
1512 4976 1674 5059 ἀρχιερέως,

130 5090 225 5133 verum
235 5066 316 5126 etiam
324 5063 461 5145 operibus.
472 5057 708 5120 Mansuetudinem
719 5074 846 5120 mrsuset
899 5064 945 5123 καί
969 5088 1060 5144 φησιν,
1090 5067 1125 5125 El
1151 5063 1199 5141 μὲν
1229 5070 1317 5133 κακῶς
1341 5066 1473 5138 ἐλάλησα,
1501 5066 1673 5148 μαρτύρησον

129 5159 288 5246 patientiam
298 5155 376 5214 docet
386 5154 520 5235 operibus.
533 5153 658 5225 Quonam
670 5153 843 5234 paetolrlla-
898 5158 959 5240 περί
976 5162 1022 5217 τοῦ
1036 5165 1136 5218 κακοῦ·
1155 5160 1178 5217 εἰ
1204 5157 1231 5217 δὲ
1250 5159 1395 5233 καλῶς,τί
1417 5183 1450 5237 με
1472 5157 1570 5238 δέμας
1589 5161 1673 5221 ’Eu'-

8 5283 45 5312 an.
68 5262 102 5311 ¹⁸·
130 5287 163 5347 pa
177 5278 318 5344 percussus
331 5269 370 5314 est
389 5275 404 5313 a
425 5274 504 5317 serre
523 5251 676 5333 pontilicis,
690 5265 716 5312 et
739 5251 796 5311 ait:
813 5253 845 5313 St
897 5253 988 5311 λεναεν
1002 5249 1124 5329 εὔχεσθαι
1143 5248 1211 5331 ὑπὲρ
1225 5255 1277 5311 τῶν
1291 5253 1406 5331 ἐχθρῶν·
1427 5250 1507 5310 πάλιν
1527 5252 1573 5311 καί
1592 5259 1672 5313 τοῦτο
