3764 5992
123 413 195 483 380
455 438 484 484 S.
512 439 653 485 totonis
676 437 860 484 cttntsosr.
894 437 1047 484 {licini-Il).
1074 433 1349 483 cottsranrtn‘ot’.

124 583 187 621 rum
207 581 263 619 esse
291 560 457 641 parricidas,
484 561 530 640 qni
556 561 720 641 negligemes
743 560 841 619 liberos
895 558 994 640 σφαξαν
1020 561 1098 619 αὐτοῦ
1117 559 1176 625 τοὺς
1199 555 1283 626 υἱοὺς,
1308 554 1379 614 ἀλλά
1397 558 1446 626 τῆς
1468 578 1536 634 cnut

125 653 283 712 aeriternon
298 654 439 733 castigant,
450 674 536 732 neque
545 653 581 712 ab
590 653 644 712 illis
652 652 775 713 debitunt
785 655 842 712 Deo
850 701 885 738 3„
896 652 977 720 αἴτιος
991 652 1105 731 ἐγένετο,
1119 650 1161 709 διὰ
1176 654 1223 721 τῆς
1244 647 1306 728 περί
1331 643 1426 712 etro<
1448 649 1535 726 ῥαθυμ

125 746 229 803 cultum
239 744 425 822 exiguntiSic
433 744 561 803 nimirum
571 742 630 802 Heli
641 744 843 823 sactnsestpar-
860 758 878 801 Α
895 744 996 816 στήσας
1005 751 1051 804 τοῦ
1065 746 1135 803 θεοῦ
1147 741 1196 814 rin
1212 741 1348 819 βοήθειαν,
1357 737 1404 798 καί
1420 737 1530 816 γυμνοὺς

126 835 219 893 ricida.
235 833 310 894 Licet
323 835 393 893 enim
410 834 481 893 filios
500 835 557 916 ejus
573 835 663 894 hostes
682 833 841 902 occiderint.
898 860 961 916 μους
983 835 1068 904 δείξας
1090 842 1145 901 τοῖς
1170 830 1339 912 βουλομένοις
1362 828 1456 897 αὐτοὺς
1476 831 1535 889 ἀνιλ

127 928 176 985 ille
186 941 275 986 tamen
288 942 382 985 auctor
391 924 472 986 credis
483 926 545 997 tuit,
554 926 687 1008 quodjsua
701 925 770 985 cirea
783 924 845 983 illos
896 928 1009 996 ἐκείνους
1024 925 1050 986 δὲ
1062 926 1150 1008 μόνον,
1163 924 1232 984 ἀλλά
1243 922 1289 983 καί
1302 921 1394 982 ἑαυτὸν
1408 921 1535 1002 προσαπιί

126 1017 285 1097 negligentia
308 1018 359 1077 Dei
383 1017 517 1076 auxilium
530 1016 567 1075 ab
582 1016 637 1076 illis
658 1015 801 1087 auerterit,
817 1028 844 1073 et

125 1109 211 1168 nudos
225 1131 255 1168 ac
265 1108 383 1168 desertos
396 1109 437 1182 iis,
455 1109 500 1186 qui
515 1108 727 1182 necarevellent,
738 1107 843 1187 objece-

126 1198 169 1256 rit.
187 1199 280 1277 Neque
292 1221 354 1258 vero
365 1199 452 1258 solum
466 1198 536 1273 illos,
550 1197 635 1257 sedet
647 1198 767 1280 seipsum
781 1218 842 1255 curn

126 1289 180 1347 illis
196 1289 338 1349 interemit.

4 1383 119 1455 nrtnaut-
168 1383 196 1440 9.
218 1380 342 1460 ldipsum
364 1401 434 1438 nnnc
449 1401 556 1458 qnoque
579 1379 706 1459 plurimis
722 1379 845 1460 patribus
938 1388 1068 1460 Τῶνοδὴ
1087 1388 1237 1449 mmm}
1250 1387 1535 1468 τῶννῡνπαςέρωναν

9 1461 24 1548 ,⁸
31 1460 117 1549 ‘parri—
127 1472 217 1531 evenit
230 1473 307 1550 :quia
319 1473 458 1531 verberare
467 1472 624 1549 noluerunt,
638 1491 687 1531 nee
699 1473 844 1532 verbisca·
898 1482 927 1538 οὐ
951 1480 1106 1557 βουλόμενοι
1127 1481 1266 1558 μαστίξαι,
1280 1480 1340 1541 ὡδί
1363 1482 1522 1558 ἐπιτιμῆσαι

124 1564 234 1644 stigare,
251 1586 335 1643 neque
354 1564 514 1623 contristare
534 1563 634 1622 liberos
649 1563 801 1623 inordinate
820 1579 845 1623 et
898 1570 956 1629 οὐδὲ
970 1572 1088 1642 λυπῆσαι
1102 1570 1163 1637 τοὺς
1174 1575 1274 1631 ἑαυτῶν
1289 1570 1360 1638 οἱὼς
1376 1571 1535 1636 &demeti

122 1656 215 1735 inique
228 1656 359 1730 virentes,
367 1676 551 1737 saepenumero
564 1655 591 1714 in
604 1657 772 1735 gravissimis
786 1657 846 1716 illos
897 1662 1074 1741 παρανόμως,
1084 1662 1212 1730 πολλάκις
1221 1654 1289 1723 εἶδον
1300 1662 1344 1723 ἐπὶ
1355 1671 1410 1731 τοῖς
1420 1661 1534 1740 ίσχιίτοιι

121 1746 282 1806 criminibus
300 1747 492 1829 deprehensos,
510 1747 538 1807 in
556 1745 691 1826 judicium
711 1749 845 1834 abreptos,
900 1757 935 1820 είς
949 1755 1118 1836 δικαστήριον
1132 1753 1314 1834 ἇρπαγίντας,
1327 1753 1379 1813 ὑπὸ
1390 1751 1493 1829 δημίων
1505 1755 1534 1810 ἄν

122 1863 136 1899 a
147 1841 320 1901 carnificibus
327 1840 415 1921 eapite
424 1838 542 1898 truncari
554 1838 689 1898 viderunt.
697 1839 845 1898 Comeniru
897 1868 954 1914 τας.
967 1845 1055 1906 Ὅταν
1065 1846 1118 1927 γὰρ
1131 1846 1163 1907 σὺ
1176 1847 1213 1924 μὴ
1225 1845 1387 1925 mimda-44,
1397 1845 1463 1906 &ev
1475 1842 1507 1905 σὺ
1521 1867 1534 1920 μ

122 1947 150 1992 tn
166 1955 211 1992 cos
225 1955 276 1993 non
292 1933 413 2011 castiges,
430 1953 493 1992 curn
507 1945 537 1990 tn
548 1952 601 1991 non
616 1931 744 2012 corrigas,
758 1946 845 1992 etsce-
897 1937 986 2012 νίσης,
1000 1947 1105 2021 μιαροῖς
1127 1937 1273 2016 ἀνθρώποις
1288 1938 1333 1996 καί
1358 1934 1532 2016 διιφίαρμίνο

120 2026 212 2090 {enatis
224 2046 255 2082 ac
269 2022 386 2104 perditis
394 2022 551 2081 hominibus
557 2023 678 2104 teipsum
689 2022 845 2099 admisceas,
899 2028 1042 2106 ἀναμίξας,
1056 2030 1103 2088 καὶ
1117 2027 1279 2100 κοινωνήσας
1293 2033 1341 2100 ιη”ς
1361 2026 1490 2106 πονηρίας
1505 2028 1534 2084 αὖ

120 2129 146 2174 ct
159 2116 187 2174 in
202 2116 365 2175 consortium
385 2114 512 2194 nequitia
525 2136 589 2173 eum
616 2114 672 2174 illis
697 2116 799 2191 venias,
813 2138 848 2177 ex
862 2126 880 2172 B
898 2129 953 2188 τοῖς
974 2130 1070 2191 κοινοῖς
1083 2122 1192 2201 ἄγονται
1211 2119 1363 2198 sipontini
1386 2119 1532 2186 κολάζοντα

120 2208 308 2268 communibus
318 2208 424 2287 legibus
437 2207 463 2266 in
473 2227 517 2266 eos
532 2207 633 2285 agitur,
644 2221 670 2267 et
681 2206 709 2267 in
723 2208 846 2269 omniurn
899 2211 1036 2292 δρώντων·
1048 2213 1093 2272 καί
1107 2212 1175 2290 μετὰ
1186 2218 1234 2284 τῆς
1252 2222 1388 2292 συμφορᾶς
1403 2211 1502 2288 μείζων
1520 2214 1534 2267 ί

119 2299 846 2381 conspectupuniuntur:acmajorcurncalamitatefit
899 2303 1016 2384 γίνεται,
1038 2305 1323 2364 δακωλοδεικτούντων
1347 2302 1472 2362 ἁπάντων
1495 2301 1534 2360 τὸν

120 2392 283 2472 ignominia,
298 2392 363 2452 dutn
379 2406 486 2473 patrem
499 2391 581 2450 illurn
592 2389 681 2470 digito
694 2402 846 2451 monstrant
899 2396 966 2472 μετὰ
976 2397 1025 2468 τὴν
1038 2397 1137 2458 ἐκείνου
1155 2397 1291 2468 τελευτὴν,
1307 2396 1353 2455 καί
1366 2394 1466 2454 &Germ
1481 2394 1534 2452 αὖα

120 2506 213 2544 omnes
227 2499 288 2567 post
304 2484 381 2544 illins
394 2483 513 2556 obitum,
530 2496 556 2542 et
570 2482 611 2541 itti
622 2482 672 2541 fori
686 2481 792 2542 aditum
803 2483 845 2542 in·
895 2512 947 2547 των
968 2487 1017 2560 τὴν
1037 2489 1143 2572 ἀγοράν.
1166 2488 1257 2556 linior<
1276 2486 1328 2570 γὰρ
1352 2489 1498 2567 ὀφθαλμοῖς
1517 2488 1533 2544 ἀ

120 2577 282 2638 torcludnnt.
295 2577 405 2652 Quibus
417 2575 489 2634 enim
499 2574 585 2633 oculis
593 2573 692 2656 poterit
702 2594 843 2634 occurren-
896 2580 1034 2652 δυνήσεται
1047 2589 1102 2646 τοῖς
1115 2584 1267 2640 ἀπαντῶσιν
1289 2583 1361 2660 «erp
1382 2577 1453 2655 pecie
1474 2575 1524 2647 τὴν

121 2687 160 2730 tes
175 2671 227 2730 sihi
246 2683 307 2751 post
329 2682 432 2727 tantam
455 2666 596 2725 infamiam
619 2679 646 2724 et
663 2665 841 2726 calamitatem
895 2675 941 2728 τοῦ
956 2671 1049 2738 παιδὸς
1062 2670 1252 2751 ἀσχημοσύνην
1269 2671 1314 2730 καί
1335 2667 1489 2748 συμφοράνς
1508 2670 1532 2725 Δ

120 2763 170 2822 filii
186 2760 325 2821 contueri?
343 2758 478 2834 Quocirca
493 2779 589 2839 precor
602 2771 628 2816 et
641 2757 751 2817 obsecro
766 2758 841 2817 mul·
895 2762 1085 2823 retentioni>
1098 2764 1200 2836 πολλὴν
1217 2768 1270 2822 τῶν
1286 2761 1391 2823 οἰκείων
1413 2760 1518 2819 παίδων

121 2870 174 2914 tam
184 2854 332 2912 liberorum
343 2872 436 2910 curam
447 2862 613 2928 geramus,ct
621 2849 722 2928 ubique
728 2850 843 2910 salutem
894 2852 942 2924 τὴν
954 2853 1089 2937 πρόνοιαν,
1103 2854 1150 2914 καί
1163 2861 1300 2934 πανταχοῦ
1310 2852 1359 2925 elna
1374 2851 1512 2927 σωτηρίαν
1524 2854 1533 2918 l

119 2945 228 3027 illorum
242 2943 510 3020 animaquaeramns.
522 2939 654 3020 Magister
666 2952 694 2999 et
707 2938 841 3001 doctores
893 2951 945 3006 τῶν
967 2950 1017 3018 τῆς
1041 2950 1139 3028 ψυχῆς.
1156 2947 1321 3013 Διδάσκαλος
1335 2935 1360 3005 el
1377 2949 1427 3015 τῆς
1450 2942 1533 3008 οἰκίας

106 3036 251 3119 ισαίνουσα
264 3034 362 3093 domus
383 3044 450 3106 tnae,
466 3031 568 3110 tibique
593 3051 704 3090 uxorem
719 3045 745 3090 et
769 3032 840 3092 filios
893 3037 1000 3110 χαίτὴν
1013 3047 1127 3118 pente«
1140 3040 1185 3099 καὶ
1198 3037 1259 3103 τοὺς
1272 3037 1345 3104 utne<
1358 3060 1401 3096 σοι
1419 3031 1533 3115 nuperi

107 3141 249 3208 ,perpetuo
258 3121 393 3183 docendos
401 3122 547 3182 committit
555 3123 636 3181 Deus.
652 3121 769 3182 Etnunc
778 3123 840 3202 gui·
894 3133 961 3209 εχῶς
980 3133 994 3188 ὁ
1012 3128 1091 3197 θιός.
1108 3130 1162 3190 Ιίαί
1174 3135 1219 3189 νῦν
1233 3129 1282 3207 μίν
1295 3150 1376 3207 φησιν
1390 3131 1405 3185 ὁ
1418 3127 1527 3191 Παῦλος

8 3253 56 3279 ,on
74 3234 108 3296 rt.
119 3220 181 3278 dem
191 3217 335 3278 aitPanlns
345 3215 379 3275 de
392 3214 525 3274 uxoribus
535 3237 541 3270 :
551 3214 662 3294 Siquid
675 3227 774 3273 autem
783 3237 838 3274 vo·
855 3242 874 3289 ρ
893 3223 1042 3298 γυναικῶν·
1059 3222 1094 3280 Et
1108 3222 1137 3280 δέ
1149 3245 1176 3280 τι
1190 3220 1331 3299 μανθάνειν
1345 3218 1477 3287 θέλωσιν,
1494 3219 1521 3275 ἰν

121 3314 186 3371 lunt
197 3314 326 3384 discere,
351 3310 432 3366 domi
454 3312 535 3366 oinos
559 3326 627 3366 suos
647 3310 822 3387 interrogent
828 3332 839 3378 ;
895 3313 973 3380 ἰδίους
986 3312 1082 3394 ἀνδρας
1097 3313 1321 3392 ἐπερωτάτωσαν·
1335 3313 1380 3367 νῦν
1405 3308 1432 3367 δὲ
1452 3307 1533 3387 περί

2 3407 49 3451 tn«.
58 3405 106 3463 ὑί·
120 3424 191 3462 nnnc
204 3423 267 3461 tero
281 3399 315 3459 de
328 3398 437 3475 liberis,
460 3399 596 3458 Educatc
610 3397 679 3456 illos
701 3402 733 3457 in
749 3400 840 3458 disci-
895 3405 956 3477 δων,
967 3402 1127 3485 Ἐκτρίφετε
1138 3402 1205 3462 αὐτὰ
1215 3405 1243 3462 ἐν
1255 3399 1419 3479 carisiensis
1430 3398 1533 3458 νουθεσί

116 3496 202 3573 plina
215 3507 244 3552 et
254 3494 434 3572 correptione
442 3491 573 3550 Domini.
585 3490 695 3549 Statuas
703 3510 799 3549 aureas
813 3490 840 3549 in
895 3494 1012 3572 Νόμισον
1029 3496 1172 3575 ἀγάλματα
1188 3503 1276 3576 χρυσᾶ
1291 3493 1362 3572 ἔχειν
1386 3492 1431 3551 ἐπὶ
1454 3494 1505 3561 τῆς
1526 3514 1532 3549 ι

118 3585 222 3645 cedibus
236 3585 333 3643 habere
348 3597 373 3642 te
387 3581 511 3641 existima
525 3580 637 3655 liberos;
652 3580 767 3660 singulis
777 3579 840 3640 dic·
894 3586 1005 3646 παιδία·
1022 3591 1082 3646 καθ’
1099 3586 1213 3658 ίκοίσπην
1223 3586 1326 3664 ἡμέραν
1337 3583 1407 3642 αὐτά
1421 3581 1530 3660 ῥίθμιζσ

119 3679 171 3736 bus
189 3699 233 3736 eos
246 3677 372 3752 informa,
387 3688 414 3733 et
425 3673 569 3753 diligenter
580 3672 732 3751 considera,
754 3675 842 3735 omni·
896 3677 989 3738 σκόπει
1003 3679 1070 3756 pecli
1084 3676 1236 3758 ἀκριὸείας,
1249 3675 1390 3735 noientel
1412 3673 1506 3756 τρόπῳ
1523 3695 1532 3730 ι

120 3770 287 3848 qucratione
297 3770 406 3829 illorum
418 3767 537 3827 animam
547 3787 648 3826 exorna
663 3781 691 3826 et
706 3766 817 3827 institue
832 3792 839 3825 ι
896 3772 982 3828 αὐτῶν
996 3767 1159 3846 κατακόσμει
1173 3768 1218 3828 καί
1233 3766 1396 3827 διάπλαττι·
1416 3763 1532 3841 μίμησαι

15 3909 19 3916 ,
52 3875 84 3918 ..t
121 3857 483 3938 imitarebeatumiob,qui
505 3859 603 3917 timens
616 3860 696 3918 obea
715 3880 777 3938 quar
789 3859 841 3941 ipsi
895 3861 987 3940 καίριον
1001 3859 1123 3932 Ἰὼ6,ὃς
1137 3860 1183 3919 καὶ
1202 3858 1269 3936 ὑπὲρ
1289 3860 1343 3916 τῶν
1362 3855 1432 3915 κατὰ
1455 3854 1531 3914 διιίνο

120 3965 207 4011 mente
219 3949 576 4032 peccassent‚sacrificiapro
588 3950 842 4030 ipsisoffembat,ae
895 3951 1140 4030 πλημμελουμίνων
1164 3948 1301 4022 δεδοικὼς,
1314 3948 1480 4028 προσέφερεν
1502 3950 1532 4006 in

120 4042 234 4101 multum
243 4041 278 4100 de
287 4040 341 4099 illis
349 4039 554 4099 erotsollicitus.
568 4039 678 4100 imitare
686 4041 839 4100 Abrabam:
896 4044 1002 4116 θυσίας,
1023 4042 1069 4103 καί
1090 4042 1192 4114 πολλὴν
1214 4044 1300 4100 αὐτῶν
1324 4044 1439 4100 ἐποιεῖτο
1463 4037 1515 4110 τὴν

120 4156 181 4193 nam
203 4149 229 4192 et
250 4133 297 4191 ille
319 4131 493 4213 pecuniarum
507 4144 534 4190 et
546 4132 745 4211 possessionum
767 4133 841 4193 haud
896 4135 1022 4213 Μίμησαι
1044 4137 1089 4196 τὸν
1104 4134 1241 4215 Ἀδραάμ·
1268 4132 1314 4192 καί
1338 4133 1389 4211 γὰρ
1412 4132 1515 4197 ἐκεῖνος

119 4226 256 4285 studiosus
270 4237 336 4294 crat,
353 4222 399 4283 sed
411 4222 568 4282 divinarum
580 4223 681 4303 legum,
692 4238 722 4284 ut
731 4224 841 4285 illarum
894 4227 1042 4308 ypnpdrun
1056 4227 1101 4287 καί
1114 4226 1260 4304 κτημάτων
1275 4223 1445 4296 ίσποιίδαζεν,
1460 4223 1521 4281 ἀλλ’

119 4319 329 4381 observationem
339 4316 452 4400 posteris
462 4317 519 4376 suis
527 4331 621 4376 exacte
630 4318 839 4379 commendaret.
857 4325 877 4371 ῐ)
896 4320 971 4380 θείων
983 4320 1082 4399 νόμων,
1092 4319 1166 4387 ὅπως
1184 4321 1272 4378 αὐτῶν
1290 4314 1340 4387 τὴν
1354 4313 1478 4396 φυλακὴν
1492 4323 1531 4372 τοί

122 4412 275 4492 Quamejns
283 4409 411 4469 virtutem
421 4408 574 4468 testimonio
584 4430 632 4468 sno
639 4409 757 4468 declarat
767 4412 841 4470 Deus
896 4411 964 4489 μετὰ
974 4411 1110 4493 ἀκριὸιίας
1125 4413 1355 4489 παρακαταθοῑτο.
1367 4406 1421 4465 Καὶ
1433 4428 1531 4484 pepe-op

1 4509 101 4571 u·18·19
121 4505 149 4562 in
170 4503 229 4562 lraec
255 4502 338 4560 verba
355 4524 361 4558 ε
383 4501 449 4560 Seio
473 4505 567 4573 enim,
589 4505 661 4581 quia
682 4507 841 4563 constituet
895 4509 974 4564 αὐτοῦ
984 4502 1034 4575 τὴν
1048 4503 1143 4585 ἀρετ-λυ
1154 4507 1168 4562 ί
1178 4502 1247 4568 θεὸς
1259 4498 1328 4559 οὕτω
1340 4497 1441 4577 λέγων·
1457 4496 1531 4582 'llio

121 4598 279 4656 Abrabam
286 4595 360 4675 filiis
369 4597 429 4653 suis
437 4594 590 4674 judiciuet
598 4596 838 4676 justificationes.
892 4595 1012 4666 συνιοίξιι
1022 4595 1149 4676 ‘Adquiris
1162 4602 1217 4662 τοῖς
1236 4591 1328 4652 παισίν
1342 4594 1422 4649 αὐτοῦ
1437 4590 1475 4650 τὰ
1493 4607 1531 4668 apt

121 4687 212 4748 David
224 4684 420 4767 quoqne,dum
431 4700 592 4757 moreretur,
607 4707 711 4766 magnae
731 4687 838 4748 heredi-
893 4691 927 4751 τά
950 4687 1127 4766 δικαιώματα.
1153 4687 1207 4748 Καὶ
1228 4690 1242 4745 ί
1266 4684 1351 4744 donli
1365 4682 1411 4755 ἀί,
1430 4682 1531 4755 ἡνίκαι

121 4781 183 4840 tatis
196 4780 254 4838 loeo
267 4793 360 4837 vocato
370 4778 428 4837 filio
441 4800 490 4838 suo
503 4778 657 4855 mandabat,
664 4801 696 4838 ac
708 4781 835 4859 frequen·
893 4781 952 4842 ἀντί
963 4781 1081 4860 μιγάλης
1092 4776 1269 4859 κληρονομίας
1281 4774 1397 4842 καλίσας
1416 4772 1464 4832 τὸν
1475 4773 1531 4832 υἱὸν

121 4887 160 4932 ter
172 4871 280 4929 dicebat
295 4893 301 4926 ε
314 4868 344 4929 si
352 4868 480 4945 volueris,
495 4868 545 4943 titi,
560 4890 595 4929 ex
607 4869 699 4950 legum
709 4871 837 4951 Deiprae·
892 4881 953 4946 τοῦ,
980 4879 1064 4933 ταῦτα
1086 4870 1228 4953 παρηγγύα
1254 4869 1298 4928 καὶ
1319 4869 1437 4947 συνεχῶς
1463 4865 1531 4946 {inp

119 4962 220 5042 scripto
233 4961 343 5035 rivere,
365 4959 472 5019 nullum
494 4961 664 5042 ¹inopinatum
684 4963 786 5021 malum
812 4976 837 5023 te
893 4965 1062 5045 βουληθείης,
1076 4961 1190 5036 παιδίον,
1204 4961 1274 5021 κατά
1286 4959 1346 5027 τοὺς
1356 4964 1402 5019 τοῦ
1416 4957 1531 5018 &onst

118 5051 262 5133 opprimet,
276 5049 323 5110 sed
337 5050 425 5109 omnia
440 5072 566 5132 prospere
577 5051 628 5111 tibi
643 5052 837 5131 succederem
891 5058 964 5118 odiis
986 5060 1142 5135 innectitur
1166 5057 1220 5113 τῶν
1244 5051 1393 5124 ἀδοκήτων,
1424 5048 1498 5108 ἀλλά
1519 5071 1531 5106 ι

119 5145 204 5204 rnnlta
217 5144 357 5202 securitate
365 5142 476 5224 potieris
486 5167 492 5199 ι
502 5144 545 5203 σία
555 5159 646 5205 antem
656 5144 692 5203 ab
702 5144 835 5206 illoauxi-
890 5149 960 5208 κατὰ
975 5154 1034 5230 ῥοῦν
1051 5146 1108 5222 ἥξει
1122 5146 1157 5207 τί
1172 5144 1336 5225 πράγματα,
1349 5141 1396 5202 καί
1414 5141 1525 5211 πολλῆς

117 5238 154 5297 lio
168 5233 287 5310 excidas,
300 5235 369 5295 nihil
384 5234 433 5295 tsssi
447 5255 558 5316 regnum
573 5250 598 5296 et
611 5236 694 5296 multa
710 5237 768 5297 lraec
782 5260 833 5320 po·
889 5246 936 5312 τῆς
951 5239 1109 5320 ἀσφαλείας·
1132 5236 1163 5297 ἀν
1178 5236 1205 5296 δὲ
1224 5235 1325 5308 ἐκείνης
1341 5229 1459 5309 insciente
1472 5236 1523 5306 ’τῆς
