3764 5992
99 378 121 450 8
419 398 611 455 §.JOANNIS
636 401 818 455 CHRYSOST.
848 399 1003 449 tuentur.
1031 398 1300 451 cousraurtuor

98 522 291 588 condonatione
299 528 385 609 eulpae
393 530 564 606 exercitatus
566 527 811 590 nrhtldrfficultatrs
862 527 941 596 τίζων
962 526 1050 605 μόνον,
1072 527 1142 586 ἀλλὰ
1164 550 1209 586 και
1191 527 1346 644 η;”ίττίρ
1311 552 1364 588 των
1381 526 1532 607 μελλόντων
1561 533 1635 613 αύτῷ

98 619 194 678 senties
210 619 237 678 io
250 633 385 700 posterum
396 642 424 680 tn
433 621 484 680 hoe
498 642 593 701 genere
605 618 809 702 philosophiae
862 619 1073 697 ἐμπιστεύισθαι.
1095 610 1207 679 σανίνα
1176 644 1220 679 συν
1249 621 1331 699 μὴ
1307 645 1337 683 το
1355 622 1418 681 «teo
1436 622 1549 705 ποιήσῃ,
1571 622 1637 702 άπερ

98 711 199 792 quippe
215 733 261 790 qut
255 711 394 771 iteranda
408 726 484 772 toties
494 734 571 772 venta
583 733 646 772 eum
661 713 720 814 jam
732 731 811 769 usum
863 712 909 771 καί
924 715 963 828 ἐφ’
977 712 1073 793 ἐτέρων
1087 715 1197 773 ἐντολων
1209 713 1336 789 ἐποίησε
1353 714 1637 795 προλαὸώνάπέκλιι-

98 803 246 883 collegeris,
273 803 383 863 utnihil
406 818 431 864 te
456 803 605 885 percellant
623 802 811 883 proximorum
863 827 906 863 σεν
920 807 991 885 αύτῷ
1015 814 1103 863 πᾶσαν
1126 803 1263 883 ἐρώτησιν.
1285 805 1321 867 Τί
1343 806 1370 866 δὲ
1390 806 1490 867 ἐπί
1453 831 1507 866 των
1531 809 1635 866 λοιπῶν

96 896 214 977 injuria».
233 897 342 971 Quibus
354 896 454 956 auditis
468 897 572 972 Petrus,
586 915 631 953 ore
641 893 733 953 hiante
746 907 809 953 stu-
860 896 972 955 ἐντολῶν
997 895 1135 968 ἐποίησεν;
1154 895 1190 955 Εἴ
1208 896 1274 955 ποτέ
1296 921 1323 957 τι
1346 903 1463 958 τοιοῦτον
1482 901 1496 956 θ
1519 898 1635 978 Χριστδς

96 1009 162 1069 pens
171 988 307 1049 constitit:
322 1008 378 1049 non
388 987 423 1046 de
436 1008 463 1046 se
473 984 808 1060 tantummodosollieitus,
860 987 1036 1061 ἐπέταττεν,δ
1049 987 1187 1046 δυσκολίαν
1210 987 1270 1048 τινδι
1283 988 1355 1069 ἔχειν
1370 989 1472 1062 ἐδόκει,
1487 990 1633 1068 προπηδῶν

95 1079 143 1140 sed
153 1094 180 1140 et
191 1079 226 1138 de
239 1078 303 1154 illis,
313 1079 361 1156 qui
379 1079 438 1159 ejus
450 1077 515 1137 fidei
524 1075 708 1137 committendi
724 1088 808 1135 erant.
859 1084 913 1138 τῶν
929 1080 1016 1138 ἄλλων
1030 1079 1122 1160 ἠρώτα
1135 1080 1181 1138 καί
1194 1082 1352 1142 ἐπυνθάνετο
1367 1081 1428 1162 περὶ
1448 1085 1497 1153 τῆς
1515 1084 1632 1152 ἐντολῆς

94 1173 136 1232 Ne
156 1171 240 1251 igitur
256 1169 330 1231 idern
346 1170 454 1249 laceret,
469 1168 543 1249 quod
555 1170 582 1227 in
603 1168 664 1228 aliis
675 1163 808 1227 mandatis
859 1171 913 1231 Καὶ
928 1169 980 1253 γάρ
994 1171 1038 1230 ὅτε
1052 1172 1203 1252 προσελθὼν
1216 1178 1231 1232 δ
1244 1173 1366 1242 πλούσιος
1379 1175 1503 1254 περὶτῆς
1525 1174 1633 1234 αἰωνίου

91 1264 198 1340 fecerat,
208 1262 398 1344 anticipatione
407 1262 522 1323 exclusit
532 1261 556 1320 ei
573 1281 677 1321 omnem
688 1278 804 1341 percon·
822 1285 841 1333 ρ
859 1265 927 1335 ζωῆς
941 1263 986 1323 τδν
1006 1263 1121 1344 Χριστδν
1137 1262 1247 1343 ἠρώτα,
1265 1264 1311 1324 καί
1332 1265 1423 1345 μαθὼν
1445 1265 1480 1326 ed
1500 1265 1631 1338 ποιητικά

91 1356 227 1416 tationem.
252 1354 327 1427 Quid
345 1369 435 1414 autem
458 1354 485 1412 in
499 1353 561 1412 aliis
578 1351 712 1412 mandatis
723 1350 804 1410 reciet
856 1358 904 1426 τῆς
914 1353 1096 1425 τελειότητος
1118 1355 1199 1435 άπήει
1219 1355 1504 1434 λυπούμενοςίπδτῶν
1519 1359 1632 1438 χρημά-

1 1465 24 1508 ui
33 1474 69 1511 ιω
73 1448 121 1509 si
134 1446 243 1528 quando
259 1445 383 1506 Christus
402 1443 554 1505 istiusmodi
567 1443 695 1523 aliquid
687 1462 804 1522 tmpera-
855 1468 920 1521 των,
940 1443 1057 1513 εἰπόντος
1075 1450 1122 1504 τοῦ
1143 1443 1278 1525 Χριστοῦ,
1298 1446 1339 1505 dre
1360 1447 1554 1530 Εύκοπώτεράν
1571 1451 1628 1508 ἐστι

7 1544 81 1635 “⁶¹⁸¹
55 1553 142 1635 ret,
160 1537 235 1618 quod
250 1536 439 1597 difficultatem
448 1536 567 1615 aliquam
582 1534 683 1595 habere
700 1532 804 1593 videre·
855 1536 975 1615 κάμηλον
989 1535 1033 1598 διδ
1046 1538 1193 1617 τρυμαλιᾶς
1214 1537 1321 1618 ῥαφίδος
1334 1540 1453 1615 διελθεῖν,
1467 1538 1628 1611 ἢπλούσιον

11 1668 42 1698 m.
38 1591 145 1705 ὤμοι·
173 1628 314 1711 prosiliens
337 1643 399 1688 ante
417 1628 485 1688 alios
505 1627 688 1732 interrogabat
703 1638 729 1685 et
752 1623 804 1687 soi·
855 1629 891 1695 είς
901 1626 950 1699 τήν
965 1627 1101 1706 βασιλείαν
1121 1633 1174 1687 τῶν
1188 1631 1306 1711 οὐρανῶν
1325 1632 1470 1690 εἰσελθεῖν
1484 1630 1628 1713 δΠέτρος,

88 1721 236 1782 scitabatur
256 1722 290 1781 de
306 1734 448 1825 praecepto
475 1721 544 1780 Cum
567 1720 639 1780 enim
660 1716 805 1799 prodiisset
854 1718 942 1780 καίτοι
962 1719 1068 1781 πάντων
1088 1720 1181 1781 ίαυτδν
1194 1719 1349 1801 γυμνώσας,
1370 1721 1523 1782 καλοῦδί
1498 1746 1529 1782 το
1547 1724 1627 1803 άγιιι-

87 1813 220 1889 dives,de
239 1827 336 1874 aeterna
359 1811 414 1873 vita
429 1812 569 1872 Christum
590 1822 805 1893 percontans,et
855 1833 932 1892 στρον
946 1810 1067 1893 κατέχων
1082 1813 1184 1887 λοιπὸν,
1197 1814 1266 1873 ἀλλὰ
1279 1813 1371 1871 κοιλ
1338 1837 1386 1886 της
1407 1813 1502 1893 τέχνης
1516 1814 1564 1873 καί
1578 1819 1626 1872 τοῦ

87 1920 200 1988 cognitis
210 1905 462 1987 dlrs,quaepar1unt
474 1904 679 1979 beatitudinem,
692 1916 803 1965 mrestus
854 1904 964 1965 ἀκατίου
986 1904 1203 1987 καταφρονήσας,
1226 1904 1378 1985 προσελθὼν
1399 1904 1533 1983 ἐλεγε”
1495 1929 1535 2018 τφι
1559 1907 1626 1985 Χρι-

1 2031 60 2065 ,.ιο.
87 1999 124 2059 ob
136 2019 264 2080 pecunias
274 1997 393 2076 abttsset,
406 1997 513 2057 dicente
523 1997 640 2072 Christo,
652 1994 727 2074 quod
737 1995 801 2055 laci-
854 2001 923 2078 σιῷ,
938 1996 1030 2058 Καί
1003 2020 1042 2063 τις
1058 1995 1167 2056 δύναται
1183 2002 1317 2070 corbium
1340 1997 1394 2056 Kal
1411 1996 1460 2077 ὅρα
1480 1998 1526 2056 καὶ
1542 1998 1625 2056 ἐπιεί-

87 2091 140 2151 lius
154 2105 223 2151 esset
243 2089 376 2149 camelum
392 2089 505 2149 transire
519 2089 705 2170 perforamen
725 2108 799 2165 acus,
852 2112 926 2148 κειαν
947 2093 1079 2168 μαθητοῦ,
1112 2088 1158 2147 καί
1192 2090 1354 2169 θερμότητα·
1380 2088 1514 2170 οὔτεγὰρ
1541 2080 1624 2161 ε’ίπιν,

59 2183 62 2186 ’
86 2204 168 2263 quam
181 2182 295 2243 divitem
309 2182 408 2242 intrare
420 2181 572 2261 inregnum
584 2181 730 2239 calorum:
747 2180 800 2240 Pe·
851 2178 967 2240 ἀδύνατοι
989 2180 1152 2255 ἐπιτάττεις,
1172 2180 1298 2241 δύσκολον
1322 2181 1352 2241 τδ
1369 2181 1523 2261 ἐπίταγμα,
1542 2183 1625 2262 χαλε·

85 2288 144 2334 trus
159 2274 264 2333 tametsi
277 2295 305 2334 se
327 2273 452 2333 omnibus
462 2271 628 2346 nudavisset,
642 2293 728 2351 neque
739 2272 798 2352 jam
817 2323 829 2360 γ
849 2272 898 2342 πδς
910 2277 924 2331 δ
937 2273 1032 2352 νόμος·
1053 2273 1111 2333 οὔτε
1125 2272 1257 2354 ἐσίγησεν,
1274 2272 1401 2333 ἀλλὰκαὶ
1419 2273 1468 2346 τήν
1486 2274 1556 2356 ὑπὲρ
1568 2278 1623 2334 τῶν

84 2366 128 2428 vel
139 2368 251 2427 hamum
263 2366 398 2445 retineret,
414 2366 515 2447 quippe
525 2363 572 2444 qui
585 2377 611 2423 et
624 2378 712 2424 totum
726 2384 798 2443 quae-
813 2384 834 2432 6
848 2366 948 2425 λοιπῶν
969 2364 1141 2530 κηδεμονίανὴ
1148 2365 1312 2438 ἐπεδείξατο,
1333 2365 1379 2425 καί
1403 2363 1451 2439 τήν
1466 2365 1623 2446 διδασκάλερ

82 2472 154 2518 stum
174 2458 360 2539 piscatorium,
373 2470 400 2515 et
415 2477 511 2518 navem
527 2469 711 2533 contemserat,
725 2476 798 2516 acce·
848 2456 922 2539 παρὰ
935 2463 1054 2537 μαθητοῦ
1075 2457 1156 2570 τιμήν
1142 2457 1346 2538 νδφειλομένην
1372 2457 1523 2535 ἀπένειμεν,
1537 2456 1622 2525 οῦιως

1 2571 54 2617 ,6,
81 2549 148 2610 dens
160 2549 198 2609 ad
207 2548 393 2609 Christumrta
405 2548 533 2628 loquutus
546 2560 604 2609 est:
615 2550 656 2607 Et
666 2568 732 2629 φατε
743 2568 797 2628 ρο-
848 2548 939 2622 είπών,
957 2549 1011 2609 Και
1028 2548 1111 2618 τίς’
1082 2569 1190 2609 ουναται
1204 2553 1338 2621 σωθῆναι,
1356 2546 1402 2608 καλ
1419 2547 1532 2626 μηδέπω
1546 2547 1624 2627 γενά-

81 2655 137 2702 test
152 2644 252 2703 salvus
263 2643 352 2722 fieri?
366 2639 439 2703 Vide
449 2640 609 2721 probitatem
629 2640 797 2700 etfervo'rem
848 2663 925 2718 μενος
943 2639 1054 2718 ποιμήν,
1079 2629 1250 2717 ποιμένοςῖ
1224 2663 1280 2720 εχε
1304 2638 1402 2720 ψυχήη
1359 2638 1478 2711 ήκαί
1506 2639 1621 2717 μηδέπω

80 2733 229 2814 discipuli:
242 2732 379 2792 nonenim
392 2731 490 2810 iuquit,
503 2730 709 2811 impossibilia
701 2732 796 2811 injun-
847 2730 992 2812 τήνάρχήν
1011 2734 1101 2813 έγγειρ
1103 2730 1197 2805 ισθείς,
1210 2730 1258 2805 τήν
1279 2755 1316 2813 πρ
1318 2731 1431 2791 έπουσαν
1444 2719 1624 2810 άρχοντικη-

79 2824 131 2904 gis,
148 2845 231 2903 grave
246 2824 298 2882 hoc
318 2822 483 2898 mandatum,
507 2820 663 2880 difficilis
654 2835 705 2880 ista
726 2821 792 2881 lex:
847 2823 969 2901 δεμσνίαν
993 2824 1144 2904 ἐφύλαττεν,
1169 2823 1292 2904 ὑπὲρ
1259 2848 1306 2895 της
1330 2823 1484 2901 οἰκουμένης
1513 2823 1623 2896 ἁπάσης

80 2937 166 2995 neque
184 2916 211 2975 in
234 2915 340 2976 silentio
360 2914 496 2997 perstitit:
512 2913 560 2973 sod
586 2934 679 2973 curam
704 2934 793 2993 marn,
846 2914 998 2996 φροντίζων.
1022 2918 1057 2976 El
1083 2915 1131 2994 plu
1152 2915 1203 2995 γάρ
1226 2915 1350 2983 πλούσιος
1372 2906 1421 2990 ήν,
1458 2915 1503 2974 καί
1533 2917 1623 2977 πολλὰ

78 3029 161 3088 qrtam
174 3008 209 3068 de
221 3009 347 3067 omuibus
371 3007 498 3084 habebat,
511 3004 636 3079 ostendit,
655 3018 682 3065 et
693 3025 796 3088 proco-
845 3008 975 3090 χρήματα
987 3007 1227 3090 περιύεύληρίνος,
1251 3008 1314 3076 ἴσως
1337 2998 1397 3067 elul
1409 3032 1450 3075 τις
1469 3007 1511 3082 δν,
1526 3008 1570 3066 δτι
1590 3011 1622 3068 ολ

79 3101 182 3182 ptoria
203 3101 337 3182 discipulo
350 3099 470 3160 debitam
484 3097 661 3159 reverentiam
671 3097 796 3180 irnparti·
846 3104 898 3159 τῶν
921 3102 1030 3176 λοιπῶν,
1046 3103 1105 3160 ἀλλ’
1125 3103 1219 3159 ἑαυτοῦ
1240 3099 1400 3178 κηδόμενος,
1418 3098 1464 3159 καί
1477 3098 1546 3181 ὑπὲρ
1567 3103 1623 3158 τῶν

41 3238 44 3245 ·
78 3195 131 3266 vit,
155 3193 247 3255 dicens
265 3219 272 3257 :
293 3196 335 3254 Et
361 3196 426 3275 quis
454 3204 551 3273 potest
580 3192 682 3251 salvus
699 3190 794 3272 fieri?
846 3195 905 3252 καθ’
927 3192 1019 3252 ίαυτδν
1035 3193 1201 3274 πραγμάτων
1224 3191 1376 3272 φροντίζων,
1388 3191 1488 3265 ταύτην
1501 3195 1623 3273 προσῆγε

71 3286 199 3348 nondum
212 3287 299 3347 factus
319 3301 420 3368 pastor,
444 3284 558 3366 pastoris
573 3285 696 3344 animum
709 3283 795 3345 habe-
845 3283 895 3358 ιήν
906 3290 1013 3345 πεῦσιν·
1031 3284 1087 3344 νυνί
1108 3283 1136 3343 δὲ
1150 3290 1167 3358 ἡ
1181 3283 1260 3344 πενία
1271 3283 1368 3356 ταύτης
1387 3284 1464 3344 σιίτδν
1479 3283 1622 3344 ἀπαλλάτ-

1 3421 3 3426 -
27 3432 32 3439 .
76 3378 127 3442 bat
141 3400 151 3447 t
165 3379 286 3441 nondum
296 3380 325 3439 in
335 3378 448 3461 imperio
458 3391 484 3437 et
493 3376 646 3458 principatu
661 3375 793 3437 constitu·
844 3400 886 3438 ττι
901 3380 950 3448 τῆς
965 3375 1096 3457 θποψίας,
1120 3375 1167 3435 καλ
1186 3375 1314 3436 δείκνυσιν
1333 3379 1369 3443 ώς
1389 3380 1437 3449 τῆς
1457 3375 1557 3456 ίτέρων
1570 3400 1622 3449 κη-

76 3471 274 3556 ¹tuo,·principi
294 3484 485 3551 congruentem
497 3489 590 3527 curram
610 3468 745 3547 servabat,
758 3467 793 3527 do
845 3468 952 3548 δόμενος
965 3467 1099 3550 σωτηρίας
1120 3466 1249 3552 ἐμαρίμνα
1273 3467 1319 3528 καί
1337 3469 1548 3550 περιειργάζετο,
1573 3470 1621 3530 καί

2 3622 5 3627 ,
77 3563 204 3626 universo
222 3563 287 3624 orbe
306 3562 445 3622 sollicitus.
460 3559 490 3622 si
509 3558 581 3619 enim
601 3558 791 3637 divessmsset,
845 3558 918 3643 παρά
928 3569 974 3623 τοῦ
984 3559 1144 3623 διδασκάλου
1161 3567 1254 3639 μαθεῖν
1267 3560 1390 3620 ἐύούλετυ
1406 3559 1454 3635 τήν
1465 3565 1513 3632 τῆς
1528 3585 1621 3636 σωτη-

24 3715 29 3725 ,
77 3655 208 3716 etmultis
224 3655 345 3737 pecuniis
358 3653 548 3730 circumfusus,
569 3651 792 3713 dioeretsortasse
847 3654 904 3734 ρίας
915 3653 982 3714 ὁδόν.
999 3650 1053 3714 Διὰ
1064 3657 1142 3714 τοῦτο
1156 3652 1202 3712 καὶ
1215 3657 1230 3711 δ
1244 3651 1358 3733 Χριστὸς
1376 3653 1454 3713 αὐτὸν
1474 3658 1620 3737 παραθαρ-

78 3749 222 3833 quispiam,
245 3769 307 3807 eum
322 3768 375 3806 non
397 3746 432 3806 de
459 3744 581 3824 reliquis,
599 3743 647 3804 sed
660 3743 694 3804 de
706 3745 793 3827 seipso
847 3745 929 3826 ρύνων
948 3745 1037 3826 ἔλεγε,
1056 3743 1101 3806 To
1120 3743 1196 3824 παρά
1220 3743 1367 3825 ἀνθρώποις
1390 3743 1521 3815 ἀδύνατα,
1544 3746 1621 3826 παρὰ

78 3842 186 3921 suisque
205 3840 285 3899 rebus
310 3839 425 3897 anxium
451 3838 531 3897 istam
556 3837 792 3918 interrogationem
808 3856 826 3904 B
845 3842 883 3919 τῷ
897 3841 960 3918 Θεῷ
977 3837 1074 3898 δυνατά
1087 3841 1155 3897 ἐστι
1175 3835 1221 3908 Μή
1235 3836 1287 3917 γδιρ
1301 3835 1427 3916 νομίσῃς,
1440 3836 1531 3917 φησίν,
1550 3843 1621 3916 ὑμᾶς

78 3933 241 4013 protulisse
251 3952 323 3991 nuuc
337 3944 426 3990 autem
440 3942 583 4011 paupertas
594 3929 683 4009 ipsum
696 3931 793 3992 liberat
846 3930 960 4010 ἐρήμους
975 3927 1262 4009 ἐγκαταλιμπάνεσθαι·
1277 3926 1330 4008 ἐγώ
1341 3928 1541 4008 συνεφάπτομαι
1553 3930 1620 3990 ταύ·

78 4025 113 4084 ab
129 4024 181 4083 hoc
189 4043 351 4104 susp1e10ne
366 4020 537 4098 ostenditque
554 4040 615 4080 eum
631 4019 793 4082 dealiorum
846 4044 893 4094 της
910 4024 972 4099 ὑμῖν
996 4045 1044 4094 της
1063 4021 1192 4094 σπουδῆς,
1216 4019 1263 4079 καί
1286 4017 1360 4078 ed
1343 4041 1412 4100 οπορ
1413 4043 1432 4079 α
1449 4041 1518 4078 ποιω
1540 4020 1619 4103 ράδια

78 4115 163 4176 salute
178 4115 300 4188 anxium,
325 4111 566 4173 sollicitudiuem'
558 4125 636 4172 istam
650 4125 676 4171 et
699 4134 792 4173 curam
845 4113 966 4193 γενέσθαι
986 4111 1031 4172 καί
1049 4110 1153 4171 εὔκολοι
1171 4111 1258 4171 Ποθιιν
1282 4099 1390 4191 περί’
1356 4133 1442 4190 γαμου
1455 4110 1501 4169 καί
1525 4135 1620 4192 γυναι-

78 4208 198 4288 gessisse,
212 4221 269 4266 eta
291 4207 419 4287 magistro
431 4226 588 4285 cognoscere
603 4205 676 4267 viam
697 4207 793 4268 salutis
844 4201 890 4270 κὸς
919 4201 1103 4282 διαλιγορένου
1129 4206 1175 4260 τοῦ
1201 4203 1318 4283 Χριστοῦ
1345 4201 1392 4262 καί
1418 4199 1552 4280 λέγοντος,
1575 4202 1619 4264 δτι

78 4300 204 4361 voluisse.
230 4303 402 4379 Quapropter
419 4310 446 4357 et
468 4296 640 4356 Christus'
615 4318 641 4357 et
663 4297 792 4359 fiduciam
844 4292 1013 4356 Οάπσλύων
1028 4290 1521 4374 γυναῖκαπαρικτδςλύγουπορνείας,
1544 4303 1616 4354 ποιεῖ

1 4455 3 4465 ,
51 4391 266 4468 ,ἰυάεοεάίκίκ
282 4393 353 4469 Quoe
368 4392 448 4471 οριιιί
456 4392 589 4449 homines
599 4393 793 4469 impossibilia
846 4387 926 4462 ουτήν
956 4391 1148 4499 μοιχευθῆναι,
1176 4384 1223 4446 καλ
1249 4392 1339 4446 νεῦσαν
1371 4385 1467 4445 κακίαν
1493 4385 1617 4464 γυναικὸς

78 4500 156 4558 sunt,
178 4509 214 4545 ea
230 4487 310 4589 opud
332 4486 429 4544 Deum
439 4485 594 4563 possibilia
614 4497 692 4543 sunt.
709 4484 745 4543 Et
759 4506 792 4545 ne
845 4483 1098 4562 παραινοῦντοςρ
1049 4476 1098 4560 φίρ
1099 4503 1135 4538 ειν
1160 4468 1230 4551 πλήν
1251 4475 1374 4557 πορνείας
1399 4477 1498 4556 μάνης,
1518 4481 1533 4537 ί
1558 4479 1617 4539 Πί·

77 4576 467 4658 putes,1nquu,vosdesertos
488 4575 614 4654 relinqui,
639 4574 791 4655 egoinhoc
845 4595 919 4652 spot,
939 4574 992 4630 τῶν
1015 4572 1101 4630 σίλλων
1126 4567 1322 4651 σιγώντων,τε
1299 4567 1451 4649 προσελθών
1477 4570 1554 4649 ἔλεγε
1577 4574 1616 4649 τῷ

76 4671 275 4749 negotioetiam
291 4691 363 4729 meas
374 4689 469 4727 manus
490 4667 649 4744 admovebo,
665 4681 692 4726 et
704 4663 869 4730 aiduaX
873 4686 963 4745 ριστιμ
978 4663 1013 4722 Et
1024 4661 1105 4729 οὕτως
1123 4662 1194 4721 ἐστὶν
1209 4664 1227 4734 ἡ
1241 4659 1316 4721 obit
1332 4683 1379 4720 του
1361 4659 1532 4741 ’ἀνθρώπου
1548 4630 1617 4739 peel

75 4762 165 4822 facilia
174 4777 200 4821 et
208 4761 334 4843 expedita
344 4761 450 4820 faciam.
463 4758 608 4818 Rursusde
618 4758 789 4820 matrimonio
843 4755 1039 4835 τῆςγυναικδς,
1063 4758 1092 4816 ού
1107 4753 1236 4839 συμφέρει
1249 4758 1379 4834 γαμῆσαι.
1401 4753 1476 4835 Ὅρα
1500 4754 1546 4814 καί
1568 4759 1615 4816 ἐν-

4 4924 9 4937 ,
74 4867 102 4915 et
115 4875 200 4913 uxore
214 4853 367 4935 disputante
376 4852 484 4911 Christo
495 4870 526 4908 ac
545 4849 661 4927 dicente,
677 4852 709 4911 Si
723 4855 789 4932 quis
842 4854 927 4910 ταῦθα
954 4854 1012 4915 πῶς
1038 4849 1084 4909 καί
1109 4849 1157 4922 τήν
1186 4847 1338 4932 πρέπουσαν
1361 4846 1511 4927 διδασκάλῳ
1532 4849 1614 4926 τιμήν

74 4948 236 5026 repudiarit
266 4966 403 5016 atrorem,
430 4955 551 5023 exceptu
578 4944 788 5023 fornicationis
842 4940 968 5024 ἐφύλαξε,
989 4941 1095 5012 κοίτης
1108 4946 1161 5001 τῶν
1182 4944 1282 5002 λοιπῶν
1308 4939 1442 5020 ἐφρόντισε
1464 4941 1613 5022 σωτηρίας,

75 5058 177 5115 causo,
190 5040 266 5141 facit
282 5058 344 5095 earu
367 5038 528 5095 moeeleuri:
545 5047 571 5093 et
584 5055 691 5094 omnem
705 5034 786 5094 mali·
804 5033 898 5101 crull
922 5037 1014 5093 ἐνταῦθ
1001 5039 1033 5092 θα
1052 5032 1119 5115 ὑπὲρ
1135 5036 1188 5092 τῶν
1208 5033 1266 5092 καθ’
1289 5033 1379 5092 ἑαυτὸν
1398 5033 1542 5110 μεριμνῶν.
1551 5032 1612 5091 Ινα

74 5133 139 5192 tiam
162 5129 254 5190 uxoris
267 5127 401 5187 serendam
424 5150 479 5187 esse
503 5127 672 5206 admonente,
691 5141 787 5208 praeter
840 5151 885 5187 ουν
898 5124 993 5204 μήκαὶ
1007 5129 1118 5185 ἐνταῦθα
1137 5124 1197 5202 είπη
1218 5147 1244 5182 τι
1258 5128 1382 5197 τοιοῦτον,
1401 5121 1544 5201 προλαύὼν
1566 5124 1610 5182 διδ

70 5244 172 5287 eumen
184 5218 373 5298 fornicatiouis,
386 5220 479 5281 Petrus
491 5219 551 5281 alus
565 5219 689 5282 omuibus
698 5234 783 5283 taceo
839 5223 888 5292 τῆς
911 5219 1066 5300 παραάολῆτ
1091 5219 1244 5298 προανεῖλεν
1277 5221 1325 5277 αὖ
1326 5223 1354 5276 οὗ
1376 5215 1423 5289 τὴν
1447 5215 1610 5296 ἆντῖῥρησῑν
