3764 5992
644 437 677 484 ru
703 435 967 485 ruscatrrtoneu
994 434 1166 484 acronuu.
1195 438 1232 485 n.
1666 419 1710 489 83

177 563 241 624 ἰιυσί
257 587 297 623 τοι
311 561 411 642 ἀργίαν
423 565 562 642 ἐγκαλεῖν,
574 563 644 625 ἀλλὰ
657 565 751 624 πενίαν
762 567 943 646 διορθοῦσθαι·
995 576 1025 622 ut
1045 562 1105 622 lieri
1123 585 1140 623 a
1155 564 1232 624 nobis
1254 585 1449 647 saepenumero
1462 567 1529 627 solet
1543 566 1572 626 in
1591 588 1637 627 eos
1642 613 1651 644 ,
1663 570 1710 648 qui
1719 585 1829 631 atterente

177 660 216 715 clx
225 653 332 725 ἐποίησέ
347 677 379 713 σε
394 653 545 733 κατήγορον
557 654 669 730 κακίας,
682 657 752 717 ἀλλὰ
765 655 854 736 ἰατρὸν
865 654 943 715 κατί-
994 654 1073 714 nobis
1098 655 1235 736 supplices
1254 671 1410 732 occsurum,
1433 658 1501 719 dum
1527 659 1628 720 crimen
1656 662 1835 722 qffispmperca.

177 771 243 819 στησε
253 755 407 827 συμφορᾶς·
423 748 475 826 σύγ
493 746 538 805 lua
552 747 678 827 όνειδίζης
689 748 808 821 νωθείαν,
823 749 880 807 ἀλλ’
899 746 943 805 luc
995 744 1149 825 objicimus,
1163 747 1236 825 quod
1250 747 1304 807 sint
1314 748 1369 808 otio
1382 749 1479 811 dediti.
1490 752 1561 811 Num
1577 752 1648 811 enim
1658 753 1711 814 hoc

175 847 238 919 γιῑρα
248 837 348 917 ὀρέγης
359 845 419 904 τοῖς
432 837 563 914 κειμένοις
576 861 583 873 ·
594 840 645 918 οὐχ
657 838 700 898 ίνα
713 840 823 918 κακίζῃς
835 836 942 917 τρόπον,
995 836 1046 895 tihi
1054 837 1211 897 mandatum
1221 855 1269 914 est,
1277 841 1314 899 mi
1322 841 1492 903 homoiNon
1501 842 1711 925 tibiimperavit,

176 933 220 989 ἀλλ’
235 929 278 987 ίνα
297 929 385 1005 λύσῃς
411 927 500 1006 λιμόν.
514 927 610 1006 Ἡμεῖς
629 929 657 1005 δὲ
679 929 826 990 τούναντίον
848 935 941 989 ποιοῦ-
995 941 1026 986 ut
1038 927 1172 989 desidiam
1186 929 1228 990 illi
1240 931 1380 1011 objiceres,
1392 933 1440 994 sed
1452 948 1482 993 ut
1499 935 1584 1016 ipsius
1601 936 1712 1014 egestati

175 1045 227 1098 μιν·
245 1020 362 1095 ἀφέντες
383 1019 629 1099 παραμυθήσασθαι
649 1019 709 1088 τοὺς
729 1020 886 1101 προσιόντας
908 1023 941 1100 τῇ
994 1020 1145 1081 remedium
1154 1021 1309 1099 adhiberem
1320 1025 1712 1107 nonteimprobitatisaccusa-

173 1113 229 1173 δόσει
242 1115 297 1170 τῶν
309 1111 483 1192 χρημάτων,
496 1111 543 1170 καὶ
555 1112 796 1192 προσεπιτρίῦομεν
810 1115 897 1171 αὐτῶν
908 1109 942 1169 τδι
996 1125 1080 1171 torem
1098 1114 1209 1191 creavit,
1226 1113 1273 1174 sed
1287 1115 1424 1176 medicum
1437 1116 1595 1177 calamitatis
1608 1119 1711 1178 consti-

172 1203 298 1285 τραύματα
320 1212 385 1270 ταῖς
409 1205 463 1262 τῶν
488 1202 664 1288 ἐγκλημάτων
682 1207 842 1284 ἐπαγωγαῖς.
863 1202 977 1263 ’autu
996 1203 1119 1279 tuit3non
1130 1205 1712 1290 utsegnitiemexprobrares,sedutjacenti·

171 1294 205 1353 ταὶ
226 1293 409 1374 ἀπολογεῖται
433 1297 474 1374 τῷ
500 1293 612 1369 πίνητε,
641 1294 686 1354 καί
714 1298 772 1374 μετ’
801 1294 944 1362 ἐπιεικείας
995 1294 1047 1354 bus
1056 1316 1167 1356 manum
1174 1296 1397 1378 porrigeres3non
1406 1311 1529 1360 utmores
1539 1300 1713 1381 vituperares,

171 1386 311 1465 διαλέγεται
339 1409 347 1423 ·
372 1389 473 1446 nevos
500 1383 569 1465 γὰρ,
597 1385 662 1466 φησὶ
669 1431 677 1460 ,
708 1390 810 1466 πτωχῷ
836 1383 944 1453 ἀλύπως
995 1385 1043 1447 sed
1052 1402 1081 1448 ut
1089 1389 1188 1448 famem
1196 1389 1349 1449 sedares.ht
1357 1411 1405 1449 nos
1414 1392 1709 1453 eontrariumsacimus:

170 1479 190 1539 ri
213 1470 257 1547 ule
283 1502 357 1553 σου,
384 1477 434 1538 καὶ
458 1479 617 1559 δποκρίθητι
647 1483 719 1560 αὐτῷ
751 1481 778 1539 ἐν
812 1479 943 1560 πραότητι
996 1478 1207 1560 nondignamur
1219 1481 1257 1540 ad
1269 1501 1317 1540 nos
1329 1480 1483 1542 accedentes
1493 1483 1613 1563 pecunie
1625 1484 1711 1564 largi·

171 1571 287 1654 εἰρηνικά.
302 1569 448 1654 Ἀργύριον
471 1571 519 1631 καί
530 1571 639 1653 χρυσίω
662 1572 796 1652 ούκίχω·
811 1570 867 1632 δδί
889 1571 944 1652 ίχω
996 1572 1068 1632 tionc
1089 1572 1182 1650 solari,
1202 1571 1249 1632 sed
1263 1586 1289 1631 et
1302 1573 1413 1632 illorum
1437 1574 1712 1636 vulueracrimiuum
1820 1613 1823 1617 ,

170 1665 234 1724 τοῦτό
255 1686 302 1724 σοι
326 1664 453 1740 δίδωμι·
472 1666 500 1722 ἐν
524 1667 564 1743 τῷ
582 1662 693 1741 ὀνόματι
716 1663 805 1737 Ἰησοῦ
826 1664 943 1743 Χριστοῦ
996 1660 1107 1742 insuper
1125 1659 1331 1744 exprobratione
1345 1660 1514 1720 vellicamus.
1531 1661 1606 1735 Quin
1630 1663 1712 1722 etiam

171 1757 271 1837 ίγειραι,
284 1754 338 1814 καί
357 1753 512 1837 περιπάτει
534 1754 590 1815 Δύο
609 1755 722 1815 ίνταῦθοί
738 1759 808 1826 ἐστι,
823 1754 945 1815 πολιτεία
996 1752 1070 1834 apud
1088 1774 1233 1837 pauperem
1254 1774 1281 1812 se
1301 1767 1424 1832 excusat,
1441 1775 1473 1813 ac
1494 1753 1613 1815 modeste
1631 1756 1711 1817 illum

171 1849 206 1909 καὶ
226 1853 332 1925 θαῦμα.
362 1845 508 1920 Πολιτεία,
531 1845 578 1920 τὸ,
607 1845 739 1928 Ἀργύριον
762 1846 808 1907 καί
835 1845 942 1927 χρυσίον
996 1844 1284 1924 alloquiturzlnclina
1298 1846 1380 1922 enim,
1393 1845 1495 1924 inquit,
1508 1852 1631 1927 pauperi
1649 1853 1859 1930 sinemurus.

172 1943 211 2021 riq⁸
233 1941 358 2018 ὑπάρχει
384 1963 430 2016 μοι
452 1938 616 2005 ’πολιτείας
642 1938 695 2020 γδιρ
717 1939 747 1999 τὸ
771 1948 943 2020 καταφρονεῖν
997 1941 1117 1998 tristitia
1127 1960 1228 1998 aurem
1240 1952 1333 2014 tuam,
1341 1952 1370 1997 et
1379 1941 1519 2018 responde
1528 1940 1575 1999 illi
1581 1942 1712 2024 pacifica

172 2033 213 2087 τῶν
229 2029 332 2107 γηίνων
347 2030 534 2109 πραγμάτων,
547 2031 579 2091 τδ
594 2032 669 2110 ῥῖψαι
682 2032 716 2091 τά
731 2031 900 2114 ὑπάρχοντα,
913 2029 944 2090 τδ
956 2085 980 2123 ⁶9
996 2035 1029 2088 in
1049 2033 1281 2090 mansuetudine.
1293 2030 1459 2110 Argentum
1480 2043 1507 2089 et
1526 2053 1631 2093 aurum
1652 2055 1712 2092 non

172 2121 292 2199 ὑπεριδεῖν
318 2124 369 2191 τῆς
391 2118 528 2198 παρούσης
546 2119 739 2198 ματαιότητος·
756 2125 845 2198 θαῦμα
865 2120 892 2180 δὲ
914 2120 943 2180 τὸ
959 2140 977 2184 Α
996 2124 1198 2203 Ιιιεύσυιριεοᾱ
1219 2135 1316 2181 autem
1337 2124 1443 2199 habeo,
1461 2124 1516 2182 hoc
1535 2127 1589 2183 tihi
1611 2127 1649 2183 do
1661 2131 1712 2185 :in

173 2213 259 2289 ἐγεῖραι
268 2212 317 2271 τδν
328 2210 431 2290 χωλὸν,
443 2209 475 2269 τδ
486 2210 626 2292 διορθῶσαι
635 2209 669 2269 τδ
684 2210 752 2287 μέλη
766 2211 801 2270 τδ
813 2235 943 2292 πεπηρω-
996 2219 1113 2272 nomine
1123 2215 1234 2273 Christi
1242 2234 1337 2295 surge,
1345 2215 1510 2274 etnmbulu.
1519 2217 1581 2275 Duo
1591 2231 1652 2276 sunt
1661 2217 1715 2277 hoc'

173 2303 238 2379 μένα.
257 2303 330 2363 Ἰδοὺ
345 2303 435 2362 τοίνυν
449 2303 495 2361 καί
514 2301 636 2362 πολιτεία
657 2302 703 2362 καί
718 2309 816 2383 θαῦμα.
828 2304 941 2383 Ἴδωμεν
995 2305 1064 2383 Ιοτο,
1087 2305 1263 2378 conversatio,
1279 2318 1306 2365 et
1332 2304 1502 2366 miraculum.
1525 2308 1709 2387 Conversatio,

172 2385 208 2452 οἷν
219 2394 298 2457 τόθεν
312 2401 329 2454 δ
343 2393 451 2474 Πέτρος
461 2403 606 2475 καυγδιται,
617 2392 653 2453 Τί
664 2385 750 2469 εἶπεν,
763 2395 804 2456 ότι
818 2396 942 2476 θαύματα
994 2398 1163 2478 Argentum
1179 2410 1206 2456 et
1217 2418 1323 2456 aurum
1342 2411 1456 2457 nonest
1471 2401 1542 2457 mihi
1550 2420 1710 2462 :conversa-

171 2486 282 2559 ίτοίησες
303 2487 405 2547 Καίτοι
424 2483 550 2564 θαύματα
563 2477 597 2559 ἥν
616 2487 768 2559 πεποιηκὼς
788 2488 848 2548 τότε
861 2513 867 2526 ·
881 2491 940 2549 ἀλλ’
995 2488 1077 2549 tionis
1090 2489 1163 2548 euim
1174 2502 1200 2547 et
1211 2487 1324 2548 actionis
1333 2501 1373 2548 cst
1384 2503 1502 2548 terrenas
1515 2512 1557 2549 res
1567 2494 1708 2572 respicere,

169 2581 210 2637 αὑκ
234 2569 294 2638 εἶπε
317 2585 413 2651 τοῦτο,
441 2577 511 2637 ἀλλά
532 2577 574 2651 τίς
600 2576 668 2638 Ἰδοὺ
697 2584 776 2657 ἡμεῖς
801 2581 941 2661 ἀφήκαμεν
993 2581 1134 2641 facultates
1162 2602 1225 2640 suas
1250 2580 1385 2661 abjicere,
1408 2596 1564 2662 praesentem
1588 2605 1712 2664 spernere

168 2670 260 2741 τόντε,
276 2670 328 2729 καὶ
341 2668 563 2746 ἧιολυνθτίσαμίν
577 2691 630 2729 σοι.
645 2660 723 2737 Εἶδες
736 2669 785 2743 τὴν
807 2674 942 2736 πολιτείαν
994 2669 1316 2733 vanitatememiraculum
1326 2690 1389 2729 τετυ
1397 2684 1436 2728 est
1444 2670 1573 2733 claudum
1585 2671 1711 2750 excitare,

167 2763 206 2820 εαὺ
223 2762 254 2820 τὸ
275 2765 391 2838 θαῦμα,
414 2759 461 2818 καί
486 2759 535 2830 rhu
560 2759 695 2820 πολιτείαν
718 2766 942 2842 στεφαωυμίνηνς
994 2762 1156 2824 acmembra
1170 2763 1294 2821 mutilata
1310 2782 1411 2821 sanare.
1425 2762 1494 2821 Ecce
1509 2763 1557 2822 tibi
1572 2785 1636 2843 ergo
1648 2786 1711 2825 con·

166 2844 251 2912 Τίσῖν
275 2859 292 2913 δ
313 2852 434 2932 Χριστός
441 2873 451 2926 3
472 2853 574 2911 Τοῦτον
592 2851 736 2922 ἀπεδέξατο
753 2855 799 2915 καὶ
822 2857 942 2936 ἐπῄνεσε.
994 2855 1205 2916 versationemct
1214 2852 1629 2915 miraculumVideamusautem
1639 2855 1712 2916 uude

167 2944 238 3022 ίίγει
251 2944 308 3025 γδρ
321 2948 401 3021 ύμῖν,
419 2943 516 3023 φησὶν,
540 2942 582 3003 δτι
596 2949 670 3022 ὑμεῖς
688 2950 713 3005 oi
725 2946 832 3026 ἀφέντες
845 2951 942 3027 οἰκίας,
995 2950 1091 3008 Petrus
1113 2946 1254 3027 glorietur,
1269 2944 1345 3019 Quid
1371 2944 1466 3004 dixit?
1479 2967 1514 3006 an
1533 2969 1561 3007 se
1581 2948 1712 3009 miracula

166 3038 205 3095 καί
220 3035 256 3096 ad
274 3036 373 3097 λοιπαί.
387 3039 448 3096 Οὐκ
463 3025 552 3109 εἶπεν,
565 3040 590 3094 ol
611 3038 804 3110 ἀναστήσαντες
827 3042 941 3122 νεκρούς,
994 3040 1132 3102 edidisse?
1146 3037 1267 3099 Tametsi
1292 3038 1398 3096 fuerant
1419 3051 1478 3097 tum
1500 3038 1571 3099 edita
1592 3040 1629 3099 ab
1651 3042 1711 3124 ipso

166 3130 217 3188 ἀλλ’
228 3127 328 3206 Ὑμεῖς
348 3129 376 3188 οἱ
394 3125 506 3207 ἀφέντες
525 3126 560 3186 rh
582 3127 735 3208 ὑπίρχαντα
755 3136 844 3209 ὑμῶν,
858 3135 943 3208 καθή-
994 3131 1124 3193 miracula
1137 3129 1201 3190 :sed
1220 3130 1271 3188 hoc
1286 3150 1339 3188 non
1352 3128 1440 3207 dixit3
1452 3131 1518 3209 quid
1539 3133 1859 3222 ergoldcceinmu,19,

164 3227 232 3282 σεοθε
253 3222 302 3283 ἐπὶ
318 3222 429 3282 δώδεκα
449 3219 571 3303 θρόνους·
586 3221 632 3279 καί
643 3210 703 3290 λπᾶς
722 3223 795 3294 ὅστις
808 3231 894 3308 ἀφῆκε
907 3228 942 3289 τὰ
957 3251 975 3297 13
996 3245 1048 3284 nos
1061 3225 1232 3304 reliquimus
1253 3225 1364 3298 omnia,
1380 3234 1409 3281 et
1420 3227 1537 3303 sequuti
1559 3244 1657 3287 sumus
1671 3241 1708 3288 te.
1721 3234 1760 3279 ²⁷·

164 3314 315 3394 ὑτίρροντα
339 3316 417 3394 αὐτῷ
444 3312 547 3387 πάντα,
571 3312 669 3385 ταύτης
693 3314 873 3377 ἀπολαύσεται
895 3322 943 3391 τῆς
995 3316 1081 3377 vides
1092 3313 1711 3388 conversationemetmiraculum,etconversa·

164 3408 246 3480 τιμῆς.
269 3407 315 3465 Οὔ
343 3403 461 3465 δύνασαι
484 3407 634 3476 ἀναστῆσαι
656 3406 760 3484 χωλὸν,
788 3409 943 3489 καθάπερὺ
994 3407 1062 3467 doni
1089 3405 1208 3488 palmam
1240 3404 1350 3464 tribui?
1372 3404 1448 3476 Quid
1472 3427 1540 3485 ergo,
1566 3408 1711 3470 Christus?

166 3498 273 3576 ίΙίτρυςς
287 3496 377 3556 Ἀλλὰ
389 3496 504 3557 δύνασαι
513 3499 612 3569 εἰπεῖν,
627 3500 663 3564 ιὺς
675 3501 788 3567 ἐκεῖνος·
806 3502 942 3584 Ἀργύριον
996 3497 1202 3559 ίωωιιιτινάετὶι
1220 3518 1294 3575 eum,
1305 3496 1437 3559 laudavit.
1454 3499 1522 3557 Dico
1538 3500 1709 3580 enimvobis,
1723 3523 1784 3567 tota.
1795 3534 1861 3581 ¹³9·

165 3586 203 3646 καί
211 3587 326 3669 χρυσίον
335 3590 391 3667 or'rq
404 3587 521 3668 ὑπάρχει
530 3609 585 3665 μοι.
600 3587 657 3647 Ιίδιν
671 3593 748 3650 τοῦτο
757 3590 849 3671 εἴπης,
866 3592 943 3674 ἐγγύς
994 3591 1094 3669 inquit,
1107 3589 1180 3669 quod
1196 3610 1246 3648 vos
1259 3589 1308 3666 qui
1320 3587 1466 3666 reliquistis
1489 3589 1595 3664 domos,
1612 3605 1638 3650 et
1651 3615 1712 3672 qua}

164 3681 243 3758 titum
257 3688 307 3742 τοῦ
327 3678 458 3759 Πέτρου·
473 3679 574 3756 μᾶλλον
593 3677 622 3739 dl
645 3679 703 3740 οὐδὲ
728 3682 759 3739 δν
774 3682 864 3762 εἴπῃς,
882 3687 941 3743 ἀλλ’
994 3696 1151 3762 sequuntur.
1166 3683 1225 3740 Non
1246 3679 1330 3757 dixit,
1349 3680 1405 3751 Qui
1420 3694 1541 3740 mortuos
1553 3683 1711 3762 suscitastis,

165 3773 203 3832 ίίν
221 3773 350 3853 ποιήσῃς.
375 3773 421 3832 Οὐ
442 3771 552 3831 δύνασαι
574 3769 655 3852 ξηρδν
683 3774 825 3855 διορθῶσαι
844 3786 941 3857 χεῖρα,
994 3772 1041 3835 sed
1055 3776 1112 3832 Vos
1124 3775 1175 3851 qui
1185 3770 1344 3851 reliquistis
1359 3773 1435 3829 hona
1449 3786 1560 3845 uestra,
1577 3776 1714 3836 sedebitis

164 3866 234 3926 ’tut
254 3867 374 3926 δύνασαι
396 3863 448 3936 τὴν
472 3870 582 3924 σεαυτοῦ
598 3874 677 3945 χεῖρα
700 3864 780 3945 ξηρδν
802 3870 941 3948 γινομένην
994 3885 1080 3946 super
1092 3864 1175 3922 sedes
1189 3863 1341 3921 duodecim
1352 3874 1393 3920 :ct
1407 3863 1503 3933 omnis,
1513 3863 1561 3942 qui
1575 3864 1712 3944 reliquerit

164 3959 206 4018 ὑπὸ
217 3956 421 4036 ἀπανθρωπίας
433 3960 545 4028 ποιῆσαι
568 3960 710 4029 ἐκταθῆναι
731 3956 775 4018 διδ
796 3962 942 4041 φιλαιθρω-
994 3956 1082 4015 omnia
1098 3955 1167 4014 bona
1181 3975 1231 4014 sua
1244 3999 1253 4028 ,
1268 3953 1398 4014 honorem
1418 3954 1501 4014 isturn
1521 3973 1707 4037 consequetur.

164 4049 224 4118 τίας.
246 4051 297 4124 Μὴ
319 4051 396 4110 loru
412 4047 481 4128 γδρ,
495 4048 588 4128 φησίν,
602 4054 620 4121 ἡ
633 4049 694 4131 χείρ
713 4074 760 4110 σου
780 4054 940 4130 ἐκτεταμένη
994 4050 1055 4108 Non
1069 4061 1144 4129 potes
1160 4045 1288 4105 claudum
1309 4046 1412 4125 erigere
1418 4091 1426 4121 ‚
1450 4046 1520 4107 sicut
1542 4048 1661 4109 Petrus?
1676 4055 1712 4111 ht

164 4145 232 4210 εἷςτδ
243 4144 362 4216 λαύεῑν,
375 4145 405 4201 ἐν
424 4143 453 4201 δί
468 4144 505 4221 τῷ
523 4141 622 4201 διδόναι
636 4143 843 4222 συνεσταλμένη.
858 4143 942 4226 Ὁρᾷς
993 4154 1068 4221 potes
1080 4139 1178 4215 dicere,
1193 4150 1222 4196 ut
1238 4136 1285 4196 ille
1295 4161 1302 4196 :
1312 4137 1479 4216 Argentum
1492 4151 1521 4196 et
1535 4159 1639 4198 nurum
1651 4162 1710 4199 non

163 4235 196 4295 ίτι
208 4240 258 4318 &L
272 4241 291 4309 ἡ
307 4235 443 4317 ξηρότης,
460 4233 530 4292 ἀλλὰ
548 4234 593 4293 καί
609 4236 786 4316 ἀπανθρωπία
805 4237 941 4298 συστέλλει
993 4247 1035 4292 est
1046 4233 1128 4290 mihi.
1140 4228 1222 4302 Quod
1231 4229 1254 4288 si
1268 4228 1320 4288 hoc
1333 4226 1445 4303 dixeris,
1456 4229 1542 4288 factus
1555 4251 1583 4288 es
1596 4232 1709 4312 propin-

164 4327 204 4400 rhu
215 4338 312 4409 χεῖρας
321 4326 468 4387 Ἔκτεινον
482 4317 527 4386 σύν
540 4326 620 4400 αὐτὴν
635 4327 677 4386 δεδι
687 4328 883 4409 φιλανθρωπίας
894 4330 939 4389 καί
955 4344 974 4393 c
992 4345 1062 4402 quus
1076 4326 1171 4383 Petro:
1182 4321 1236 4381 imo
1249 4343 1314 4382 uero
1327 4342 1380 4380 non
1404 4322 1427 4380 si
1446 4320 1558 4387 dixeris.
1574 4323 1620 4381 scd
1634 4325 1655 4382 si
1669 4325 1710 4383 sc-

163 4420 347 4499 ίδεημοσύνης.
371 4419 416 4478 Oh
441 4416 552 4478 δύνασαι
574 4418 695 4479 ίκύαλεῖν
720 4419 832 4498 δαίμονα
839 4443 848 4496 3
869 4420 939 4480 Ἀλλ’
993 4416 1070 4475 ceris.
1095 4417 1155 4474 Nou
1177 4427 1253 4495 potes
1276 4412 1382 4472 aridam
1398 4434 1508 4472 manum
1528 4415 1642 4473 sanare?
1656 4416 1710 4475 Sed

162 4511 249 4572 δείελα
275 4509 432 4590 ἁμαρτίαν,
458 4508 505 4569 καί
520 4508 628 4588 μείζονα
647 4511 721 4591 λήψη
741 4510 845 4588 μισθόν.
863 4503 940 4581 Εἶδες
993 4521 1069 4590 potes
1082 4527 1191 4565 maurim
1208 4518 1293 4581 tuam,
1308 4527 1391 4583 quam
1410 4505 1592 4564 inhumanitas
1605 4505 1709 4567 aridam

161 4608 211 4670 τῖες
239 4609 386 4682 πανταχοῦ
417 4607 435 4673 ἡ
465 4601 588 4660 πολιτεία
613 4602 659 4662 καί
684 4602 718 4662 τδ
745 4603 939 4684 κατορθώματα
991 4597 1129 4672 reddidit,
1142 4619 1189 4678 per
1205 4595 1400 4655 humanitatem
1419 4595 1570 4656 extendere.
1583 4599 1652 4656 Non
1671 4604 1708 4658 sit
1719 4611 1859 4672 unstruth.

163 4697 262 4771 μείζονα
274 4695 388 4754 ἔπαινον
402 4692 459 4774 ἔχει
471 4698 524 4753 τῶν
538 4694 698 4772 θαυμάτων,
712 4695 757 4754 καί
770 4695 879 4754 πλείονα
890 4695 938 4769 τὴν
991 4693 1072 4769 eninr,
1084 4692 1180 4770 inquit,
1188 4703 1324 4772 porrecta
1338 4711 1443 4749 mances
1454 4703 1506 4750 tua
1515 4691 1557 4749 ad
1566 4695 1708 4768 accipien-

164 4787 288 4865 ίμοιύήνς
303 4788 340 4846 Εἰ
353 4784 383 4844 δὲ
400 4786 505 4864 βούλει,
518 4786 565 4845 καί
582 4786 708 4867 ἑτέρωθεν
721 4792 799 4846 τοῦτο
812 4785 938 4866 δείξομεν.
991 4789 1073 4860 dum,
1086 4800 1113 4844 et
1126 4786 1167 4843 ad
1179 4785 1311 4842 dandum
1326 4784 1462 4842 collecta.
1477 4782 1564 4845 Vides
1583 4805 1634 4843 non
1647 4785 1706 4845 ari-

164 4879 312 4960 Ιίροαῇθον
335 4881 427 4959 αὐτῷ,
443 4879 540 4958 φησίν,
564 4882 588 4938 ol
606 4878 789 4958 ίόδομήκοντα
806 4881 937 4959 μαθηταί,
990 4879 1121 4954 ditatam,
1142 4875 1190 4936 sed
1214 4875 1438 4935 inhumanitatem
1466 4896 1571 4953 quoque
1597 4898 1706 4938 manum
1800 4914 1803 4920 ·

167 4970 206 5028 ταὶ
216 4969 342 5050 ἔγειραν,
362 4968 412 5029 καί
424 4968 516 5048 ἔλεγον
532 4993 539 5006 ·
556 4968 652 5052 Κύριε,
666 4973 693 5030 tv
706 4975 746 5052 τῷ
759 4971 870 5050 ὀνόματί
891 4996 937 5033 σου
991 4967 1165 5030 contrahere?
1176 4966 1301 5027 Extende
1312 4966 1396 5046 igitur
1411 4965 1486 5024 illam
1497 4988 1544 5047 per
1553 4967 1708 5030 humanita⁸

168 5061 208 5118 ταὶ
218 5063 250 5121 τὰ
267 5062 394 5139 δαιμόνια
410 5065 476 5139 ἡμῖν
489 5060 663 5122 ὑπακούωσι
678 5063 731 5124 Καί
744 5062 817 5142 λέγει
836 5067 937 5132 αὑτοῖς·
992 5077 1045 5122 tem
1058 5075 1083 5122 et
1094 5061 1300 5141 eleemosynam.
1311 5059 1372 5118 Non
1385 5070 1460 5138 potes
1474 5057 1706 5140 daemouemejice·

172 5152 335 5235 μὴχαίφετε,
356 5152 400 5215 ότι
414 5153 450 5213 ud
471 5153 600 5231 δαιμόνια
620 5157 683 5232 ὑμῖν
703 5155 847 5231 ὑπακούει,
868 5156 938 5216 ἀλλὰ
989 5156 1037 5216 rel
1049 5153 1103 5216 Sed
1115 5167 1256 5235 peccatum
1268 5149 1347 5230 ejice,
1362 5150 1544 5231 majoremque
1557 5151 1705 5211 mercedem

173 5246 281 5324 ιςαίρετε,
297 5245 340 5307 δτι
350 5245 385 5307 τδ
397 5245 520 5325 ὀνόματα
535 5248 611 5324 ὑμῶν
624 5245 773 5327 γίγραπται
783 5250 809 5308 ἐν
821 5258 875 5316 τοῖς
888 5252 936 5308 ού-
989 5247 1114 5328 accipies.
1134 5243 1221 5307 Vides
1243 5262 1297 5320 quo
1318 5255 1396 5321 pacto
1418 5243 1583 5306 conversatio
1596 5256 1622 5301 et
1633 5241 1705 5303 bona
