3764 5992
128 399 200 476 διδ
458 414 490 465 s.
516 412 659 465 rosaria
683 410 868 461 euausosr.
896 406 1054 455 ancittae.
1083 400 1357 455 cousraumrtor.

126 541 209 603 menti
223 538 401 601 assentiamur
412 558 469 599 esse
478 538 577 599 Deum
590 533 716 597 Sieenim
728 548 842 614 appare·
858 520 881 603 Β,
896 522 976 585 Getis.
995 526 1176 608 Εθρεθήσιται
1197 525 1250 607 γὰρ
1273 524 1345 587 κατὰ
1365 524 1443 604 λόγον

125 633 251 707 bit,eum
263 629 359 691 ordine
373 628 482 691 etbona
495 628 651 689 rationeret
663 637 767 685 nostras
782 619 844 680 dis·
897 617 1053 695 οἰκονομῶν,
1063 619 1124 680 τότι
1138 618 1187 698 μέν
1209 618 1252 678 διδ
1269 622 1316 679 τοῦ
1335 616 1458 696 νόμου,ν

127 746 248 807 ριοοσπσ,
262 721 450 803 tunequidern
473 720 630 803 perlegem,
657 736 730 776 nune
754 726 845 774 antem
897 707 1120 789 χάριτος,κπὶοδ
1136 712 1309 793 προσφάτως,
1326 708 1387 770 οὗδδ
1404 732 1458 769 sau

126 815 324 897 pergratiam:
340 828 367 874 et
382 833 551 889 renascens,
573 829 659 891 neque
678 828 773 888 nuper,
797 802 845 863 aed
898 804 942 859 θεν
962 802 1008 861 καὶ
1030 805 1061 862 ἔκ
1080 802 1189 887 πρώτης
1210 804 1313 884 ἡμέρας
1326 807 1376 875 τῆς
1387 805 1458 880 itm

122 909 181 989 jam
196 906 308 971 indeab
326 906 403 966 initio
418 919 446 965 et
458 926 473 965 a
485 904 573 987 prima
596 923 681 982 usque
692 899 739 959 die
754 909 844 959 notua
900 889 977 968 μένος
990 895 1121 974 προνοίας.
1135 893 1196 955 Ἵνα
1209 892 1238 955 δλ
1253 893 1379 974 μιιζίνως
1394 896 1458 953 αὖτέ

126 1000 218 1061 omnia
233 998 391 1079 gurbei-nara.
405 998 469 1071 Quo
482 1010 573 1055 autem
587 994 674 1073 magis
696 1008 845 1051 eorumora
900 986 1106 1066 δποῤῥήρωμιν,
1118 988 1194 1071 ρέρι,
1208 986 1255 1047 καλ
1270 986 1353 1055 auri:
1370 985 1420 1052 τδς
1440 989 1458 1064 i*

126 1091 309 1166 obstruamus,
323 1108 373 1169 age
384 1089 442 1169 jam
455 1086 606 1148 momoria
619 1100 679 1145 tum
697 1080 846 1165 propheta·
899 1096 1001 1153 γωμιν,
1014 1077 1060 1136 καί
1073 1078 1223 1159 προφήτας,
1242 1078 1289 1139 καὶ
1304 1075 1458 1139 imminu

127 1204 200 1257 nam,
209 1195 268 1241 tum
280 1180 464 1263 apostolorum
476 1176 652 1249 adducamus,
658 1172 845 1248 clamantium,
899 1170 1001 1241 Καινῆς
1013 1169 1058 1229 καὶ
1072 1172 1196 1239 Παλαιδς
1209 1163 1248 1239 aie
1266 1174 1338 1233 θστιν
1359 1174 1374 1230 ὁ
1395 1191 1458 1249 νομσ

127 1294 215 1335 υπυυι
238 1294 295 1333 asae
315 1272 454 1353 utriusque
474 1268 639 1331 Testamenti
656 1266 847 1347 legislatorum.
900 1259 987 1321 τοίνυν
1002 1264 1040 1331 τίς
1056 1263 1138 1343 μέσον
1155 1269 1171 1325 ὁ
1187 1266 1219 1325 ia
1240 1262 1344 1332 κοιλίας
1369 1263 1458 1341 denari

128 1363 259 1425 Procedat
280 1364 364 1445 igitur
376 1362 405 1423 in
428 1361 550 1423 medinm
571 1358 701 1421 Jeremiar
720 1356 749 1416 in
771 1352 1029 1437 utero2731ainirrd
1041 1361 1118 1415 τοῦτο
1137 1356 1264 1416 δεικνύτω
1283 1358 1375 1437 σσρῶς
1388 1354 1435 1414 ἕνα
1456 1380 1458 1387 ’

129 1456 359 1533 montanea
370 1454 465 1536 probet
478 1452 530 1513 hoe
542 1451 692 1527 manifeste,
700 1468 849 1507 untimesse
867 1446 1029 1527 Δέκατίρας
1056 1448 1118 1507 ὄντα
1144 1453 1193 1521 τῆς
1215 1448 1352 1523 Διαθήκης
1373 1446 1453 1508 Θιόν.

129 1547 309 1625 eumdemque
322 1548 411 1607 Deum
431 1559 490 1605 tum
502 1543 574 1605 Novi
588 1539 765 1613 Testamenti,
790 1552 849 1598 tum
902 1562 992 1619 φησιν,
1006 1542 1038 1599 έκ
1058 1536 1202 1621 προσιέκσυ
1216 1545 1265 1601 ταῦ
1284 1539 1428 1619 νομοθέται
1439 1562 1458 1597 κ

130 1638 248 1701 Veteris.
262 1636 339 1713 Quid
351 1637 437 1718 igitur
447 1636 494 1696 hie
503 1635 571 1696 dicit
582 1656 619 1695 ex
636 1648 751 1716 panone
763 1631 849 1709 legis-
903 1631 1020 1710 θήσομαι
1038 1637 1101 1712 θμῖν
1116 1632 1245 1707 διαθήκην
1263 1632 1369 1708 καινήν,
1390 1635 1421 1693 ολ
1439 1656 1458 1691 κ

12 1764 67 1793 nm.
83 1730 226 1794 arlauno
239 1730 382 1791 clamatu?
396 1732 632 1790 Testnboroobis
645 1738 851 1786 testamentum
903 1747 964 1797 κην,
977 1726 1010 1797 ἣν
1036 1725 1161 1803 διιθίμην
1179 1735 1235 1793 τοῖς
1255 1724 1388 1807 πατράσιν
1405 1726 1458 1803 θμδ

1 1821 23 1855 ¹·
135 1844 253 1895 novum,
268 1842 329 1881 non
344 1826 420 1882 sieut
442 1833 646 1881 testamentum
666 1818 746 1899 quod
760 1828 852 1874 testa·
905 1816 1007 1889 Καινήν
1028 1820 1116 1884 αθτοῖς
1141 1818 1308 1897 διαθέμενος,
1332 1816 1410 1885 αὐτός
1433 1819 1458 1877 le

134 1929 181 1975 tus
206 1934 270 1974 sum
282 1915 417 1994 patribus
433 1915 549 1971 vestris.
572 1912 669 1987 ltaque
683 1908 732 1987 qui
743 1908 853 1966 Novum
906 1910 1030 1968 Παλαιὰν
1043 1906 1104 1977 δοὺς
1116 1908 1193 1976 Θαίς.
1207 1908 1338 1969 Ἐνταῦθα
1356 1907 1404 1967 καλ
1422 1905 1458 1967 τοί

133 2009 338 2067 Testamentum
351 2002 436 2077 dedit,
450 2002 523 2063 idern
546 2016 585 2062 est
609 2002 694 2077 Deus,
723 1999 771 2077 qui
787 1998 852 2058 oiim
906 2005 952 2059 τοῦ
965 1998 1326 2079 Σαμοσστίωςέπιστόμισιν
1336 2001 1448 2071 ἱκανῶς,

15 2118 77 2161 aaut
87 2096 311 2161 aa-Vetusetiam
329 2094 399 2155 illud
412 2094 531 2155 dederat.
547 2093 600 2153 Hie
611 2114 675 2153 sane
689 2091 767 2151 Pauli
788 2112 854 2170 quo-
906 2115 962 2153 νιον
981 2091 1091 2173 ὕπαρξιν
1107 2096 1243 2176 διαιρῶσι
1258 2098 1305 2151 τοῦ
1321 2095 1458 2172 λθονογινσΙ

134 2282 182 2361 qui
192 2292 291 2361 negant
303 2292 366 2338 ante
388 2277 486 2339 secula
498 2277 581 2337 fuisse
593 2275 771 2357 Unigenitum
794 2275 855 2335 Dei.
908 2283 1023 2358 φανῆναι
1036 2280 1064 2337 έν
1081 2277 1177 2361 σαρκὶ,
1197 2276 1458 2356 ιπῗιςδνομοθίτιιδρ

133 2372 165 2435 Si
178 2372 251 2432 enim
269 2384 331 2431 ante
352 2368 446 2431 Mariae
469 2382 589 2448 parterm,
613 2381 640 2427 et
661 2381 804 2448 antequam
826 2368 854 2426 in
908 2369 999 2450 δλεγι,
1018 2370 1189 2448 Διαθήσομπι
1210 2372 1274 2448 ὑμῖν
1297 2368 1427 2443 διαθήκην
1441 2392 1458 2427 κ

133 2484 216 2527 mame
228 2460 416 2544 adridendum
424 2461 566 2543 praeberet,
580 2480 633 2520 non
645 2472 713 2537 erat,
721 2459 857 2539 qaromodo
908 2461 958 2536 ιήν
972 2462 1111 2537 διαθήκην,
1127 2464 1161 2537 ήν
1173 2462 1296 2540 διεθέμην
1308 2469 1365 2531 τοῖς
1377 2485 1458 2543 πατρι

133 2558 220 2639 legem
246 2555 348 2615 suebat
357 2573 421 2613 eum
435 2572 490 2613 non
503 2552 595 2612 esset?
608 2550 746 2631 quomodo
766 2565 857 2610 autem
874 2567 892 2614 o
909 2554 962 2636 γὰρ
974 2555 1075 2617 διέθιτο
1091 2564 1146 2624 τοῖς
1158 2555 1290 2637 πατρίσιν
1303 2556 1391 2614 αὐτῶν
1403 2552 1458 2632 μήί

133 2646 255 2709 dicebat:
267 2648 408 2707 Testabor
418 2647 504 2705 uobis
518 2656 725 2704 testamentum
738 2665 856 2718 novum,
909 2646 956 2719 ὢν,
972 2646 1042 2708 κστίι
1055 2647 1100 2708 τδν
1119 2647 1227 2709 auteur
1248 2646 1340 2725 λόγους
1354 2644 1435 2705 ’λλλδ

135 2760 196 2800 non
219 2742 296 2799 sieut
317 2748 532 2810 testamentum,
548 2736 629 2816 quod
641 2748 766 2796 testatus
792 2756 856 2797 sum
911 2739 959 2818 μίν
988 2740 1034 2801 καλ
1058 2738 1119 2808 τοὺς
1143 2739 1178 2800 ri
1198 2738 1334 2799 Ἰουδαίων
1357 2745 1458 2798 νοσαΰνν

134 2833 270 2912 patribus
289 2826 564 2907 uestristquomodo
577 2827 649 2887 enirn
666 2841 857 2890 testamentum
910 2830 988 2905 ἱκανή
1002 2835 1098 2903 στῆναι
1113 2836 1131 2905 ή
1152 2837 1198 2892 τοῦ
1217 2830 1352 2913 προρήτου
1368 2852 1456 2911 μαρτο

134 2920 218 2983 dabat
235 2921 360 3005 patribus
378 2941 481 2995 eorum,
498 2940 562 2980 cum
584 2918 704 2981 nondum
720 2936 799 2993 esset,
829 2936 859 2982 ut
911 2922 1374 3005 Μανιχαίουςθπιστομίσωμιν,δπδ
1387 2922 1458 2993 rici

135 3014 177 3074 iiii
198 3013 308 3094 quidem
321 3010 651 3073 astirnaant?Sedoontra
669 3012 780 3075 Judaeos
793 3014 859 3095 qui·
910 3017 1003 3098 τυρίαν
1026 3016 1235 3099 παραγάγωμεν,
1262 3015 1353 3087 ἐπειδὴ
1384 3019 1431 3085 τῆς
1455 3016 1458 3072 J

135 3104 209 3182 dem,
235 3103 384 3183 eodemque
407 3103 502 3164 morbo
527 3102 682 3165 laborantes
695 3104 859 3183 Paulianae,
912 3111 1001 3176 aiente
1015 3113 1072 3170 ἐστι
1082 3108 1172 3189 λόγος,
1188 3109 1288 3187 μᾶλλον
1302 3106 1330 3166 δέ
1348 3106 1407 3166 etet
1420 3109 1454 3177 τῆ

136 3196 265 3257 idoneum
286 3193 415 3275 estquod
442 3208 594 3277 opponatur
618 3195 757 3279 prophetae
778 3195 860 3279 hujus
911 3203 959 3261 καὶ
970 3201 1080 3275 ταύτην,
1094 3203 1126 3274 ήν
1140 3201 1246 3262 δοκοῦσι
1257 3209 1348 3280 τιμᾷν,
1361 3203 1411 3280 ον’νρ
1427 3189 1458 3270 ήτ

137 3288 337 3349 testimonium:
352 3300 479 3347 utentem
495 3287 575 3347 etiam
592 3287 804 3349 Maniehaeorurn
815 3310 861 3349 ora
912 3294 1089 3377 θνδρίςοοσιν·
1101 3294 1140 3352 ένλ
1151 3292 1199 3372 μέν
1209 3290 1360 3373 τρόπῳ,τι’ρ”ν
1372 3296 1419 3363 τῆς
1429 3292 1457 3349 Π

135 3380 321 3458 onhibeamus,
349 3400 385 3440 ex
403 3381 483 3441 Nora
500 3381 671 3441 Testamento
693 3380 862 3442 adducamus
913 3386 959 3446 καλ
972 3385 1003 3445 ei>
1020 3384 1171 3453 ἀξιόπιστον
1189 3386 1270 3456 αὐτῆς
1289 3382 1458 3462 λυμήνασθαι

137 3472 330 3546 testimonium,
344 3471 565 3553 quandoquidem
583 3474 671 3535 Vetus
690 3473 773 3534 nihili
795 3495 862 3557 [ren-
913 3482 965 3537 τῶν
980 3481 1006 3537 ἐν
1022 3478 1089 3556 αὐτῇ
1110 3475 1238 3553 κειμένων
1262 3480 1311 3548 τῆς
1329 3474 1455 3549 ἀληθείας

136 3562 225 3625 dunt:
240 3564 295 3624 imo
308 3584 375 3623 rem
385 3562 466 3623 etiam
481 3564 602 3642 Novum,
613 3564 657 3624 eui
671 3566 798 3645 quamvis
809 3566 860 3627 ho·
877 3585 897 3634 c
914 3572 988 3649 έντῇ
1005 3570 1116 3648 Παλαιᾷ
1132 3573 1299 3650 προρητιιῶν
1314 3574 1332 3641 ἡ
1346 3591 1458 3650 προαναι

138 3675 233 3717 norem
246 3656 346 3716 habere
356 3654 449 3715 videre
461 3654 556 3728 veiint,
569 3677 621 3717 non
632 3657 765 3719 minorem
773 3673 863 3721 tamen
915 3661 1126 3744 θποσιρσρέντις
1139 3651 1210 3721 οὗτοι
1228 3662 1274 3721 οὐκ
1288 3661 1457 3721 αἰσθάνονται

139 3747 205 3809 huie
228 3769 310 3826 qnam
331 3747 372 3806 illi
402 3746 480 3807 alteri
500 3746 630 3828 injuriam
653 3749 773 3811 inierunt
787 3774 794 3809 ε
809 3772 863 3812 uno
916 3757 1016 3836 μᾶλλον
1032 3754 1091 3823 τοὺς
1111 3753 1272 3821 ἀποστόλους
1292 3753 1458 3830 ἀτιμάσαντι

139 3837 251 3916 quidem
265 3839 356 3911 modo,
372 3838 447 3917 quod
459 3838 528 3898 dum
538 3840 608 3901 illud
625 3844 746 3904 aveteri
759 3845 863 3904 exscin·
915 3848 1007 3930 τρόπῳ
1033 3847 1117 3929 τούτῳ
1135 3846 1183 3919 τήν
1205 3846 1307 3919 Καινήν
1331 3844 1458 3927 καθυδρίζ

140 3926 219 4004 dunt,
243 3928 327 4011 liujus
354 3951 463 4008 quoqne
485 3932 672 3993 auctoritatem
695 3934 863 3996 labefactant.
916 3942 997 4002 πάλιν
1011 3940 1138 4023 δευτέρῳ,
1151 3943 1190 4021 τῷ
1203 3938 1237 3999 τὰ
1257 3938 1365 3999 πλιίονα
1380 3942 1458 4007 αὐτῆς

140 4022 203 4082 Non
216 4021 393 4093 parumenim
407 4021 549 4082 veritatem
559 4024 618 4105 ejus
631 4024 770 4087 illustrant
783 4030 865 4090 Vete-
918 4032 1045 4093 ἀλλὰκαὶ
1059 4032 1125 4104 πίω-λ
1139 4034 1275 4113 τῶνένιῇ
1296 4032 1364 4109 σίν-ᾖ
1388 4054 1458 4108 κιιμα

142 4112 182 4173 ris
200 4112 365 4173 Testamenti
375 4114 570 4195 prophetarum
581 4117 725 4196 preconia,
739 4139 808 4197 quos
820 4119 866 4180 isti
917 4126 1115 4200 Ιτοιναιίτη,ιίις
1133 4124 1178 4184 καλ
1199 4126 1245 4185 ἀπ’
1268 4128 1355 4185 αὐτῶν
1378 4128 1431 4185 τῶν
1452 4126 1458 4184 l

141 4204 349 4265 aremandonon
361 4205 516 4285 intelligunt
528 4206 630 4287 majore
642 4209 866 4290 apostolosquam
919 4244 997 4301 pam
1013 4223 1098 4279 αὐτῶν
1111 4218 1232 4299 γενέσθαι
1249 4227 1320 4278 ποιαῑ
1337 4218 1386 4291 τήν
1403 4240 1457 4278 ναν

142 4304 288 4387 prophetas
295 4303 455 4364 contumelia
468 4325 496 4364 se
510 4304 625 4365 afficere.
637 4303 736 4383 Unam,
745 4307 866 4388 inquam,
919 4310 1088 4372 ἀποκοπέντα
1102 4310 1170 4390 μέλη
1181 4310 1273 4391 apaten
1283 4310 1329 4369 καὶ
1341 4314 1407 4391 βοᾷ,
1417 4308 1458 4383 τήν

144 4398 222 4457 Nero
236 4398 409 4457 Testamentn
431 4395 559 4477 injuriam
572 4396 675 4457 faciunt
686 4397 766 4459 istam
779 4423 788 4477 ;
813 4401 867 4461 alio
921 4404 988 4483 μέλη
1000 4402 1154 4485 ουμρωνίαν
1168 4405 1349 4476 ἐπιζητοῦντα.

143 4508 209 4549 vero
228 4487 310 4549 modo
325 4488 433 4560 iterum,
448 4486 522 4567 quod
544 4488 644 4549 bonam
663 4510 698 4549 ex
717 4512 749 4551 eo
762 4507 867 4574 partem

145 4594 273 4641 reseram.
300 4584 423 4641 Attamen
437 4593 512 4640 tanta
527 4595 566 4641 est
583 4602 688 4659 eornm,
701 4606 760 4663 qna
779 4585 807 4645 in
819 4586 867 4645 illo

146 4674 326 4749 eontinentur,
338 4673 391 4751 vis,
408 4687 439 4732 ut
451 4673 495 4732 ret
512 4695 547 4733 ex
562 4673 628 4755 ipsis
649 4675 773 4756 reliquiis
790 4678 868 4738 facile

147 4766 311 4829 maleficium
324 4766 436 4826 istorum
445 4760 676 4847 deprehendatur:
685 4782 784 4829 resecta
797 4769 869 4829 enim

148 4860 269 4921 membra
278 4859 408 4930 clamant,
417 4871 443 4917 et
455 4856 598 4939 pristinum
607 4880 670 4919 eum
681 4861 737 4921 suis
742 4862 870 4923 membris

149 4974 306 5015 eonsensum
316 4949 497 5012 indesinenter
509 4951 658 5030 requirunt.

21 5066 141 5112 aratam
191 5050 220 5109 5.
233 5043 378 5119 Quomodo
396 5043 482 5125 igitur
499 5041 744 5106 demonstrabimus
763 5048 907 5112 Veteriso
963 5046 1027 5116 Πῶς
1036 5037 1081 5108 οὖν
1096 5044 1276 5126 ἀποδιίξομιν,
1287 5045 1328 5107 dra
1346 5048 1449 5121 Καινῆς

183 5220 195 5245 ·
211 5209 314 5266 Τσσκὺτη
323 5202 393 5256 deest
405 5205 432 5257 in
441 5205 500 5255 ttae.
510 5202 586 5273 [Cod.
599 5206 648 5256 748
660 5209 705 5259 iias.
716 5213 781 5269 ἱκανή
792 5208 842 5273 ὥς]
