3764 5992
738 478 919 531 sorssors.
1531 488 1596 559 7¹¹

57 608 232 690 λογιζομίνη,
245 604 371 668 δέσποινά
387 628 438 684 μου
458 602 666 687 θεοριλεστιίτη,
679 602 831 687 θίιηλοσίρα
882 622 977 663 sumus
989 622 1072 682 quam
1089 604 1137 684 qui
1151 604 1180 666 io
1193 604 1428 688 portujaetsn'tur.
1441 607 1508 669 iisse
1518 609 1606 689 igitur

57 704 131 781 γίνου
153 704 206 759 τῶν
228 698 343 781 tepidos
361 696 477 771 τούτοιν,
495 697 540 756 καί
554 700 607 756 τῶν
620 694 772 771 κλυδώνιον,
784 696 831 755 καλ
882 692 942 774 ipse
952 715 1134 773 quoqueeum
1146 696 1238 757 animo
1248 698 1605 781 tuopsrpendens,domins

58 794 180 868 δηλῶσαί
191 817 237 872 μοι
253 790 416 860 καταξίιοσον
427 788 461 850 τά
471 787 591 871 περὶτῆς
601 786 759 868 ίνγιείαςτῆς
773 791 831 860 σῆς·
883 805 943 845 ntea
955 784 1167 865 religiosissima,
1177 787 1604 873 hostumultmsestrepitmsu-

57 893 138 964 ἡμεῖς
160 886 225 999 γάρ
231 888 257 945 ἐν
264 881 366 994 ’,ὑγιείρ
386 882 433 941 καί
446 884 474 941 ἐν
487 880 599 964 εὖθυμίῳ
620 880 755 961 διάγομεν.
778 878 832 939 Καί
883 897 958 958 pera,
968 876 1056 955 deque
1064 891 1110 937 tua
1120 878 1328 940 valetudinelbe
1339 902 1384 942 me
1383 882 1607 986 ,quadratio-

58 979 113 1061 γάρ
134 978 181 1037 καλ
200 1000 231 1036 το
245 980 324 1053 σῶμα
341 970 643 1057 ἡμῖνίρρονμενίστερον
657 971 765 1085 γίγσνε,
786 970 832 1031 καί
883 989 961 1027 rem:
973 988 1023 1028 nos
1032 969 1105 1029 enim
1118 983 1145 1029 et
1157 971 1298 1031 commoda
1317 993 1439 1055 eorporis
1451 972 1609 1035 valetudine

59 1068 176 1152 καθαρὸν
199 1064 364 1143 ἀναπνέομεν
385 1064 469 1146 ἀίρε,
492 1062 565 1125 eles
586 1064 834 1142 συναποδημοῦντες
885 1074 912 1119 et
921 1081 950 1119 ro
959 1081 1043 1120 animi
1036 1061 1333 1143 hilaritatedegrmus
1340 1067 1607 1147 Nemetoorpustto·

60 1167 126 1240 ἡμῖν
144 1156 321 1240 ι’ίπαρ-γικοί,
336 1157 405 1217 οὕτω
419 1154 616 1238 θεραπεύουσιν,
627 1154 670 1215 ὅτι
684 1154 744 1217 otti
759 1158 833 1216 σίκε-
885 1168 973 1214 strum
983 1154 1090 1215 firmius
1098 1154 1237 1216 redditum
1247 1171 1286 1217 est
1288 1159 1608 1240 ,ειριιειιιιιαετεωίιαιι-

59 1257 113 1312 τῶν
127 1258 200 1329 ἡμᾶς
213 1252 306 1329 dputes
321 1250 433 1322 δεῖσθαι,
445 1245 480 1307 ed
493 1250 601 1307 οἰκετῶν
615 1252 758 1314 ποιοῦντες.
780 1245 834 1307 ίίαλ
886 1244 992 1304 rimus
984 1288 991 1303 .
1002 1260 1084 1326 atque
1098 1247 1216 1326 praeieeti
1239 1248 1381 1324 milites‚''
1362 1272 1383 1310 tr
1399 1272 1448 1329 qut
1439 1249 1608 1311 nobiseum

59 1344 114 1427 γάρ
129 1342 252 1423 ἥρπασαν
266 1341 298 1400 τὸ
318 1339 454 1420 ίπίταγμα
474 1340 609 1400 τοῦτοδιὰ
626 1339 670 1401 τὸν
685 1338 747 1419 περί
762 1345 836 1417 ἡμᾶς
886 1336 1102 1418 peregrinantur,
1119 1339 1156 1397 ita
1171 1360 1220 1399 nos
1234 1340 1334 1401 officiis
1351 1356 1562 1423 prosequuntur,
1577 1356 1609 1403 nt

60 1436 158 1517 ἔρωτα.
181 1433 236 1494 Καὶ
257 1431 409 1515 θορνρορίαι
429 1437 584 1512 essequa,
607 1431 719 1492 ίιιάστου
741 1431 835 1491 ῖαυτθν
886 1429 1095 1489 neiamulorum
1110 1430 1220 1510 quidem
1234 1454 1344 1514 operam
1356 1434 1493 1513 requirere
1506 1455 1555 1495 oos
1569 1434 1610 1493 si-
1716 1488 1728 1507 ,

61 1525 253 1607 μακαρίζοντας
277 1523 320 1584 διὰ
341 1523 390 1596 τὴν
410 1521 545 1584 διακονίαν
567 1521 677 1594 ταύτην.
696 1520 749 1582 Ἐν
763 1522 835 1581 ίστιν
852 1533 872 1581 n
888 1535 963 1597 nant,
977 1543 1040 1581 eum
1056 1522 1109 1604 ipsi
1129 1524 1294 1585 famulorum
1310 1526 1404 1586 munia
1416 1538 1609 1606 exsequantur.

61 1625 135 1698 ἡμᾶς
156 1619 188 1679 τθ
203 1621 311 1690 λυποῦν,
333 1615 364 1678 ιθ
387 1616 424 1696 μὴ
446 1620 551 1699 θαρρεῖν
573 1614 616 1676 det
638 1616 685 1675 atel
700 1614 768 1687 αθτὴ
787 1616 836 1675 θίν
888 1613 997 1673 Etenim
1008 1635 1119 1695 proauo
1131 1636 1196 1697 erga
1207 1618 1609 1699 uossmoreboemutrusprsr·

62 1710 150 1792 ὑγιεία
161 1710 269 1791 διάγεις
286 1709 414 1782 Adineos
427 1708 460 1780 θλ
474 1712 561 1781 τοῦτο,
575 1706 618 1767 θνα
632 1707 677 1767 καί
688 1712 737 1781 τῆς
746 1708 836 1767 tresb-
887 1704 1040 1808 ripuerunt.
1054 1708 1142 1786 Atque
1160 1707 1262 1787 ubique
1283 1709 1430 1769 satellitum
1453 1730 1536 1775 mauu
1554 1709 1611 1769 oin·

63 1809 107 1863 θεν
121 1801 353 1881 ἀπολαύσωμεν’
329 1799 503 1883 ευρροοιίνης,
521 1799 618 1882 καλτῷ
632 1798 715 1880 κυρίῳ
735 1797 836 1880 poeti
888 1796 990 1900 gimur,
1006 1817 1171 1878 unoquoque
1188 1799 1315 1861 videlieet
1336 1801 1450 1883 hujusce
1466 1799 1611 1861 ministerii

63 1920 104 1978 τῳ
82 1893 294 1974 ποθεινοτάτῳ
303 1892 389 1974 τίκνῳ
399 1896 477 1972 ἡμῶν
486 1891 634 1975 Πιργαμίῳ
645 1889 745 1959 πολλθς
758 1891 837 1974 χάρε-
889 1888 997 1948 nomine
1006 1888 1116 1949 beatum
1130 1910 1160 1949 se
1171 1889 1343 1973 predicante.
1354 1893 1448 1953 Unum
1460 1890 1491 1954 id
1499 1890 1611 1951 deinum

64 2012 113 2055 τας
125 1985 287 2065 είσώμεθα
303 1984 360 2045 Κάν
374 1954 465 2063 ίθελῃς
483 1989 549 2064 ἡμῖν
572 1982 746 2056 ίπιστίλλειν,
764 1984 837 2063 αὐτῷ
889 1980 1035 2041 molestum
1051 1995 1091 2041 est
1094 1982 1190 2060 ,quod
1203 1996 1230 2042 te
1240 2005 1349 2063 quoque
1362 1983 1492 2045 ineolumi
1507 1982 1613 2045 veletu-

64 2080 132 2161 πρὸς
146 2103 221 2142 τουτο
232 2084 349 2160 χρῆσαι,
364 2077 467 2159 γνησίῳ
478 2101 507 2136 τε
519 2077 584 2151 ἀντι,
600 2074 647 2136 καί
661 2075 762 2156 σφόδρα
772 2080 837 2155 ἡμῖν
890 2072 954 2132 dine
965 2093 1022 2133 esse
1033 2094 1086 2133 non
1096 2074 1268 2155 exploratum
1283 2076 1441 2136 babeamus.
1455 2075 1529 2135 Fae
1520 2089 1612 2154 itaque

64 2172 240 2253 ἀνακειμένῳ),
251 2171 347 2231 καθ’
309 2194 378 2231 πονο
389 2169 535 2251 αίοαεμίνῳ
545 2167 594 2241 τλν
607 2167 772 2249 κοτμιάτητά
781 2190 838 2242 σαι,
889 2163 962 2224 istud
976 2165 1113 2224 sciamus·
1106 2208 1113 2222 .
1124 2179 1156 2225 ut
1169 2165 1221 2226 boe
1234 2167 1316 2227 etiam
1329 2167 1430 2227 laetitia
1444 2166 1523 2227 uobis
1536 2188 1612 2230 acee-

65 2265 112 2325 καί
124 2264 173 2336 τὴν
186 2263 332 2325 estatem.
890 2253 948 2327 dat,
960 2276 992 2314 ae
1005 2254 1117 2317 domino
1130 2278 1191 2317 meo
1207 2257 1423 2338 suavissimoque
1439 2259 1498 2319 titio
1512 2260 1613 2339 Perga·

891 2348 947 2407 mio
967 2347 1088 2429 ingentes
1105 2348 1206 2429 gratias
1224 2349 1380 2410 habeamus.
1394 2351 1425 2413 Si
1445 2350 1497 2411 tibi
1510 2349 1549 2410 ad
1565 2370 1614 2409 nos

891 2438 983 2498 literas
995 2438 1061 2499 dare
1072 2440 1215 2523 placuerit,
1228 2440 1313 2521 ipsius
1330 2463 1412 2524 opera
1426 2441 1462 2501 sd
1474 2441 1545 2503 bane
1556 2462 1614 2503 rem

891 2545 976 2593 utere.
997 2533 1068 2592 Nam
1090 2547 1117 2592 et
1136 2531 1256 2593 sincerus
1275 2534 1379 2595 amieos
1401 2548 1458 2613 est,
1483 2534 1614 2613 nobisque

892 2622 1103 2697 addictissimus,
1117 2638 1144 2683 et
1163 2638 1238 2685 tuam
1262 2624 1421 2687 modestiam
1436 2640 1474 2688 tre
1486 2624 1614 2707 pietatem

892 2715 1044 2777 admodum
1053 2731 1200 2779 reveretur.

241 2914 314 2994 Πρὸς
326 2911 374 2987 τὴν
388 2912 470 2986 αὐτὴν
485 2911 611 2986 immid
627 2910 672 2993 ι.β’
857 2919 877 2967 Ε
1064 2917 1121 2976 Ad
1131 2918 1265 2977 eamdem
1277 2920 1360 2999 epist.
1371 2919 1443 2979 XII.

109 3099 168 3171 Tale
186 3096 362 3179 ἀρρωστίαν
347 3095 496 3177 οιαρνγὼν,
507 3096 540 3167 ἢν
554 3094 686 3169 >taedebit
700 3096 758 3157 ὁδὸν
772 3097 840 3158 ὑπί-
932 3100 1003 3161 Cum
1016 3122 1052 3161 ex
1070 3123 1102 3162 eo
1116 3102 1212 3162 morbo
1229 3101 1384 3175 erasissem,
1399 3124 1454 3183 quo
1472 3102 1500 3164 in
1518 3102 1614 3165 itinere
1623 3117 1709 3177 stupu
1697 3116 1769 3223 acp-

71 3215 158 3270 μεινα,
171 3183 203 3263 ἧς
214 3190 260 3250 καί
272 3189 307 3249 ed
319 3188 432 3269 λείψανα
444 3192 480 3257 τίς
490 3187 594 3269 Καισα
595 3211 650 3247 ειαν
662 3188 785 3267 ίαόμισα
796 3191 842 3250 καί
891 3193 1034 3267 laborari,
1057 3194 1189 3275 cujusque
1216 3194 1334 3274 reliquas
1357 3196 1507 3265 Caesenam
1527 3194 1687 3300 usqueffissp

70 3283 136 3365 πρὸς
158 3282 206 3355 τὴν
225 3281 325 3360 ὑγίειαν
345 3281 493 3342 traicitur
518 3282 609 3341 λοιπὸν
625 3280 755 3395 οιαθαράν,
781 3284 840 3341 tirt-
894 3285 1073 3367 tulijamque
1081 3285 1258 3367 redintegrem
1269 3287 1455 3348 valetudinem
1464 3288 1612 3366 rediissem,
1623 3242 1763 3364 ruodrud*
1849 3348 1853 3353 .

69 3375 173 3433 στελλοι
189 3397 282 3445 σουτη
265 3371 421 3456 εολαθείῳ
435 3373 487 3433 ἀπὸ
500 3371 704 3453 Καισαρείας
676 3378 766 3447 αυτῆς,
785 3365 842 3453 top
893 3400 928 3439 ex
946 3378 1004 3459 ipsa
1016 3380 1135 3438 Cesarea
1150 3379 1210 3438 liaeo
1222 3377 1257 3437 ad
1268 3393 1294 3439 te
1303 3401 1411 3462 scripsi
1427 3381 1456 3441 in
1474 3403 1526 3461 qua
1541 3382 1614 3443 mul·

68 3469 170 3537 πολλῆς
183 3464 336 3532 ἀπολαύσας
349 3464 508 3546 θεραπείας,
524 3469 586 3545 ῥᾷον
600 3463 728 3539 διετέθην,
742 3469 824 3546 ίατρ
804 3490 842 3525 ων
789 3471 929 3561 pmtis
948 3471 1016 3530 milri
1030 3470 1163 3531 adhibitis
1180 3472 1307 3532 remediis
1324 3473 1420 3533 melius
1435 3473 1518 3533 habui
1520 3496 1614 3556 ,·prae

67 3559 147 3639 αρίστ
148 3583 195 3633 ων,
210 3581 256 3616 και
245 3556 373 3637 σφόδρα
387 3556 616 3671 ιθθοκιμωτάτων,
630 3578 676 3615 κα
665 3554 842 3637 συμπαθείᾳ
860 3562 1071 3624 nsuntissimos
1090 3562 1220 3622 nimirum
1240 3562 1481 3644 celeberrimosque
1495 3564 1615 3643 medioos

67 3649 115 3709 καί
128 3650 229 3730 φίλτρῳ)
253 3651 362 3727 μᾶλλον,
383 3647 495 3729 οάγλ’
465 3672 545 3729 τεχνῃ
562 3648 629 3728 μόνῃ
646 3647 841 3728 θεραπευόντων
894 3665 998 3724 nactus,
1015 3651 1143 3754 aquibus
1156 3672 1210 3710 non
1223 3665 1279 3711 tam
1292 3652 1358 3712 artis
1376 3653 1516 3726 subsidiis,
1531 3676 1614 3735 quam

67 3748 141 3821 ἡμᾶς
159 3741 308 3824 inemptos,
328 3732 366 3801 br
387 3743 494 3821 θάτερος
515 3741 563 3802 καί
584 3743 756 3802 σνναπιλθεῖν
776 3746 842 3822 ἡμῖν
894 3757 1126 3803 commiseratione
1135 3756 1215 3822 atque
1224 3743 1345 3805 amicitia
1353 3744 1476 3805 curabat
1488 3748 1614 3821 Quorum

67 3835 216 3915 ὑπίσχετο,
238 3833 283 3895 καί
297 3834 384 3917 ίτιροι
403 3833 432 3895 ll
450 3834 610 3902 πλείους”
573 3857 627 3894 των
648 3835 676 3893 ίν
697 3832 841 3912 ἀξιώμασι.
893 3835 975 3894 etism
992 3855 1063 3894 unus
1075 3833 1216 3894 nobiscum
1237 3855 1291 3896 una
1309 3856 1337 3895 se
1354 3837 1536 3942 proiecturum
1551 3858 1613 3921 spo-

67 3926 123 3987 Καλ
138 3931 215 4004 ἡμεῖς
232 3926 280 4005 μίν
295 3926 425 3994 πολλάκις
438 3924 629 4004 ἐπιστίλλομιν
639 3923 674 3985 ed
685 3929 743 3985 καθ’
759 3930 839 4006 ἡμᾶς·
893 3926 989 4009 pendit
1006 3951 1013 3983 ι
1030 3940 1112 4005 atque
1132 3926 1197 3984 item
1217 3924 1266 3985 alii
1287 3928 1440 4010 eomplurss
1456 3950 1492 3989 ex
1508 3928 1543 3989 iis
1564 3931 1613 4010 qui

67 4017 134 4089 αὐτὴ
151 4017 188 4089 δὲ,
201 4019 216 4081 θ
227 4018 273 4080 καί
283 4016 431 4096 ίμιτροσθεν
441 4017 594 4092 ίνεκάλεσα,
610 4017 753 4086 σπανιάκις
763 4024 841 4079 τοῦτο
891 4018 1072 4100 dignitatibus
1094 4017 1203 4100 prediti
1224 4032 1298 4078 sunt.
1319 4024 1361 4080 Aa
1380 4042 1429 4081 nos
1441 4020 1559 4101 quidem
1578 4022 1614 4084 ds

65 4120 158 4178 ποιεῖς.
183 4111 237 4172 iisd
255 4109 299 4171 ίνα
317 4110 404 4190 μα’θῳης
418 4108 459 4169 ὅτι
473 4108 604 4190 ρῳθυμίας
619 4113 668 4181 σῆς
683 4113 740 4170 tert
752 4116 839 4184 τοῦτο,
891 4112 974 4173 rebus
983 4110 1082 4171 uostris
1095 4132 1214 4193 persepe
1226 4110 1262 4171 ad
1275 4125 1302 4171 te
1310 4112 1469 4195 seripsiuuu
1479 4138 1486 4172 ι
1497 4128 1526 4174 tu
1538 4136 1613 4195 vero,

65 4204 112 4264 καί
125 4204 212 4284 stipiti
223 4203 319 4271 σπάνις
328 4207 381 4263 τῶν
396 4202 632 4284 γραμματηφόρων
643 4208 721 4262 τοῦτο
732 4212 811 4276 ποιεῖ,
824 4208 839 4265 θ
891 4227 947 4285 quo
960 4204 1040 4265 etiam
1052 4204 1162 4264 senune
1170 4217 1196 4264 te
1210 4203 1287 4285 prius
1300 4206 1437 4281 aeeussri,
1450 4228 1513 4268 raro
1528 4207 1558 4268 id
1572 4210 1613 4269 ία-

64 4321 98 4357 κυ
117 4320 153 4364 ιος
181 4320 242 4374 μου,

64 4320 225 4461 suintune,
247 4388 299 4469 stpl
314 4387 470 4449 δίοτούσυον
490 4387 771 4469 ἀπίνσησενὴμιριῗνν,
791 4388 838 4449 καὶ
855 4389 873 4437 Β
893 4410 946 4449 oon
968 4388 1171 4449 tabellariorum
1193 4388 1314 4469 penuriae
1339 4388 1514 4449 tribuendum
1540 4412 1612 4469 esse,

64 4481 182 4552 αἰτηθεὶς
196 4482 261 4560 παρ’
272 4484 349 4559 ἡμῶν
359 4480 518 4561 γράμματα,
531 4480 612 4562 ίρησε
625 4480 726 4560 μηδίνα
741 4484 835 4562 βουλη·
891 4480 1020 4544 dominus
1042 4502 1131 4559 meus,
1150 4479 1223 4539 beati
1245 4480 1365 4562 episeopi
1383 4480 1501 4541 Maximi
1520 4482 1612 4559 irater,

99 4654 112 4693 b
128 4649 375 4722 ἐπαρχικοί,ἰῖετοαι
385 4654 686 4723 qussipreeieetiaui‚seo
695 4652 826 4720 prraeiecto·
851 4669 930 4723 tuque
946 4655 1012 4709 adeo
1022 4655 1100 4726 jussu
1116 4657 1261 4725 aliquemne
1279 4668 1401 4720 υσσσωε,
1411 4668 1441 4711 ιεθ
1456 4660 1521 4709 mers'
1535 4666 1613 4726 epta-

62 4747 120 4780 rum
131 4732 301 4797 appetitores,
312 4744 339 4783 et
355 4733 476 4785 satellites
491 4733 626 4799 militasse,
639 4735 708 4801 queis
719 4730 827 4786 utebuo·
850 4744 919 4801 neit,
931 4746 955 4785 et
973 4737 1058 4786 vivere
1074 4747 1232 4801 νεοαεσοεειε,
1243 4748 1270 4789 st
1287 4753 1346 4805 ρος.
1363 4734 1477 4806 εεῳιοειιοὶ
1497 4738 1547 4791 200
1562 4740 1615 4799 ταὶς

61 4822 104 4861 tur
115 4810 149 4861 ad
161 4826 216 4861 reos
225 4809 317 4862 aliosts
328 4810 472 4877 ducendos,
481 4812 551 4880 quod
563 4830 594 4864 ex
604 4811 644 4863 his
653 4811 757 4865 Palladii
770 4831 825 4865 rer-
850 4818 984 4883 ίπαρχικεύς
998 4816 1165 4881 preterimus
1182 4814 1276 4864 milites
1287 4813 1377 4881 vertit,
1388 4828 1415 4866 et
1432 4812 1536 4885 quidem
1545 4826 1615 4867 reete

61 4889 100 4940 bis
119 4893 231 4957 arguitur
246 4908 252 4937 :
265 4895 387 4956 διηγηςητη
404 4897 428 4945 δι
444 4900 456 4947 s
471 4897 584 4952 ἀναλύσας
601 4896 699 4953 διάκονος
717 4902 764 4947 ἀπ’,
780 4906 825 4945 fs»
850 4889 997 4959 utrobique:
1006 4909 1064 4941 nam
1075 4902 1103 4943 ut
1111 4890 1231 4943 observat
1237 4890 1346 4962 Congius
1354 4893 1381 4943 in
1387 4892 1516 4947 Glossario
1524 4892 1614 4945 Gneo

61 4975 199 5032 ίπισεθιιων,
210 4976 246 5021 ὄτι
258 4976 278 5021 οῖ
294 4975 414 5039 ίπαρχικοῖ
425 4978 446 5023 σῖ
457 4968 570 5037 διάγοντες
581 4974 661 5033 αὐτοὺς
673 4976 709 5025 teti
721 4978 827 5024 τοσοῦτον
850 4965 926 5018 iidem
939 4972 981 5036 qui
994 4980 1120 5021 vocentur
1132 4978 1252 5042 θπιιρχικοί
1261 4971 1288 5021 in
1299 4968 1400 5041 Synod.
1412 4970 1611 5039 Constantinop-

61 5051 154 5114 ε”θλιψιιν
162 5050 214 5099 κατ’
225 5050 317 5106 ἀντολάς
325 5070 399 5111 τινοιν,
408 5055 437 5108 ὡς
448 5053 552 5114 εὔχεσθαι
563 5053 643 5109 αὐτοὺς
655 5056 751 5103 θάνατον
761 5054 824 5103 tuet-
849 5048 906 5096 dct.
920 5046 1017 5116 7,inlra
1029 5049 1055 5098 in
1066 5044 1157 5099 eodem
1167 5048 1247 5101 Coun.
1259 5055 1373 5113 ταεεοισαῖ
1382 5042 1552 5119 appittautue.

61 5134 115 5189 datr,
125 5134 162 5181 καί
174 5137 201 5182 τὸ
211 5138 252 5197 ζῇν
261 5134 430 5199 παραιτεῖσθαι.
443 5128 506 5191 Quas
514 5125 551 5177 sic
560 5126 742 5195 interpretatur
751 5128 827 5177 Eme-
882 5138 894 5163 ⁶
911 5125 983 5176 unus
993 5131 1016 5178 ἀν
1028 5130 1123 5194 εὐθυμία
1134 5130 1223 5195 διάγεις.

61 5207 130 5255 ricus
142 5207 255 5272 bigotius
267 5226 272 5255 :
285 5204 383 5259 netolic
394 5216 478 5255 autem
488 5205 615 5255 diaeonus
626 5207 674 5274 qui
683 5204 716 5255 ab
726 5206 825 5273 episeo-
883 5204 896 5245 θ
913 5202 1010 5271 [teeti.
1020 5204 1107 5272 ἴσμεν]

60 5285 102 5346 pis
120 5284 210 5344 rediit,
227 5302 244 5334 σ
261 5284 379 5352 proejeetr'
396 5284 531 5347 οιίίίιῖθυσ,
551 5286 649 5351 puteos
662 5282 829 5347 detluxemnt,
