3764 5992
95 438 165 509 230
415 453 451 503 ·s.
479 448 621 500 ioannis
646 444 829 496 cnarsosr.
857 443 1016 496 arentur.
1044 447 1344 498 cosarianum.-

90 583 189 663 januas
202 576 408 640 currercrdomi
420 589 511 635 autem
524 587 550 634 et
564 573 592 632 in
604 574 663 632 foro
676 583 815 631 tantorum
865 568 933 652 ὑπὲρ
952 573 1036 630 αὐτῶν
1059 572 1182 654 εὔχεσθαι
1188 617 1197 646 ,
1222 573 1268 634 καλ
1293 572 1429 652 δεομέναις
1452 569 1643 651 βαπτίσματος

94 662 229 733 bonorum
244 671 323 732 nobis
334 683 457 730 auctores
467 682 492 726 et
502 665 639 725 ministros
653 662 746 723 multis
752 661 814 720 affi·
865 663 910 721 ἐπί
929 660 978 732 τάς
992 663 1096 724 ἐκείνων
1115 665 1218 747 τρέχειν
1232 665 1321 746 θύρας,
1335 665 1402 725 υίκοι
1421 662 1450 724 δέ
1463 663 1512 723 καλ
1529 667 1557 723 ἐν
1580 666 1641 746 ἐγυ-

95 788 155 828 ccre
180 767 298 849 probris,
321 764 366 824 uel
393 761 619 824 conviciatoribus
651 756 813 818 consentire.
830 756 850 806 G
868 762 924 834 ραῖς
936 753 996 823 τοὺς
1007 757 1138 816 τοσούτων
1150 759 1255 837 ἀγαθῶν
1264 757 1361 824 αἰτίους
1370 761 1436 833 ἡμῖν
1448 755 1494 815 καλ
1507 755 1641 820 διακόνους

95 859 178 933 Quod
200 860 223 919 si
245 880 308 919 vere
332 857 420 916 malus
440 868 480 914 est
502 866 587 934 pater,
603 850 737 930 quomodo
761 848 816 908 fide
866 847 968 928 μυρίοις
991 848 1098 909 πλύνειν
1126 850 1267 926 όνείδεοιν,
1291 849 1308 922 ἦ
1331 849 1428 929 ἑτέρων
1458 848 1637 916 ὀνειδιζόντων

94 951 210 1033 dignum
235 964 313 1032 putas
336 963 391 1007 tam
406 946 571 1006 terribilium
586 956 815 1004 sacramentorum
864 938 1015 1019 ἀνέχεσθαι.
1036 943 1070 1000 Εἰ
1086 941 1135 1020 μὲν
1147 941 1200 1024 γδρ
1213 945 1317 1015 άληθῶς
1330 941 1412 1007 κακδς
1426 944 1441 998 ό
1454 939 1565 1022 πατὴρ,
1582 943 1636 1008 πῶς

95 1042 271 1102 ministrum?
291 1040 320 1101 si
339 1053 431 1098 autem
445 1037 500 1096 fide
513 1035 613 1117 dignus
628 1034 678 1094 tibi
693 1033 815 1094 minister
866 1031 944 1091 αὐτὸν
965 1031 1114 1100 ἀξιόπιστον
1142 1026 1208 1093 εἶναι
1231 1034 1343 1112 νομίζεις
1371 1033 1494 1092 διάκονον
1518 1035 1567 1103 τῆς
1586 1037 1633 1090 τῶν

95 1133 280 1205 essevidetur,
295 1152 378 1211 quare
391 1131 444 1190 fers
458 1128 525 1189 alios
539 1129 562 1188 ei
577 1127 777 1203 maledicentes,
790 1138 816 1184 et
865 1124 981 1202 φρικτῶν
1006 1123 1113 1183 ἐκείνων
1136 1124 1338 1204 μυσταγωγίαςς
1365 1126 1400 1184 Εἰ
1432 1122 1460 1181 δέ
1489 1120 1634 1192 ἀξιόπιστος

97 1245 150 1285 non
159 1225 269 1285 obturas
281 1243 375 1283 eorum
384 1243 440 1297 ora,
450 1242 536 1299 neque
543 1217 816 1295 stomacharis,neque
865 1212 972 1272 ἐκείνων
986 1204 1054 1273 εἶναί
1074 1239 1116 1276 σοι
1130 1219 1201 1276 δοκεῖ
1215 1217 1351 1288 διάκονος,
1370 1215 1441 1283 τίνος
1453 1215 1542 1274 ἕνεκεν
1557 1214 1631 1294 ἅνίχῃ

96 1334 167 1395 aegre
177 1315 277 1390 lers,ut
288 1309 647 1391 etmultamaccipiasaDeo
657 1306 815 1380 mercedem,
866 1310 955 1373 κακῶς
964 1306 1059 1387 ἑτέρων
1070 1302 1199 1386 λεγόντων
1213 1309 1290 1368 αι’πδν
1302 1351 1310 1380 ,
1324 1307 1371 1366 καὶ
1383 1311 1432 1367 οὐκ
1446 1305 1631 1383 ἐπιστομίζεις,

96 1403 361 1485 etlaudemabipsis
370 1399 680 1461 ωοΙοᾶίοίείΝαιιιΙίοεῑ
691 1410 816 1456 sexcenta
867 1396 924 1457 οὐδὲ
946 1402 1118 1479 ἀγανακτεῖς,
1134 1400 1193 1460 aeut
1213 1400 1412 1481 δυσχεραίνεις,
1427 1401 1471 1458 ἵνα
1497 1397 1571 1477 παρὰ
1592 1403 1632 1458 τῶ

97 1495 220 1559 convicia
231 1495 380 1577 proferant,
393 1491 502 1552 omnino
523 1505 612 1550 umen
626 1503 653 1549 te
665 1488 818 1548 laudabunt
867 1491 938 1549 Θεοῦ
951 1487 1032 1550 πολὺν
1053 1491 1098 1551 τὸν
1113 1491 1205 1570 μισθδν
1218 1492 1374 1573 άπολάύης,
1397 1491 1445 1552 καλ
1465 1493 1533 1571 παρ’
1553 1489 1631 1546 αὐτῶν

97 1582 403 1667 etamplexabunturob
412 1581 549 1662 egregiam
561 1583 589 1641 in
603 1593 693 1663 patres
702 1601 815 1642 curam:
867 1579 974 1640 ἐκείνων
996 1586 1050 1642 τῶν
1069 1582 1285 1664 κατηγορούντων
1306 1584 1351 1643 τδν
1372 1583 1496 1655 ίπαινονς
1512 1579 1568 1640 Κᾶν
1585 1578 1631 1661 γδρ

97 1692 190 1740 oonua
200 1699 266 1740 vero
279 1678 302 1737 si
310 1676 363 1745 hoc
376 1696 429 1735 non
442 1674 583 1746 iaciamus,
591 1695 683 1734 omnes
694 1694 743 1733 nos
754 1692 817 1731 oon·
869 1673 993 1755 μυριάκις
1007 1662 1072 1735 ῶσιν
1086 1674 1223 1758 θύρισταλ,
1235 1676 1341 1743 πάντως
1354 1672 1540 1735 ἐπαινέσονταί
1552 1695 1581 1733 σε
1592 1672 1631 1732 καί

97 1769 274 1841 demnabunt,
294 1767 375 1827 etiam
394 1765 437 1825 illi
452 1765 505 1846 ipsi
519 1764 568 1844 qui
583 1765 758 1825 maledicunt.
773 1762 817 1823 ld
868 1764 1039 1834 ἐποδεζονται
1069 1773 1117 1839 τῆς
1142 1767 1203 1848 περὶ
1228 1767 1288 1835 τοὺς
1319 1766 1437 1848 πατίρας
1463 1766 1630 1843 κηδεμονίας·

97 1860 156 1921 baec
166 1859 269 1921 accedit
283 1857 352 1919 illud
364 1858 450 1918 multo
461 1856 659 1938 gravius,quod
667 1870 817 1916 extremam
832 1877 852 1924 n
868 1856 972 1938 ὥσπερ,
994 1858 1025 1917 δν
1042 1857 1080 1936 μὴ
1093 1867 1170 1920 τοῦτο
1183 1863 1316 1938 ποιῶμεν,
1330 1858 1446 1926 ἅπαντες
1458 1862 1536 1936 ἡμῶν
1556 1879 1631 1937 κατα·

97 1952 287 2013 illicdabimus
300 1949 577 2033 poenam.Quianihil
585 1948 700 2031 perinde
709 1949 748 2008 sic
759 1948 817 2008 Ec·
867 1946 1027 2027 γνώσονται,
1052 1950 1098 2009 καί
1121 1950 1196 2011 αὐτοὶ
1220 1955 1244 2011 οἱ
1267 1955 1357 2018 κακῶς
1378 1950 1508 2031 λέγοντες.
1533 1949 1632 2010 Kaloi

97 2046 192 2106 clesias
199 2046 343 2105 labefactat
357 2059 437 2123 atque
450 2042 562 2103 morbus
575 2042 667 2102 illezet
680 2041 750 2101 sicut
758 2062 818 2101 σου·
867 2041 1037 2119 subrepitur
1060 2043 1117 2103 ἐστὶ
1130 2043 1161 2103 τὸ
1182 2042 1279 2115 δεινὸν,
1303 2044 1362 2102 ἀλλ’
1384 2040 1426 2101 ότι
1448 2040 1497 2100 καὶ
1515 2044 1571 2101 ἐκεῖ
1588 2032 1632 2114 rii

96 2158 148 2219 pus
160 2157 305 2197 nervorum
318 2135 412 2194 debita
432 2132 593 2194 habitudine
614 2153 705 2192 carens
719 2132 818 2201 multas
867 2130 983 2212 ἐσχάτην
996 2133 1114 2214 δώσομεν
1129 2135 1215 2209 δίκην.
1229 2133 1312 2195 Οὐδὲν
1322 2132 1374 2215 γάρ
1384 2131 1454 2193 odeas
1465 2131 1514 2200 τδς
1523 2132 1631 2204 'Emin-

98 2229 186 2310 gignit
198 2228 383 2309 egritudines,
393 2240 418 2286 et
436 2227 522 2286 vitam
534 2225 598 2284 iacit
612 2225 752 2284 molestam
764 2224 818 2284 :ita
867 2223 927 2291 σίας
946 2225 1119 2302 λυμαίνεται,
1135 2230 1171 2295 ὣς
1182 2233 1260 2287 τοῦτο
1272 2226 1302 2286 rb
1314 2225 1437 2303 νόσημα·
1451 2223 1499 2284 καὶ
1520 2224 1633 2306 καθότιφ

99 2319 220 2380 Ecclesia
235 2340 288 2379 non
301 2318 467 2378 circumdata
480 2317 544 2378 lorti
556 2317 603 2376 illa
621 2330 647 2376 et
656 2317 767 2375 infracta
777 2337 820 2375 ca·
868 2319 948 2395 σῶμα
963 2317 1000 2396 μὴ
1014 2317 1083 2393 μετά
1097 2318 1232 2399 άκριύείας
1246 2317 1431 2395 συνδεδεμένον
1450 2320 1486 2398 τῇ
1505 2320 1559 2376 τῶν
1579 2339 1634 2378 πυ·

98 2411 187 2472 ritatis
200 2426 309 2491 catena,
327 2410 446 2493 plurima
459 2408 576 2492 parturit
588 2409 675 2485 bella,
689 2409 758 2469 iram
770 2407 819 2468 Dei
870 2414 923 2490 ρῶν
942 2413 1086 2494 περιόολῇ,
1107 2411 1208 2482 πολλάς
1230 2414 1314 2472 τίκτει
1333 2412 1381 2480 τὰς
1405 2411 1573 2492 ἀρρωστίας,
1593 2409 1635 2471 καλ

101 2518 193 2585 auget,
210 2518 237 2564 et
249 2504 397 2564 multarum
412 2502 589 2563 tentationum
607 2500 821 2562 estoccasio.Ne
869 2500 983 2562 ἐύίωτον
1007 2512 1078 2563 ποιεῖ
1101 2505 1146 2564 τόν
1161 2505 1236 2585 βίον·
1250 2503 1319 2565 οὕτω
1347 2502 1394 2563 καλ
1419 2503 1588 2579 Ἐκκλησία,
1601 2502 1635 2583 pil

100 2595 186 2676 igitur
197 2596 255 2657 bec
263 2597 430 2676 contingant,
440 2614 507 2654 neve
516 2595 605 2653 Deum
619 2595 819 2668 exacerbemus,
850 2597 855 2607 '
870 2594 971 2674 σφοδρᾷ
982 2594 1028 2654 καί
1042 2599 1201 2679 ἐρραγεῑτῇ
1218 2601 1267 2670 τῆς
1289 2596 1395 2675 άγάιτης
1417 2595 1510 2656 ἁλύσει
1534 2595 1637 2678 περιία-

98 2708 150 2747 neu
160 2702 249 2748 nostra
260 2707 406 2768 augeamus
416 2686 498 2769 mala,
509 2699 535 2745 et
545 2707 653 2767 poenam
667 2699 768 2745 certam
777 2685 819 2743 in·
871 2687 1001 2765 ύλημίνη,
1013 2688 1120 2769 μυρίους
1134 2688 1218 2750 τίκτει
1231 2688 1370 2767 πολέμους,
1384 2688 1430 2748 καλ
1442 2687 1493 2760 vlu
1504 2687 1587 2771 ύργλν
1596 2690 1637 2750 τού

98 2776 342 2856 declinabilemque
368 2797 565 2857 comparemus,
589 2777 730 2855 vitamque
751 2776 821 2835 hauc
870 2782 941 2840 Θεοῦ
955 2778 1036 2855 αὔξει,
1046 2780 1092 2839 καί
1105 2780 1211 2840 πολλῶν
1225 2784 1380 2860 πειρασμῶν
1393 2778 1497 2860 γίνεται
1510 2779 1638 2848 ὑπόθεσις

99 2868 195 2928 multis
208 2868 338 2929 molestiis
352 2867 642 2949 repleamusrnostram
655 2867 691 2926 ab
703 2867 771 2927 bene
782 2866 822 2926 lo-
870 2870 930 2930 Ἵνα
944 2863 986 2930 σύν
1000 2870 1038 2949 μὴ
1048 2879 1131 2932 ταῦτα
1146 2871 1291 2953 συμόαίνη,
1305 2870 1373 2953 μηδέ
1385 2870 1430 2931 τδν
1444 2871 1516 2932 esto
1528 2869 1640 2955 παροξό

97 2958 236 3039 quendum
245 2960 366 3041 linguam
375 2959 569 3032 transferentes,
576 2971 695 3018 nostram
701 2959 821 3039 ipsorum
871 2986 972 3042 νωμεν,
991 2964 1037 3024 καί
1051 2964 1086 3023 τὰ
1098 2964 1215 3046 ἡμέτερα
1230 2963 1418 3044 ἐπαυξήσωμεν
1434 2964 1522 3039 κακὰ,
1537 2963 1584 3025 καὶ
1595 2963 1639 3039 τὴν

98 3055 185 3113 vitam
195 3050 413 3132 singulisdiebus
423 3049 568 3130 diligenter
578 3064 744 3126 scrutemur,
754 3049 823 3111 alio·
837 3069 857 3118 n
871 3055 978 3117 κόλασιν
1000 3056 1183 3136 ἀπαραίτητον
1205 3056 1463 3136 παρασκευάζωμεν,
1479 3055 1527 3116 καί
1545 3058 1641 3128 πολλῆς

99 3165 161 3204 rum
174 3157 264 3204 autem
274 3143 360 3204 vitam
370 3143 492 3224 ejus,qui
506 3143 588 3205 etiam
596 3142 732 3222 incognita
741 3164 821 3203 accu-
872 3148 966 3222 ἀηδίας
991 3151 1135 3230 πληρῶμεν
1160 3147 1208 3221 τλν
1230 3147 1301 3221 ζωὴν
1322 3146 1371 3222 τὴν
1395 3134 1542 3228 ημετίραν,
1560 3146 1641 3229 ‘epit

99 3249 156 3295 rate
168 3236 255 3307 novit,
263 3234 368 3317 judicio
380 3235 568 3314 relinquentes,
585 3235 638 3316 ipsi
655 3248 745 3294 nostra
758 3257 822 3318 pec·
871 3241 1003 3322 ιδφημίαν
1016 3240 1065 3314 τὴν
1078 3243 1198 3319 γλῶτταν
1217 3240 1386 3320 μεταθίντες,
1404 3241 1449 3301 τδν
1469 3243 1573 3301 ἑαυτῶν
1584 3244 1641 3302 καθ’

99 3341 158 3387 cata
171 3327 339 3387 damnemus.
346 3328 391 3386 lta
400 3327 478 3387 nobis
492 3327 618 3407 gebennae
628 3327 718 3408 ignem
727 3328 822 3388 licebit
871 3334 985 3406 ἑκάστην
999 3334 1103 3412 ἡμέραν
1124 3331 1357 3415 περιεργαζύιμεθα
1375 3332 1446 3412 βίον,
1462 3332 1509 3393 καὶ
1522 3332 1573 3408 τὴν
1588 3332 1643 3395 lsi·

99 3421 225 3502 effugere.
243 3422 313 3480 Nam
328 3419 397 3479 sicut
412 3420 443 3495 ii,
458 3420 507 3500 qui
526 3419 555 3478 in
578 3419 674 3479 alienis
688 3419 822 3480 curiosius
873 3451 923 3508 ρων
939 3425 1102 3508 ζωλντῷτδι
1114 3424 1252 3508 ἀπόρρητα
1264 3424 1480 3504 percepisse<
1492 3424 1643 3508 είδότικρί-

99 3513 275 3594 explorandis
286 3512 364 3572 malis
374 3511 499 3592 occupati
511 3524 585 3588 sunt,
601 3532 714 3571 suorum
727 3533 823 3593 pecca·
871 3540 923 3577 νειν
947 3517 1150 3599 ἐπιτρέψαντες,
1174 3517 1248 3577 edroi
1273 3515 1309 3576 τά
1334 3520 1433 3576 ἑαυτῶν
1462 3518 1644 3600 ἁμαρτήματα

100 3620 190 3665 torum
203 3607 307 3666 nullam
318 3606 417 3664 habent
427 3603 619 3664 rationemtita
629 3603 677 3682 qui
685 3604 721 3663 ab
734 3604 823 3664 aliena
871 3609 1012 3690 κρίνωμεν.
1032 3607 1112 3668 Ούτω
1125 3607 1176 3691 γδρ
1189 3608 1234 3669 καὶ
1248 3608 1280 3667 τὸ
1293 3611 1341 3680 τῆς
1353 3608 1459 3689 γεέννης
1481 3609 1645 3689 δυνησόμεθα

100 3698 157 3759 vita
171 3697 340 3758 discutienda
353 3697 510 3772 abhorrent,
517 3716 644 3775 magnam
652 3717 763 3759 suorum
775 3695 824 3755 de·
873 3704 1008 3783 διαφυγεῖν
1021 3707 1083 3782 πῦρ.
1093 3698 1200 3782 Ὥσπερ
1213 3701 1266 3783 γάρ
1276 3704 1301 3760 οὲ
1318 3699 1353 3758 τὰ
1367 3699 1495 3783 ἀλλότρια
1504 3703 1647 3783 πολυπρα-

101 3789 227 3849 lictorum
255 3789 392 3848 habebunt
414 3788 622 3848 sollicitudinem
635 3801 677 3847 :et
699 3789 748 3867 qui
774 3813 822 3851 sua
872 3799 1029 3872 γμονοῦντες
1046 3789 1135 3864 κακά,
1151 3796 1203 3852 τῶν
1217 3791 1321 3852 οἰκείων
1334 3791 1425 3852 ούδόνα
1438 3797 1579 3853 ποιῶνται
1597 3790 1646 3854 λό-

101 3880 271 3943 considerant
285 3881 367 3951 mala,
383 3879 483 3958 illaque
496 3879 619 3958 quotidie
632 3880 793 3957 discutiunt,
807 3905 937 3968 ε,,,γον·
952 3884 1034 3952 οὕτως
1057 3889 1081 3944 ol
1099 3883 1244 3953 δεδοικότες
1260 3888 1296 3953 είς
1317 3885 1362 3944 τὸν
1378 3884 1474 3966 ἑτέρων
1490 3885 1646 3969 παρακύψαι

103 3973 197 4053 scipsis
219 3984 391 4052 exposcentes
405 3990 507 4050 poenas,
521 3971 614 4030 mitem
626 3986 691 4032 tune
702 3975 824 4037 habituri
839 3982 860 4028 Δ
876 3977 945 4058 βίον,
969 3975 1070 4049 πολλὴν
1092 3979 1195 4044 ἑαυτοῖς
1211 3979 1264 4036 τῶν
1279 3975 1552 4056 πεπλημμιλημίνων
1572 3975 1647 4051 τοιοί-

103 4078 166 4125 sunt
172 4062 343 4146 judicemld
352 4063 427 4143 quod
439 4063 540 4122 Paulus
553 4063 693 4124 declarans
703 4065 822 4128 dicebat:
875 4092 966 4130 σονται
978 4067 1026 4141 τὴν
1042 4067 1183 4150 φροντίδα·
1198 4073 1223 4129 οἱ
1233 4068 1261 4129 δέ
1272 4069 1306 4130 τό
1319 4072 1418 4129 ἑαυτῶν
1430 4069 1647 4152 ἀναλογιζόμενοι

1 4202 65 4234 ,Μ
88 4159 183 4232 ‚Nam
194 4159 221 4216 si
235 4160 365 4237 nosipsos
371 4156 584 4236 judicaremus,
599 4177 659 4214 non
669 4161 825 4242 utiqueju·
875 4161 955 4233 κακδ,
970 4160 1016 4220 καλ
1031 4165 1115 4220 ταῦτα
1127 4161 1186 4220 καθ’
1200 4160 1314 4234 ἑκάστην
1329 4159 1461 4243 κρίνοντες
1471 4160 1522 4234 τὴν
1536 4162 1646 4244 ἠμίραν,

106 4253 273 4311 diceremur
288 4270 308 4308 a
321 4251 459 4308 Domino.
475 4249 515 4307 Ut
528 4249 705 4309 autemillam
719 4266 824 4313 senten·
876 4254 921 4315 καλ
935 4253 1010 4321 δίκας
1030 4251 1137 4319 ίαυτοδς
1156 4253 1340 4325 ἀπαιτοῦντες,
1356 4251 1456 4334 ἥμερον
1478 4252 1567 4322 ἐξουσι
1590 4254 1647 4316 τότε

105 4344 171 4404 tiam
185 4341 348 4423 effugiamus
354 4340 473 4417 ,relictis
488 4339 613 4400 omnibus
635 4341 708 4422 aliis,
724 4365 823 4427 magno
876 4346 920 4406 τδν
936 4344 1074 4417 δικαστήν.
1086 4343 1141 4405 Καὶ
1151 4350 1251 4405 τοῦτοί
1267 4346 1372 4414 Παῦλος
1383 4345 1470 4416 δηλῶν
1483 4344 1596 4425 ἔλεγεν·
1615 4348 1647 4407 Et

106 4436 195 4497 studio
208 4435 293 4497 vitam
315 4447 434 4492 nostram
448 4432 642 4509 examinemus,
657 4435 824 4517 corrigamus
877 4436 930 4519 γάρ
945 4433 1052 4502 ἑαυτοὺς
1066 4435 1202 4517 ἐκρίναμεν
1210 4481 1219 4511 ,
1234 4437 1281 4496 οὐκ
1294 4437 1326 4495 ἐν
1344 4436 1501 4517 ἐκρινόμεθα
1520 4438 1573 4498 ὑπὸ
1593 4440 1646 4500 llo·

106 4530 279 4610 cogitationes
292 4526 328 4586 ad
341 4523 508 4608 peccandum
516 4522 683 4605 inducentes,
691 4529 825 4590 conscien-
880 4531 943 4615 ρίου.
956 4529 1005 4590 ’ἐν’
1018 4521 1062 4590 σύν
1076 4528 1243 4609 διαφύγωμεν
1257 4527 1306 4602 τλν
1319 4530 1405 4609 ψῆφον
1419 4528 1540 4606 ἐκείνην,
1562 4531 1646 4592 πάντα

107 4621 174 4681 tiam
186 4620 223 4681 ad
236 4618 469 4701 compunctionem
482 4617 629 4693 flectamus,
645 4631 766 4679 actorum
776 4642 825 4681 no·
878 4623 913 4684 τά
928 4623 996 4684 ἄλλα
1010 4621 1128 4703 άφὲντες,
1141 4619 1374 4702 περιεργαζῶμεθα
1387 4619 1436 4691 τλν
1452 4623 1558 4680 ἑαυτῶν
1573 4621 1648 4695 ζωὴν,

108 4727 226 4774 atrorum
246 4712 376 4772 rationem
392 4721 553 4790 repetamus.
570 4708 616 4769 Sic
638 4709 710 4769 enim
723 4712 826 4791 poteri·
878 4715 924 4776 καλ
937 4714 1090 4795 κολάζωμεν
1101 4714 1147 4773 τόν
1159 4713 1286 4791 λογισμόν
1306 4710 1350 4771 τόν
1365 4712 1529 4791 ἁμαρτάνειν
1544 4712 1650 4774 ἀναπεί·

108 4828 169 4866 mus
182 4806 260 4866 t'acile
275 4817 443 4886 peccatorum
463 4801 603 4861 exonerari
614 4802 727 4878 sarcina,
740 4805 826 4864 multa
880 4812 968 4880 θοντα,
982 4806 1027 4866 καὶ
1041 4804 1244 4883 κατανύττωμεν
1256 4803 1286 4863 τὸ
1297 4800 1421 4872 συνειδδς,
1435 4803 1481 4863 καὶ
1495 4805 1575 4885 λόγον
1591 4810 1650 4865 ἑαυ-

109 4898 188 4958 vcnia
199 4897 265 4974 frui,
278 4908 487 4977 presentemque
496 4892 579 4952 simul
590 4893 674 4953 vitam
696 4915 756 4955 cum
776 4919 827 4958 vo·
844 4918 863 4965 n
881 4896 940 4966 τούς
953 4900 1108 4975 ἀπαιτῶμεν
1128 4900 1182 4955 τῶν
1204 4891 1397 4977 πεπραγμένων
1413 4899 1489 4974 ἡμῖν.
1505 4897 1589 4957 Ούτω
1604 4897 1652 4978 γδρ

110 4991 213 5072 luptate
240 4989 428 5060 transmittere,
452 4999 478 5046 et
496 4985 601 5064 assequi
622 4986 692 5048 bona
716 4990 826 5051 sutura:
881 4989 1047 5067 δυνησόμεθα
1059 4994 1153 5068 κοῦφον
1166 4991 1219 5047 τῶν
1234 4984 1434 5070 ἁμαρτημάτων
1453 4987 1654 5060 ποιήσαντεςτδ

112 5081 198 5162 gratia
213 5095 239 5141 et
254 5079 438 5142 misericordia
449 5077 560 5138 Domini
571 5078 656 5139 nostri
669 5081 733 5141 Jesu
747 5083 828 5143 Chri·
881 5080 997 5165 φορτίον,
1011 5078 1167 5161 συγγνώμης
1181 5081 1329 5141 ἀπολαῦσαι
1343 5080 1456 5158 πολλῆς,
1478 5078 1525 5139 καί
1540 5083 1586 5143 τόν
1599 5106 1656 5143 πα-

148 5267 160 5293 ε
176 5253 246 5316 llere,
258 5268 312 5319 quar
322 5254 349 5306 in
359 5253 446 5307 llorel.
461 5270 551 5309 manca
563 5266 651 5322 erent,
663 5253 773 5310 inCoisl.
789 5255 826 5310 sie
838 5256 1012 5311 restituuntur.
