3764 5992
95 423 168 498 628
423 447 453 496 s.
481 447 621 498 nonnius
646 445 1012 498 cunrsosrnnncnmr.
1040 439 1315 498 consrmnmn‘

96 571 192 632 teriam
208 572 364 654 praestitere.
379 573 416 634 Et
431 572 590 635 idcircovos
603 585 629 632 et
642 585 769 632 coronant
783 585 810 631 et
865 595 916 652 ρως
927 572 975 651 μὲν
989 579 1057 653 ὑμᾶς
1071 575 1167 643 παντες
1177 578 1416 656 στιφανουσι,και
1404 570 1641 651 δνακηρυτταισι

96 665 360 771 praedicantomnes,
376 687 430 726 non
444 667 524 726 amiel
517 666 636 737 '‚solum
652 664 701 723 sed
719 677 745 722 et
757 684 810 722 ιιιι
865 689 894 726 ου
882 665 979 751 ’φίλοι
992 665 1080 745 μόνον,
1095 666 1164 727 eut
1178 666 1223 726 καί
1237 665 1312 726 αὐτοὶ
1324 668 1350 723 οί
1366 663 1478 745 ἐχθροί,
1495 661 1563 722 καλ
1572 688 1643 724 ταυτα

98 744 162 817 mici
185 758 238 838 ipsi
257 778 304 836 qur
297 756 381 817 b’aec
399 759 557 833 effecerunt3
568 757 619 817 etsi
637 777 689 816 non
708 755 811 859 palam,
867 757 1126 824 κατασκευάζοντες·
1140 759 1164 815 εί
1180 755 1228 815 καλ
1246 753 1443 835 μὴφανερῶς,
1456 752 1509 812 κᾶν
1523 776 1563 817 τις
1575 755 1646 810 α’πυι

97 848 294 951 εειίείφιιίεἰιι
308 870 402 908 eorum
421 849 589 930 introspiciat
611 848 811 921 conscientiam,
869 845 1025 916 άναπτύξειε
1040 846 1071 906 τδ
1084 847 1216 920 συνιιδδς,
1229 845 1434 926 πολυπαίπαρ
1435 843 1570 910 ’ἐκείνοις
1584 847 1644 920 ipim

96 939 159 998 illos
169 953 250 999 etiam
257 955 338 1000 vestri
331 938 523 1000 admiratione
532 955 615 1000 tenen
608 938 811 1020 deprehendet.
865 936 1005 1018 εὑρήσει
980 962 1011 998 το
1022 943 1122 1018 θαῦμα.
1135 942 1261 998 Τοιοῦτον
1273 937 1326 1020 γὰρ
1338 935 1427 1017 ἀρετὴ
1437 981 1446 1010 ,
1457 959 1497 995 κα
1495 933 1594 1014 λπαρδ
1603 943 1645 1000 τοῖς

98 1030 176 1090 Talis
191 1031 262 1090 enim
275 1054 317 1092 res
337 1046 377 1092 est
397 1032 504 1111 virtus,
521 1045 553 1091 ut
567 1032 644 1091 illam
660 1031 741 1090 etiam
759 1031 815 1089 im·
865 1031 1024 1107 πολεμῶσιν
1046 1028 1127 1102 αθτὴν
1148 1028 1326 1108 θαυμάζεται·
1344 1035 1474 1088 τοιοῦτον
1496 1024 1593 1098 κακία,
1608 1027 1644 1084 καί

97 1136 258 1202 pugnatores
271 1125 329 1203 ejus
341 1123 510 1184 admirentur
516 1148 526 1200 ς
537 1124 600 1183 talis
618 1145 661 1183 res
679 1136 719 1182 est
734 1121 814 1181 mali·
866 1119 939 1200 παρὰ
959 1129 1013 1188 τοῖς
1036 1128 1169 1199 μετιοῦσιν
1189 1120 1270 1192 αὐτὴν
1286 1118 1541 1198 καταγινώσκεται.
1555 1117 1606 1177 liet
1622 1117 1645 1177 τί

97 1213 147 1290 tin,
163 1226 195 1297 ut
206 1215 288 1275 etiam
299 1216 320 1275 ii
333 1215 382 1295 qui
395 1237 455 1277 eam
468 1228 612 1297 operantur
626 1212 811 1274 condemnent.
829 1223 849 1274 C
867 1210 915 1290 μὲν
935 1215 1046 1272 ίνταῦθα
1059 1219 1183 1284 τοιαῦτα,
1197 1211 1231 1271 τδ
1242 1211 1271 1273 δί
1288 1215 1317 1270 ίν
1328 1215 1457 1293 οὐρανοῖς
1470 1210 1514 1277 τίς
1524 1213 1646 1289 παρειστῐρ

98 1305 135 1366 Et
153 1306 191 1366 ita
207 1307 235 1366 in
255 1307 307 1367 bac
324 1308 381 1367 vita
404 1329 446 1368 res
461 1321 557 1368 vestrae
575 1328 604 1366 sc
622 1306 813 1384 balteumque}
868 1327 913 1364 σαι
929 1304 1171 1384 δυνήσεταιλόγοςς
1184 1304 1388 1384 Ἐγγίγραπται
1401 1307 1483 1382 ὑμῶν
1495 1300 1532 1361 τδ
1547 1300 1646 1378 ὀνόματι

99 1411 189 1457 autem
201 1398 230 1457 in
241 1398 315 1460 caelis
326 1398 406 1473 fiunt,
419 1399 482 1477 quis
495 1419 582 1458 sermo
592 1397 674 1478 digne
693 1396 814 1478 explica·
869 1399 897 1455 iv
912 1396 998 1478 βίόλφ
1013 1401 1097 1471 ζωῆς,
1110 1395 1240 1474 μετὰτῶν
1255 1396 1339 1476 ἁγίων
1348 1394 1585 1474 κατηριθμήθητε
1595 1416 1647 1471 μιρ

97 1487 158 1548 bit?
167 1490 299 1570 inscripta
312 1503 375 1550 sunt
388 1490 497 1549 nomina
506 1504 595 1551 vestra
606 1491 634 1548 in
647 1489 718 1548 libro
732 1488 813 1549 rita:
867 1486 961 1569 τύρων.
975 1479 1045 1548 Οἶδα
1059 1493 1145 1548 ταῦτα
1164 1485 1217 1568 nn
1241 1491 1348 1568 σαφῶς,
1360 1490 1415 1548 οὐκ
1429 1489 1471 1554 εἶς
1484 1486 1534 1544 τὀν
1556 1486 1646 1567 ούρτνίν

98 1599 162 1638 cum
175 1580 273 1639 sanctis
289 1581 456 1661 martyribus
471 1581 654 1642 connumerati
668 1580 738 1640 estis.
751 1578 815 1640 Scio
869 1579 984 1653 ἀναάδς,
999 1583 1057 1640 ἀλλ’
1079 1579 1133 1640 ant
1156 1579 1231 1640 θείειν
1255 1579 1324 1641 αιἰτδι
1344 1579 1446 1658 μαθὼν
1470 1579 1647 1660 χρησμῶνίί

97 1669 158 1730 bac
171 1693 221 1751 ogo
232 1687 315 1748 certo,
327 1694 381 1732 non
392 1672 465 1752 quod
482 1672 511 1731 in
529 1672 626 1732 caelum
646 1670 814 1731 transcende-
867 1670 945 1752 γδρθ
962 1671 1040 1752 γάμῳ
1054 1670 1281 1753 παρανομουμὲνιμ
1292 1668 1463 1754 παραστὰς,
1477 1671 1528 1729 καὶ
1543 1668 1581 1748 μὴ
1593 1671 1649 1748 διορ-

98 1760 162 1839 rim,
172 1763 220 1822 sed
232 1785 248 1822 e
260 1763 363 1823 divinis
376 1764 492 1823 oraculis
505 1762 599 1822 didici.
611 1765 680 1824 Nam
694 1763 717 1824 si
732 1766 815 1825 Joan·
869 1767 952 1824 θεῖσαι
973 1763 1150 1835 &uentriculo
1169 1762 1346 1843 παρανομίαν,
1362 1765 1429 1822 ἀλλ’
1452 1759 1566 1840 ἐλέγξαι
1583 1760 1649 1831 αὐτὴν

98 1872 145 1912 nes
155 1850 203 1911 ille
217 1852 365 1913 infecunde
380 1854 494 1930 fructus,
506 1851 643 1913 etdeserti
661 1853 739 1931 civis,
753 1875 815 1913 cum
869 1854 986 1934 μόνον,ό
1001 1860 1049 1927 τῆς
1063 1853 1168 1935 στείρας
1182 1854 1297 1935 καρπὸς,
1313 1859 1396 1928 ὁτῆς
1416 1854 1528 1934 ἐρήμου
1540 1851 1651 1934 πολίτης,

97 1942 253 2024 illegitimas
271 1942 385 2004 Herodis
401 1944 509 2025 nuptias
526 1943 651 2024 vidisset,
667 1966 728 2004 cum
745 1966 816 2026 prae·
868 1944 960 2020 ἐπειδὴ
983 1945 1117 2006 debraico
1130 1946 1161 2006 τὸ
1185 1947 1366 2028 δεσμωτήριον
1390 1946 1516 2028 ’ᾤκησε
1532 1945 1578 2004 καί
1597 1948 1651 2003 δτι-

96 2035 288 2097 varicationem
299 2035 433 2116 corrigere
444 2057 496 2095 nou
509 2050 608 2118 posset,
618 2037 709 2117 arguit
717 2050 816 2114 umen,
867 2038 975 2116 τμήθη,
991 2039 1037 2099 καὶ
1061 2039 1176 2120 μάρτυς,
1193 2038 1239 2097 καί
1260 2037 1407 2118 μαρτύρων
1422 2041 1437 2096 ό
1453 2035 1567 2119 πρῶτός
1580 2039 1651 2096 ἐστιν·

99 2141 125 2189 et
141 2143 281 2212 propterea
299 2129 328 2188 in
343 2151 475 2190 carcerem
496 2132 643 2214 conjectus,
660 2143 688 2189 et
698 2129 815 2190 deoolla·
868 2135 944 2209 ὑμεῖς
957 2135 982 2191 ot
992 2131 1082 2209 νόμοις
1091 2130 1214 2214 πατίρων
1225 2130 1271 2190 καλ
1281 2136 1392 2208 θεσμοῖς
1406 2127 1652 2212 παραόαθεῑσι,ια“ι

9 2249 35 2277 oa
99 2235 155 2305 tus,
167 2236 282 2304 martyr,
296 2236 321 2281 et
341 2236 493 2304 martyrum
506 2223 611 2304 primus
623 2223 752 2283 futuros
768 2222 816 2303 qui
868 2220 997 2303 ἱερωσύνῃ
1021 2221 1221 2303 ἔπηρεαζομίνῃ
1245 2221 1290 2281 καλ
1312 2221 1554 2303 παρανομουμένης
1578 2243 1652 2299 παρα

1 2298 40 2402 ’ὴῆ
98 2313 205 2395 legibus
220 2326 248 2372 et
263 2313 499 2374 constitutionibus
518 2329 636 2396 patrum,
648 2337 717 2395 quas
729 2329 816 2375 nans-
869 2312 995 2387 στάντες,
1014 2315 1187 2374 acironense
1210 2313 1337 2381 παθόντες
1359 2312 1432 2396 ὑπὲρ
1461 2313 1604 2386 ἀληθείας,
1615 2313 1652 2371 καί

98 2404 259 2486 grediuntur
273 2406 370 2485 aliqui,
387 2420 413 2465 et
427 2405 586 2480 sacerdotio,
595 2407 669 2486 quod
684 2406 816 2467 invadunt
832 2424 853 2472 n
869 2411 915 2466 τοῦ
936 2407 1016 2464 λῦσαι
1040 2403 1251 2487 συκοφαντίας
1236 2405 1429 2486 αναιοχύντους
1455 2403 1560 2478 οὕτως,
1577 2404 1653 2474 ἔνιοί,

98 2511 125 2558 et
144 2498 336 2572 contaminant,
352 2498 569 2579 patrocinamini,
580 2513 607 2561 et
626 2521 689 2560 cum
706 2512 818 2581 propter
871 2519 936 2557 σατε
961 2495 1057 2569 ἡλίκην
1077 2499 1192 2577 λήψεσθε
1214 2495 1262 2569 τὴν
1284 2495 1413 2574 άμοιόήν.
1429 2497 1499 2555 Οὔκ
1521 2494 1605 2565 ἒξεστί
1619 2518 1653 2556 σοι

97 2590 237 2652 veritatem
257 2591 315 2650 baec
329 2590 465 2693 patimini,
481 2605 542 2652 tum
563 2605 594 2650 ut
606 2605 707 2652 cessent
721 2591 816 2672 impu-
871 2588 942 2669 ἔχειν
960 2587 1009 2662 τὴν
1024 2598 1135 2668 γυναῖκα
1152 2586 1292 2647 Φιλίππου
1314 2594 1361 2647 τοῦ
1377 2588 1503 2668 δδελφου
1525 2611 1589 2662 sou,
1606 2578 1654 2647 εἶτε

98 2680 192 2743 dentes
206 2681 347 2742 calumnia
353 2682 491 2762 ,cogitate
507 2681 762 2763 qualemaccepturi
775 2680 817 2740 si·
873 2676 1128 2797 ατούτρθγενναῖος
1142 2682 1239 2745 ἐκεῖνος
1254 2678 1413 2758 καλίψηλδς
1430 2679 1517 2761 ἀνὴρ,
1526 2680 1653 2758 καὶῆρα-

28 2815 35 2830 .
1 2779 87 2846 ιδιά.
98 2774 133 2834 tis
145 2772 302 2834 mercedem.
317 2775 384 2834 Non
400 2774 468 2854 licet
491 2777 545 2832 tibi
567 2776 675 2832 babere
695 2793 817 2832 uxorem
871 2794 916 2832 σιν
929 2775 1002 2855 αύτιμ
982 2771 1082 2854 ’πρδς
1092 2770 1244 2852 παρρησίαν
1258 2771 1369 2851 άφατον.
1387 2770 1502 2831 Είπατε
1515 2773 1587 2831 nni‘
1576 2781 1652 2849 υμείς,

97 2867 231 2948 Ρίιίίίρρί
241 2869 353 2948 fratris
377 2869 435 2943 tui,
453 2864 526 2924 dixit
548 2865 624 2924 fortis
643 2879 670 2924 et
690 2864 818 2923 sublimis
871 2862 1010 2947 arpinum
1031 2868 1108 2942 ἡμῶν
1134 2862 1169 2922 rb
1195 2862 1310 2940 σώματα
1339 2862 1492 2936 κολάσεσι,
1518 2864 1652 2942 τιμωρίαις

98 2957 154 3032 ἰίίε,
171 2957 289 3038 satisque
308 2958 334 3016 ei
352 2958 403 3016 luit
422 2955 457 3016 ad
475 2958 609 3037 ingentem
627 2955 759 3036 arguendi
780 2956 818 3016 li-
873 2956 1013 3036 βασάνοις·
1029 2955 1154 3015 ἀνάλισκε
1166 3001 1174 3030 ,
1188 2954 1295 3015 δαπάνα
1311 2959 1418 3014 οταῦτα
1433 2957 1585 3036 τιμωρίαις
1597 2957 1653 3022 οίαις

97 3047 239 3108 bertatem.
262 3051 321 3108 Vos
351 3068 458 3126 quoque
483 3047 609 3122 dixistis,
622 3046 665 3106 En
694 3046 818 3127 exposita
874 3049 980 3127 βούλει·
993 3054 1165 3128 συκοφαντεῖν
1187 3048 1239 3125 οὐχ
1260 3045 1424 3127 αἱρούμεθα,
1449 3047 1525 3106 ἀλλὰ
1548 3047 1653 3118 ἀποθεί-

97 3154 160 3200 sunt
181 3132 262 3200 etiam
285 3153 375 3200 nostra
401 3160 513 3219 corpora
536 3138 638 3220 poenis,
661 3138 815 3220 suppliciis,
872 3164 945 3200 σκειν
962 3140 1097 3222 μυριάκις.
1116 3140 1188 3202 Ἀλλ’
1204 3141 1251 3199 οὐκ
1267 3139 1465 3218 ἀπετμήθητε,
1488 3140 1652 3220 ἀλλδπολλφῑ

97 3233 266 3293 tormentis:
290 3232 412 3308 absume,
427 3231 529 3291 confice
551 3231 602 3291 ista
621 3231 721 3309 quibus
745 3229 818 3291 voles
872 3232 1049 3315 χαλεπώτερα
1067 3232 1277 3294 πεπόνθατε.οὖ
1299 3232 1350 3314 γάρ
1365 3235 1441 3292 ἐστιν
1464 3233 1525 3294 ίσον
1551 3239 1578 3294 ἐν
1598 3239 1653 3315 βρα

97 3325 261 3408 suppliciis.
254 3323 375 3383 ·adduci
400 3345 454 3383 non
469 3344 613 3405 possumus
627 3337 657 3382 ut
672 3322 818 3382 calumnie·
872 3326 1038 3440 χείφικαιροῦ
1054 3331 1122 3405 ῥοπῇ
1142 3324 1259 3407 κεφαλὴν
1280 3326 1443 3398 ἀποθέσθαι,
1459 3328 1508 3386 καί
1523 3327 1620 3387 τοσαύ·
1622 3351 1653 3391 αις

97 3437 169 3490 mur,
181 3415 227 3475 sod
249 3415 348 3474 millies
367 3414 437 3474 mori
462 3414 541 3474 nobis
555 3414 639 3474 satius
655 3428 703 3474 est.
721 3418 755 3474 At
772 3436 818 3474 ca—
827 3419 918 3508 inl
929 3441 1046 3498 τοσουτῳ
1060 3417 1148 3499 χρόνῳ
1171 3414 1331 3476 παλαίεινδ
1318 3416 1441 3491 ὀδύναις,
1457 3418 1570 3498 φόόοις,
1586 3423 1631 3477 ά
1602 3443 1653 3476 ι

96 3509 153 3590 pite
176 3508 293 3567 truncati
319 3529 372 3567 non
392 3507 481 3567 estis:
499 3507 554 3567 imo
575 3507 655 3588 longe
677 3469 863 3566 acerbioral⁵²⁷
836 3527 855 3570 Α
872 3512 944 3582 λαῖς,
962 3509 1168 3590 δεσμωτηρίοις,
1192 3511 1400 3587 άπαγωγαῖς,
1385 3511 1596 3591 οικαστηρίοις,
1616 3513 1653 3580 δη·

16 3625 20 3632 ·
95 3599 205 3659 tulistis
217 3602 276 3659 Non
292 3600 364 3659 enim
378 3598 451 3659 idem
467 3613 506 3658 est
518 3599 598 3660 brevi
613 3598 740 3680 temporis
753 3619 816 3658 mo·
874 3599 942 3680 μίων
972 3600 1064 3682 χερσί,
1094 3601 1261 3681 συκοφαντῶν
1292 3599 1484 3680 ἀναισχύντοις
1519 3601 1655 3680 γλάιτταις,

97 3705 186 3749 mento
206 3704 286 3772 caput
307 3695 445 3766 amittere,
465 3702 490 3749 et
516 3704 590 3751 tanto
611 3704 732 3774 tempore
755 3711 818 3749 cum
872 3691 998 3762 ὀνείδεσι,
1014 3690 1173 3770 λοιδορίαις,
1192 3688 1349 3769 σκώμμασι.
1371 3692 1427 3750 Καί
1446 3692 1567 3776 γὰρκαὶ
1590 3701 1655 3752 τοῖτο

96 3781 199 3841 talibus
209 3781 305 3840 luctari
320 3781 472 3858 doloribus,
487 3783 645 3855 terroribus,
655 3780 748 3851 minis,
757 3803 819 3840 car-
874 3784 997 3864 μέγιστον
1009 3783 1090 3842 άθλου
1100 3773 1239 3853 εἶδος,καλ
1251 3781 1354 3851 τίθησιν
1369 3783 1437 3842 αὐτὸ
1450 3789 1479 3844 ἐν
1488 3785 1570 3854 τάξει
1580 3784 1655 3863 μεγί-

98 3873 216 3945 rudius,
228 3873 437 3930 abductionibus
456 3870 492 3931 ad
511 3872 644 3946 tribunal,
659 3872 819 3931 carnificum
872 3878 925 3935 λων
939 3872 1047 3955 ἀμύνων
1060 3880 1075 3935 θ
1089 3873 1218 3955 μακάριος
1237 3874 1442 3947 Παῦλος,υύτυι
1458 3877 1552 3958 λέγων
1566 3903 1573 3915 ·
1585 3881 1656 3937 Ἀντ-

100 3961 235 4036 manibus,
252 3963 482 4043 sycophantarum
504 3962 745 4043 impudentissimis
766 3963 819 4022 lin·
874 3966 1055 4045 μιμνήσκεσθε
1065 3966 1113 4034 τδς
1127 3965 1255 4047 πρότερον
1265 3964 1383 4046 ἡμίρας,
1395 3970 1424 4026 ἐν
1433 3959 1478 4034 αἷς
1486 3971 1658 4049 φωτισθέντες

99 4054 173 4133 guis,
187 4054 326 4128 conviciis,
342 4054 444 4113 salibus
458 4067 484 4111 et
496 4052 694 4112 dicacitatibus.
709 4055 780 4114 Nam
793 4068 820 4113 et
876 4058 979 4129 πολλὴν
993 4059 1103 4131 ἄθλησιν
1118 4056 1277 4136 θπεμείνατε
1291 4057 1474 4135 παθημάτων.
1492 4052 1569 4121 Εἶτα
1584 4062 1658 4140 λέγων

99 4145 152 4205 boc
172 4146 324 4205 maximum
347 4145 501 4205 certaminis
519 4165 613 4223 genus,
629 4145 820 4226 poniturquea
873 4148 922 4221 τλν
933 4148 1059 4221 ἄθλησιν,
1075 4155 1151 4208 cointe
1161 4149 1285 4222 τέθεικεν,
1296 4147 1378 4216 ούτως
1392 4151 1498 4210 εἰπών·
1516 4156 1610 4214 Τοῦτο
1620 4153 1659 4230 μὲν

98 4236 178 4298 beato
192 4237 279 4298 Paulo
302 4237 329 4296 in
348 4257 508 4317 magnorum
522 4237 698 4296 certaminum
716 4236 820 4311 ordine,
874 4241 1030 4320 ὀνειδισμοῖς
1043 4240 1089 4301 καί
1107 4240 1211 4320 θλίψεσι
1230 4240 1449 4321 θεατριζόμενοι,
1463 4252 1551 4306 τοῦτο
1566 4248 1593 4305 δὲ
1611 4271 1661 4305 κοι-

12 4345 164 4395 ιο.3α.σιιιιι
184 4337 222 4395 εἰσ
240 4334 278 4394 ait
291 4358 298 4391 ι
312 4334 519 4393 Recordumini
541 4333 603 4391 dies
621 4337 771 4414 pristinos,
789 4337 821 4391 in
875 4333 952 4393 νωνολ
962 4337 1015 4392 τῶν
1026 4333 1109 4400 ούτως
1121 4331 1280 4413 πασχόντων
1289 4332 1456 4411 γενηθέντες.
1472 4338 1512 4396 Εἰ
1531 4339 1561 4399 δὲ
1579 4345 1662 4399 oinos·

101 4431 205 4507 quibus
215 4428 389 4496 illuminati,
403 4429 505 4505 ingens
518 4438 667 4483 certamen
680 4425 822 4511 afflictio·
875 4423 1039 4495 νωνήσαντες
1049 4424 1178 4498 ἤθλησαν,
1190 4426 1280 4505 πολλῷ
1296 4426 1399 4501 μάλλον
1413 4430 1441 4485 οῖ
1457 4431 1661 4508 ὑπομείναντες.

102 4541 172 4580 num
195 4523 383 4580 sustinuistis.
408 4516 514 4577 Deinde
541 4530 675 4576 certamen
701 4537 821 4592 narrans,
876 4517 947 4578 Οὐδὲ
958 4517 1012 4597 γάρ
1026 4516 1087 4590 ἕνα,
1097 4517 1143 4575 καλ
1154 4514 1213 4588 δύο
1224 4515 1270 4575 καὶ
1279 4523 1365 4596 τρεῖς
1381 4517 1457 4576 ἀλλὰ
1471 4523 1665 4591 nonomen

10 4636 90 4686 ,3,3
101 4612 192 4695 ipsum
214 4612 289 4694 ponit
310 4613 349 4671 sic
371 4609 505 4670 diceudo.
519 4612 635 4669 Partim
661 4612 823 4690 opprobriis
877 4632 945 4687 μεμε
946 4605 1353 4687 νηκατεθανάτουςτῇγνύμη,
1370 4609 1456 4668 είκαλ
1443 4610 1572 4690 λμὴ
1536 4616 1667 4727 quipp

101 4718 130 4766 et
147 4705 361 4791 afflictionibus
379 4704 577 4782 spectaculum
585 4704 697 4785 sacti:
714 4705 824 4781 partim
877 4699 989 4780 Χάρητι
1003 4697 1090 4758 τοίνυν
1102 4697 1148 4757 καί
1158 4696 1334 4776 σκιρτάσατε
1351 4703 1436 4759 τοῦτο
1452 4701 1511 4783 γὰρ
1527 4710 1596 4764 θ’
1558 4731 1613 4765 των
1628 4708 1669 4765 αθ

101 4802 350 4856 communicantes
374 4799 425 4866 iis,
450 4799 502 4875 qui
524 4799 566 4854 sic
591 4794 779 4880 affliguntur.
793 4794 859 4855 sin
881 4815 967 4872 ρανων
983 4789 1121 4860 Δεσπότης
1135 4788 1255 4849 ἐκέλευσε
1267 4789 1374 4868 ,μὴ’
1338 4813 1420 4866 μονον
1437 4793 1479 4870 μὴ
1491 4799 1565 4878 ἄλφι
1566 4809 1602 4873 tv,
1610 4797 1672 4876 μηδί

100 4907 164 4966 ergo
184 4887 231 4964 qui
255 4883 470 4957 communicant,
491 4897 605 4960 certant,
626 4884 712 4942 multo
736 4883 823 4964 magis
877 4883 1063 4954 καταπίπτειν,
1080 4881 1149 4941 aut
1168 4880 1215 4940 καί
1234 4889 1355 4960 σκιρτᾷν,
1383 4883 1434 4942 καλ
1460 4886 1671 4965 ἤδεσθαηὸςιυ

100 4976 148 5056 qui
167 4977 307 5037 sustinent.
323 4977 385 5036 Non
406 4975 477 5035 enim
499 4996 593 5052 unam,
607 4990 655 5035 aut
674 4976 759 5052 duas,
776 4991 824 5035 aut
878 4976 962 5052 ὄνομα
982 4973 1098 5054 πονηρόν
1116 4975 1193 5051 ύμων
1216 4971 1393 5033 ίκόάλλωσιν.
1407 4976 1448 5036 Ei
1468 4979 1501 5040 δὲ
1524 4984 1574 5042 ἐπὶ
1600 5008 1672 5045 «ηιμ

135 5162 149 5200 b
165 5159 252 5223 [savit
272 5161 297 5209 in
309 5177 389 5226 marg.
402 5161 443 5224 ei]
825 5220 830 5231 Δ
917 5159 930 5197 ‘³
949 5157 1195 5224 [salicinensem]

133 5254 144 5276 2
161 5238 202 5288 Sic
212 5238 262 5286 lta
283 5253 377 5288 omnes.
390 5239 420 5286 lu
434 5233 515 5286 Editis
526 5242 562 5288 nni
578 5245 699 5302 ἀπετμήθη
710 5237 788 5288 dccst.
917 5247 926 5267 ⁰
943 5237 1014 5288 Unus
1024 5243 1097 5289 ταῦτα
1110 5246 1205 5305 τιμῶμαι
1217 5237 1255 5287 σύ·
1268 5242 1286 5287 tl
1296 5239 1387 5301 βούλει.
