3764 5992
112 474 176 544 172
421 471 450 517 S.
479 469 618 518 torturis
644 467 826 514 crrutsosr.
855 465 1014 517 tuentur.
1041 466 1311 515 cousrtttutn'or.

105 593 154 653 ille
167 607 297 652 terrarum
307 589 554 674 orbispraeceptor,
570 605 596 651 et
610 589 756 650 caelestium
769 588 822 647 do·
880 588 960 666 μένης
985 589 1173 671 παιδοτρίύης,
1188 592 1203 648 ό
1217 591 1271 647 τῶν
1284 586 1412 668 οὐρανίων
1424 587 1565 665 δογμάτων
1581 589 1649 648 διδοί·

106 698 229 765 gmatum
241 682 344 756 doctor,
359 705 421 743 curn
430 705 472 743 res
482 683 591 762 quidem
601 680 720 742 adversae
729 680 757 739 in
770 701 825 738 ma·
877 682 986 752 σκαλος,
1000 681 1093 754 ἐπειδὴ
1105 682 1140 742 τά
1154 680 1203 760 μίν
1214 680 1286 740 δεινά
1295 682 1321 738 ἐν
1329 679 1423 760 χερσὶν
1437 671 1469 752 ἦν
1481 679 1526 738 καί
1536 680 1589 759 πρὸ
1601 686 1649 739 τῶν

106 775 187 835 nibus
209 790 307 852 essem,
332 789 358 835 et
378 789 439 835 ante
462 776 555 835 oculos
574 787 760 844 versarentur,
781 792 824 830 res
876 773 1017 850 ὀφθαλμῶν
1030 772 1216 851 πραττόμενα,
1229 770 1264 830 τὰ
1275 770 1303 831 δὲ
1315 771 1422 852 χρηστὰ
1435 773 1463 829 ἐν
1474 771 1567 829 ἐλπίσι
1575 771 1648 846 μόνον

107 882 196 928 autem
215 867 390 949 prosperaein
406 888 452 947 spe
467 881 571 926 tantum
590 879 617 924 et
640 862 824 945 promissione,
876 862 922 921 καί
936 863 1113 941 ἐπαγγελίαις,
1124 863 1246 942 βασιλεία
1255 864 1380 943 οὐρανῶν,
1388 862 1470 942 λέγω,
1481 863 1527 921 καὶ
1537 862 1649 922 ἀνάστα-

107 981 229 1039 rcgnum,
244 959 364 1038 inquam,
377 958 512 1030 caelorum,
519 972 546 1017 et
556 955 725 1030 resurreetio,
732 977 765 1015 ac
776 955 824 1014 bo·
877 976 933 1024 σιτ,
948 953 1060 1014 καὶτῶν
1076 957 1182 1034 ἀγαθῶν
1202 953 1308 1014 ἐκείνων
1327 953 1401 1026 λῆξις
1421 958 1477 1012 τῶν
1491 951 1581 1011 πάντα
1594 958 1649 1011 ναῦν

108 1049 513 1132 norumillorumadeptio,quae
522 1046 710 1128 cogitationem
717 1067 823 1106 omnem
876 1042 922 1103 καί
932 1043 1008 1122 λόγω
1023 1045 1248 1125 θπερόαινύντων·
1268 1044 1416 1124 κάμινοιδδ
1431 1045 1479 1104 καί
1488 1043 1594 1122 τήγανον
1607 1045 1648 1103 καί

108 1164 139 1202 ae
155 1163 302 1202 sermonem
316 1141 450 1202 excedunt
463 1165 469 1197 τ
483 1142 604 1200 fornaces
617 1152 725 1215 autem,
740 1153 823 1198 sarta-
876 1135 937 1216 ξίφη
948 1136 993 1196 καὶ
1007 1136 1134 1219 τιμωρίαι
1144 1139 1189 1198 καί
1201 1137 1368 1198 παντοδαπαί
1379 1137 1504 1202 κολάσεις
1514 1136 1562 1195 καί
1574 1137 1648 1196 θάνα-

107 1231 682 1312 gines,gladii,supplicia,tormentorumct
693 1225 822 1284 mortium
875 1250 917 1288 τοι
938 1231 986 1289 οῦκ
1006 1231 1033 1287 ἐν
1051 1232 1167 1304 ἐλπίσιν,
1183 1232 1241 1289 ἀλλ’
1254 1233 1281 1290 ἐν
1294 1229 1386 1311 πείρα·
1399 1232 1423 1288 ol
1443 1228 1472 1288 δὲ
1488 1229 1556 1307 πρὸς
1567 1233 1648 1287 ταῦτα

106 1346 202 1405 genera
218 1324 306 1383 omnia
318 1344 370 1383 non
383 1343 447 1402 spe,
464 1319 512 1379 scd
525 1317 687 1400 experientia
701 1317 823 1398 percipe-
875 1319 1048 1398 ἀγωνίζεσθαι
1062 1322 1216 1400 μέλλοντες,
1228 1322 1324 1403 ἀρτίως
1333 1322 1387 1382 ἀπὸ
1401 1325 1502 1400 βωμῶν
1514 1320 1563 1380 καὶ
1577 1319 1648 1381 εἰδώ-

106 1431 199 1477 rentur
212 1441 218 1474 :
231 1417 277 1495 qui
293 1438 355 1476 vero
367 1415 497 1474 adsersus
514 1411 573 1471 baec
589 1409 678 1470 omnia
697 1410 822 1469 certaturi
838 1434 856 1479 η
874 1413 926 1470 λων
939 1413 986 1472 καὶ
999 1419 1098 1495 τρυφῆς
1112 1415 1158 1474 καί
1172 1413 1315 1481 ἀκολασίας
1328 1415 1373 1474 καλ
1384 1413 1469 1492 μέθης
1482 1413 1647 1484 εἰσποιηθέν-

106 1523 192 1582 erant,
207 1526 259 1568 non
280 1507 318 1566 ita
330 1505 435 1587 pridem
448 1503 484 1562 ab
497 1502 639 1574 altaribus,
654 1501 688 1559 ab
701 1500 794 1578 idolis,
807 1524 822 1561 a
871 1530 914 1575 τες
928 1499 996 1580 ἦσαν
1015 1513 1049 1588 τῇ
1074 1507 1180 1582 πίστει,
1202 1507 1277 1569 οὐδὲν
1291 1507 1391 1588 ὑψηλὸν
1416 1506 1480 1587 περί
1497 1512 1547 1579 τῆς
1566 1505 1647 1566 ἀϊδίων

104 1598 242 1670 deliciis,a
256 1596 366 1656 luxuria
379 1609 405 1655 et
417 1595 544 1654 ebrietate
555 1593 591 1652 ad
608 1591 690 1652 lidem
706 1591 823 1653 traducti
872 1602 941 1671 ζωῆς
954 1599 1019 1668 τέως
1030 1600 1240 1679 μεμελετηκότες
1251 1604 1356 1674 ἐννοεῖν,
1365 1599 1436 1659 ἀλλὰ
1446 1604 1499 1658 τῶν
1510 1598 1646 1680 παρόν-των

105 1690 226 1766 fuissent,
246 1710 331 1768 neque
353 1687 420 1747 dum
433 1686 467 1746 ad
482 1685 598 1745 sublime
617 1683 765 1763 quidquam
787 1685 822 1746 de
872 1690 1040 1772 ἀντεχόμενοι
1051 1694 1165 1770 μᾶλλον·
1176 1691 1221 1751 καὶ
1231 1692 1300 1759 εἰκὸς
1312 1689 1412 1752 τούτων
1425 1688 1542 1758 πολλοῦς
1556 1712 1648 1770 μικρο-

105 1782 161 1840 νίῑο
175 1796 273 1841 aeterna
281 1781 443 1841 versandum
457 1777 545 1838 animo
556 1777 706 1847 assuefacti,
720 1777 765 1836 scd
780 1800 820 1838 re·
870 1786 964 1862 posen
978 1782 1023 1843 καί
1041 1783 1197 1851 ἐκλύεσθαι,
1211 1782 1257 1842 καί
1278 1782 1436 1842 ἀναπίπτειν
1453 1785 1515 1842 καθ’
1531 1782 1646 1852 ἑκάστην

105 1875 157 1934 bus
168 1874 343 1956 presentibus
352 1873 443 1954 potius
454 1871 613 1931 inhaererent
623 1893 630 1926 ε
640 1883 666 1928 et
674 1871 822 1929 verisimile
870 1874 1103 1954 πολιορκωμένους
1117 1874 1233 1955 ἡμέραν·
1251 1872 1301 1955 Spa
1312 1873 1340 1933 τί
1347 1883 1419 1934 ποιεῖ
1432 1879 1447 1934 ὁ
1459 1879 1514 1934 τῶν
1529 1873 1646 1952 άποββή-

105 1981 172 2026 csset
182 1967 249 2043 sore,
264 1981 294 2025 ut
305 1965 384 2025 multi
403 1985 496 2024 merim
511 1962 677 2037 fatiscerent,
693 1961 819 2021 concide-
869 1991 921 2027 των
933 1968 1072 2041 κοινωνὸς,
1083 1968 1129 2027 καί
1143 1967 1259 2048 πρόσεχε
1280 1970 1314 2047 τῇ
1339 1966 1449 2028 Παύλου
1470 1966 1561 2048 σοφίᾳ.
1578 1967 1646 2026 Συν-

104 2072 164 2118 rent
177 2058 273 2118 animis
293 2078 325 2115 ae
337 2055 494 2128 delicerent,
508 2074 570 2112 cum
589 2052 703 2131 singulis
724 2052 820 2113 diebus
868 2062 937 2139 εχῶς
951 2060 1011 2139 περί
1024 2063 1076 2118 τῶν
1091 2058 1239 2136 μελλόντων
1251 2060 1338 2125 αὐτοῖς
1357 2057 1527 2139 διαλέγεται,
1546 2057 1593 2116 καί
1614 2056 1645 2115 el

100 2150 308 2210 obsiderentur:
321 2147 385 2209 vide
396 2146 464 2226 quid
478 2145 525 2205 ille
537 2144 627 2222 saciat,
645 2144 692 2224 qui
706 2165 819 2205 areano-
869 2150 982 2232 βραύεὶα
995 2153 1040 2209 ὑπ’
1053 2151 1113 2231 ὄψιν
1125 2151 1197 2229 ἀγει,
1209 2151 1254 2211 καί
1273 2149 1388 2210 δείκνυσι
1408 2149 1469 2217 τοῦς
1482 2148 1642 2229 στεφάνως,

102 2265 164 2303 rum
183 2242 318 2324 particeps
332 2239 476 2299 celestium
497 2239 596 2314 suerat,
610 2251 637 2296 et
660 2236 820 2317 sapientiam
868 2241 983 2323 ἀλείφων
991 2241 1083 2310 αὐτοὺς
1094 2242 1139 2302 καί
1150 2240 1384 2323 παραμυθούμενος
1396 2250 1455 2310 ταῖς
1466 2245 1520 2301 τῶν
1533 2241 1643 2300 αἰωνίων

1 2350 17 2388 ὀ
33 2336 183 2415 turcani
194 2334 340 2395 considera.
352 2336 394 2393 De
405 2331 503 2392 tuturis
514 2329 620 2390 assidue
630 2330 737 2389 disserit
745 2331 820 2412 apud
869 2336 973 2414 ἀγαθῶν
983 2332 1080 2394 ἐλπίσι.
1094 2334 1147 2393 Καὶ
1158 2334 1185 2393 τί
1199 2324 1264 2415 φησι
1271 2357 1280 2410 3
1292 2332 1520 2415 Λογιζόμεθαγάρ
1527 2379 1536 2408 ,
1546 2331 1588 2392 ότι
1600 2334 1645 2391 αλκ

3 2405 93 2509 ’,ζώω
102 2429 173 2503 illos,
187 2426 263 2509 ponit
275 2427 311 2486 cb
323 2425 414 2486 oculos
435 2423 555 2505 praernia,
569 2443 679 2481 coronas
692 2421 818 2501 ostendit,
834 2443 853 2490 c
870 2422 929 2492 ἀξια
948 2424 983 2483 ab
1005 2426 1152 2502 παθήματα
1165 2432 1210 2485 τοῦ
1224 2433 1268 2486 νῦν
1278 2430 1377 2507 Ικαιροῦ
1389 2425 1456 2504 πρὸς
1468 2425 1520 2497 τὴν
1534 2424 1643 2503 μέλλω·

8 2544 42 2574 us·
101 2520 262 2596 incitateos,
277 2532 302 2578 et
315 2518 509 2604 spe'bonorum
521 2529 681 2574 aeternorum
697 2515 821 2575 consola·
870 2539 917 2575 σαν
926 2514 1002 2583 δόξαν
1010 2518 1229 2597 ἀποκαλυφθῆναι
1242 2521 1368 2596 είςὴμῦς.
1382 2517 1420 2577 Τί
1432 2516 1486 2597 γάρ
1499 2516 1642 2596 μοιλέγεις,

14 2618 44 2666 ,8.
56 2622 154 2673 autur.
180 2611 255 2685 Quid
273 2624 362 2670 autem
389 2608 481 2668 dicit?
504 2610 719 2667 Existimamus
741 2612 819 2666 enim
868 2608 933 2690 φησί
940 2608 1095 2689 ,τραύματα
1103 2610 1149 2669 καὶ
1163 2610 1269 2688 βωμοὺς
1278 2611 1324 2671 καὶ
1337 2609 1448 2688 δημίους
1457 2610 1505 2669 καὶ
1516 2610 1641 2692 τιμωρίας

100 2709 180 2788 quod
205 2726 264 2764 non
288 2716 356 2764 sunt
380 2703 533 2781 condigne
553 2704 706 2780 passiones
731 2701 819 2781 liujus
868 2701 913 2762 καί
925 2701 1019 2781 λιμοὺς
1030 2703 1076 2762 καὶ
1091 2702 1232 2781 δημεύσεις
1245 2703 1290 2763 καί
1303 2703 1395 2763 πενίαν
1418 2702 1464 2762 καὶ
1491 2703 1578 2781 δεσμὰ
1598 2703 1640 2762 καί

100 2800 236 2877 temporis
248 2797 289 2854 ad
296 2795 431 2874 suturam
443 2793 581 2872 gloriam,
598 2811 663 2870 ροισι
676 2792 817 2851 revelabi·
867 2793 987 2870 ἁλύσεις,
1004 2794 1092 2855 πάντα
1106 2793 1157 2855 ὅσα
1171 2794 1261 2874 βούλει
1274 2793 1340 2854 τίθει
1353 2794 1388 2854 τὰ
1412 2797 1542 2855 δοκοῦντα
1559 2798 1585 2855 ἐν
1598 2799 1639 2855 ἀν-

99 2901 150 2948 tur
164 2891 197 2946 in
216 2889 309 2946 nobis.
321 2883 397 2956 Quid
408 2882 480 2941 enim
497 2881 564 2940 mihi
581 2881 817 2959 vulnera,inquit,
867 2884 981 2964 θρώποις
997 2884 1085 2959 δεινά,
1104 2885 1150 2944 καί
1173 2886 1247 2946 οὐδὲν
1265 2884 1336 2954 ἀξιον
1350 2884 1435 2965 λέγεις
1448 2889 1503 2946 τῶν
1521 2885 1637 2960 ἐπάθλων

97 2977 203 3058 objicis,
210 2977 315 3053 altaria,
322 2973 470 3046 carnifices,
480 2972 626 3053 supplicia,
634 2974 743 3048 samem,
754 2996 817 3055 pro·
867 2977 973 3037 ἐκείνων
987 2978 1095 3036 καὶτῶν
1108 2977 1242 3058 στεφάνων
1257 2977 1302 3036 καί
1321 2981 1373 3036 τῶν
1387 2977 1520 3055 ἀμοιύῶν.
1534 2977 1578 3037 Τά
1592 2976 1635 3055 μὲν

98 3069 478 3151 scriptiones,paupertatem,
494 3064 601 3125 vincula
615 3079 642 3124 et
656 3066 817 3148 compedes?
867 3069 973 3149 γὰρτῷ
997 3068 1108 3151 παρόντι
1133 3068 1342 3149 συγκαταλύεται
1363 3067 1429 3151 βίιρ,
1452 3067 1488 3129 ab
1508 3067 1537 3129 δὲ
1560 3072 1634 3148 ἐντῷ

95 3159 602 3241 quacumquevoluerispropone,quae
612 3157 647 3217 ab
659 3157 817 3221 bominibus
868 3161 970 3242 ἀπείρῳ
983 3165 1058 3220 αἰῶνι
1078 3159 1152 3229 τέλος
1165 3163 1212 3221 οὐκ
1235 3159 1303 3242 ἔχει·
1326 3161 1371 3222 καί
1388 3160 1485 3239 τὰμὲν
1500 3161 1633 3242 παροδεύει

95 3252 188 3333 gravia
199 3265 338 3312 censentur
349 3274 358 3327 3
370 3249 440 3308 nihil
451 3264 539 3308 tamen
552 3248 672 3330 praemiis
688 3249 753 3326 illis,
767 3273 816 3312 co·
866 3252 1016 3333 πρόσκαιρα
1027 3253 1103 3325 ὄντα,
1114 3251 1149 3311 τά
1169 3251 1197 3313 δέ
1212 3251 1360 3335 παραμένει
1373 3254 1503 3326 διηνεκῶς
1518 3252 1633 3332 ἀγήρατα

94 3343 169 3405 ronis
190 3367 222 3406 ac
248 3342 469 3404 retributionibus
479 3340 595 3421 dignum
608 3363 813 3406 commemoras.
866 3344 1077 3425 συνυπάρχοντα.
1092 3343 1181 3426 Ὅπερ
1190 3345 1237 3404 καί
1250 3347 1368 3426 ἀλλαχοῦ
1381 3349 1459 3404 τοῦτο
1479 3346 1545 3405 αὐτὸ
1559 3348 1634 3404 αἰνιτ-

96 3437 166 3497 Nam
176 3437 227 3497 ista
237 3435 347 3516 quidem
356 3455 408 3493 una
417 3433 539 3493 cumbae
547 3432 604 3492 vita
614 3432 813 3512 finiuntur,‚illa
829 3448 849 3496 u
865 3435 973 3515 τόμενος
986 3437 1074 3517 έλεγε·
1089 3436 1131 3496 Tc
1145 3435 1197 3517 γάρ
1221 3434 1374 3518 παραυτίκα
1389 3436 1504 3518 ἐλαφρὸν
1517 3440 1566 3509 τῆς
1583 3435 1634 3496 θλί-

96 3551 160 3590 vero
175 3530 203 3589 in
217 3529 325 3589 infinito
336 3525 454 3596 illoaro
463 3525 545 3584 linem
556 3546 611 3584 non
622 3525 725 3585 bahent
737 3550 744 3583 ι
757 3527 816 3587 haec
865 3530 947 3607 ψεως·
967 3533 1001 3608 τῇ
1016 3527 1143 3600 ποσότητι
1153 3526 1201 3602 riv
1217 3529 1346 3600 ποιότητα
1360 3527 1583 3605 ὑποτεμνόμενος,
1595 3526 1634 3587 καί

96 3623 258 3704 temporaria
271 3641 334 3680 cum
347 3617 411 3692 sint,
425 3630 587 3699 praetereunt
600 3639 610 3694 3
625 3617 672 3676 ille
685 3638 747 3678 cum
761 3619 815 3683 sint
866 3624 904 3701 τῷ
914 3621 1001 3701 Ιχρόνῳ
1015 3621 1045 3680 τδ
1067 3621 1189 3701 φορτικὸν
1209 3619 1453 3703 παραμυθούμενος.
1462 3619 1577 3694 Ἐπειδὴ
1591 3619 1635 3698 alp

96 3715 274 3789 immortalia,
293 3725 422 3793 perpetuo
444 3723 610 3791 permanent.
622 3709 706 3783 Quod
724 3710 814 3792 ipsum
865 3718 899 3794 τῇ
912 3713 987 3794 φύσει
1002 3714 1086 3795 βαρέα
1099 3714 1145 3773 καί
1158 3711 1271 3793 φορτικὰ
1281 3704 1313 3785 ἦν
1327 3712 1362 3771 rb
1373 3711 1433 3772 τότε
1449 3711 1635 3792 συμὸοιίνοιτα,

1 3827 70 3886 ἠγ.
92 3821 122 3869 et
141 3806 196 3866 alio
215 3807 274 3864 loco
295 3802 468 3863 subindicans
488 3800 596 3860 dicebat
611 3823 618 3858 τ
636 3803 676 3859 ld
688 3804 769 3883 quod
782 3808 815 3862 εἰι
865 3809 904 3886 τῷ
918 3803 1109 3887 προσκαίρῳτὸ
1131 3804 1253 3886 φορτικόν
1277 3805 1363 3864 αὐτῶν
1381 3803 1578 3883 ὑποτέμνεται,
1598 3805 1635 3864 λε’·

92 3901 231 3978 presenti
247 3908 290 3954 est
311 3907 545 3952 momentaneum
565 3905 593 3951 et
608 3893 672 3952 leve
690 3895 814 3953 tribula·
865 3920 928 3977 γων·
948 3897 988 3957 Τὸ
1009 3896 1060 3978 γὰρ
1074 3896 1226 3979 παραυτίκα
1240 3896 1351 3976 ἐλαφρὸν
1361 3899 1408 3967 τῆς
1431 3896 1546 3976 θλίψεως
1564 3901 1633 3975 ἡμῶν

95 3991 201 4046 tionis:
216 3986 255 4044 sic
272 3982 424 4061 quantitate
444 3983 602 4060 qualitatem
624 3983 775 4058 imminuit,
788 3999 815 4045 et
865 3992 924 4050 καθ’
940 3990 1088 4071 ὓπερὸολὴν
1102 3993 1139 4057 εἰς
1158 3989 1308 4069 θπερύολλν
1332 3987 1439 4048 αἰώνιον
1465 3989 1548 4069 βάρος
1566 3988 1634 4060 δόξης

92 4076 267 4138 acerbitatem
277 4073 389 4155 mitigat
396 4071 522 4152 temporis
530 4071 813 4145 brevitateQuoniam
865 4081 1054 4162 κατεργάζεται
1066 4087 1142 4159 ἡμῖν,
1155 4079 1193 4160 μὴ
1216 4080 1383 4141 σκοπούντων
1395 4083 1477 4156 ἡμῶν
1488 4079 1523 4139 τά
1538 4079 1633 4160 βλεπό-

94 4168 166 4229 enim
184 4166 277 4247 gravia
290 4178 385 4224 natura
407 4185 454 4223 sna
475 4176 548 4222 erant
570 4176 596 4221 et
610 4161 735 4237 molesta,
752 4188 812 4244 quaa
864 4195 948 4251 μενοι,
963 4171 1033 4232 ἀλλὰ
1052 4170 1086 4230 τῦ
1098 4170 1136 4250 μὴ
1159 4171 1322 4251 βλεπόμενα.
1340 4170 1384 4230 tt
1398 4168 1451 4251 γὰρ
1469 4170 1634 4253 βλεπόμενα,

95 4276 153 4321 turn
162 4260 217 4319 illis
230 4256 396 4332 accidebant,
406 4254 539 4315 brevitate
550 4251 700 4314 molestiam
710 4256 811 4318 minuit
862 4263 1024 4346 πρόσκαιρα·
1040 4262 1074 4322 τά
1090 4262 1117 4323 δὲ
1130 4263 1167 4343 μὴ
1188 4263 1352 4342 βλεπόμενα,
1369 4262 1475 4322 αἰώνια.
1491 4263 1547 4323 Καί
1559 4264 1633 4323 πάλιν

4 4397 36 4424 ,,
63 4415 68 4427 ,
91 4352 253 4413 dieenszlcl
259 4354 336 4410 enim
348 4349 427 4428 quod
436 4351 468 4404 εἰν
477 4349 617 4426 praesenti
627 4359 671 4405 est
681 4368 809 4408 momen·
862 4355 966 4435 ἀνάγων
980 4355 1074 4423 αὐτοὺς
1087 4359 1125 4424 εἰς
1141 4354 1189 4426 τὴν
1201 4355 1301 4415 ἔννοιαν
1315 4359 1362 4414 τοῦ
1374 4354 1501 4433 μεγέθους
1511 4360 1566 4415 τῶν
1581 4356 1633 4414 τότε

14 4496 20 4501 .
40 4477 44 4488 -
93 4461 212 4506 laneum
232 4458 260 4503 et
275 4443 337 4502 leve
359 4440 557 4499 tribulationis
579 4452 685 4498 nostrae
695 4484 705 4512 ,
721 4461 810 4521 supra
825 4468 843 4515 E
860 4449 979 4525 ἀγαθῶν,
999 4445 1081 4519 αὐτὴν
1100 4445 1200 4524 εἰσάγει
1220 4445 1268 4519 τλν
1287 4444 1376 4505 κτίσιν
1401 4445 1574 4525 δδυνωμίνην
1594 4447 1634 4506 καί

92 4541 208 4598 niodum
216 4541 248 4595 ιἰν
254 4535 579 4596 sublimitateoeteroum
585 4531 687 4611 glorier
692 4537 807 4612 pondus
860 4537 1067 4607 συστενάζουοαν
1081 4538 1125 4599 ἐπί
1139 4547 1192 4604 τοῖς
1206 4541 1321 4618 παροῦσι
1338 4542 1495 4620 μοχθηροῖς,
1510 4539 1558 4598 καὶ
1572 4539 1633 4620 σφό-

90 4632 266 4711 operaturin
276 4629 369 4697 nobis,
382 4643 442 4681 non
450 4623 714 4702 contemplantibus
724 4628 807 4685 nobis
860 4633 910 4709 δρα
922 4634 1098 4708 ἐπιθυμοῦσαν
1111 4628 1146 4689 ele
1156 4629 1303 4709 μέλλοντα,
1316 4633 1352 4697 ὡς
1366 4629 1436 4689 πάνυ
1445 4631 1511 4688 ὄντα
1521 4630 1633 4712 χρηστέ,

91 4743 155 4802 quoe
174 4722 325 4790 videntur,
342 4718 393 4776 sed
409 4735 474 4794 ηιιοε
488 4735 547 4772 non
569 4715 717 4774 videntur.
736 4718 807 4794 Quae
859 4722 942 4802 λέγων
954 4721 1039 4782 ούτω·
1053 4722 1106 4781 Καὶ
1119 4719 1170 4802 γάρ
1184 4726 1201 4792 ἡ
1215 4719 1300 4788 κτίσις
1314 4720 1466 4788 συστενάζει
1485 4723 1533 4783 καὶ
1552 4745 1633 4781 συνω-

90 4819 167 4873 enim
181 4815 331 4882 videntur,
345 4807 519 4886 temporalia
536 4819 619 4865 sunt:
634 4827 698 4885 φατε
708 4822 807 4865 σιτίσαι
859 4813 923 4871 δίνει
938 4813 1002 4894 ἀχρι
1016 4820 1061 4873 τοῦ
1076 4818 1130 4872 νῦν.
1150 4811 1229 4879 Τίνος
1243 4810 1330 4872 ἕνεκεν
1344 4811 1479 4887 στενάζεις
1492 4813 1564 4882 τίνος
1577 4812 1634 4873 lvs-

92 4926 151 4963 non
168 4902 317 4972 videntur,
339 4913 449 4958 ceteram
462 4910 539 4957 sunt.
556 4896 594 4955 Et
608 4917 701 4956 rursus
722 4910 751 4956 ut
770 4896 806 4956 ad
859 4927 903 4963 κεν
917 4905 1075 4977 ὠδίνειςΤὰ
1089 4904 1219 4983 plattam
1239 4905 1327 4964 ἐκεῖνον
1350 4906 1528 4986 οροοδονιῶοοι
1551 4902 1633 4984 ἀγαθά

89 4994 300 5074 cognoscendam
316 4992 448 5050 bonorum
464 4989 538 5047 illius
554 4989 616 5048 vitae
635 4988 805 5066 magnitudi-
859 4996 904 5055 χοὶ
918 4999 1082 5075 ἐπιθυμοῦσα
1107 4995 1153 5070 τὴν
1165 4995 1209 5055 ἐπί
1227 4996 1258 5056 εδ
1276 4995 1380 5074 βέλτιον
1394 4997 1557 5076 μεταόολήν.
1582 4995 1633 5058 Καὶ

90 5107 152 5146 nem
174 5084 235 5143 illos
249 5082 388 5164 provehat,
409 5094 557 5140 creaturam
571 5080 657 5159 ipsam
680 5079 716 5137 ob
734 5102 805 5160 prae·
858 5086 910 5168 γὰρ
933 5087 978 5148 καί
993 5086 1074 5161 adri,
1087 5089 1206 5168 φησὶν,ἡ
1227 5085 1313 5154 κτίσις
1329 5088 1569 5168 ἐλευθερωθήσεται
1583 5087 1633 5146 ἀπὸ

89 5177 170 5238 sentia
177 5176 246 5233 mala
255 5174 389 5232 dolentem
399 5187 424 5232 et
433 5184 632 5251 congementem
644 5171 802 5249 introducit,
856 5182 904 5250 τῆς
919 5177 1036 5246 δουλείας
1049 5183 1097 5249 τῆς
1108 5185 1205 5261 φθορᾶς
1221 5182 1257 5246 εἰς
1272 5178 1320 5252 τλν
1332 5179 1481 5260 ἐλευθερίαν
1495 5185 1545 5253 τῆς
1558 5178 1632 5251 δοξης

89 5303 120 5343 ac
139 5279 230 5336 έιιιιιιε
249 5289 385 5351 tamquam
402 5272 481 5334 valde
492 5271 610 5353 jucunda
631 5272 801 5335 vehementer
857 5274 909 5330 τῶν
923 5270 1021 5331 τέκνων
1034 5277 1078 5332 τοῦ
1091 5275 1170 5333 Θεοῦ.
1182 5271 1269 5332 Ὅταν
1277 5272 1304 5332 δὲ
1319 5269 1448 5352 ἀκούσῃς,
1458 5271 1501 5333 δτι
1514 5273 1630 5340 στενάζει
