3810 6000
578 512 622 559 DF.
648 511 862 561 noouartolttt
888 510 1056 584 PlllfflOSAE
1080 514 1209 567 CRb'ClS.

123 642 235 712 ποιῶσι,
246 638 283 716 μὴ
300 637 459 720 φειδώμεθα.
476 596 562 698 Τοῦτο
575 638 627 720 γάρ
636 642 706 699 ἔστιν
718 637 894 721 ἀρνήσασθαι·

122 719 257 789 τουτέστι,
274 718 355 798 μηδὲν
371 718 454 799 ἐχέτω
472 717 538 799 πρὸς
560 719 669 793 ἑαυτὸν,
690 720 750 779 ἀλλ’
771 717 896 778 ίκδιδύτω

123 795 239 858 11ἑαυτὸν
253 808 308 867 τοῖς
326 799 468 873 κινδύνοις,
481 808 535 866 τοῖς
561 802 663 875 ἀγῶσι,
682 798 729 858 καί
752 801 787 866 ὥς
806 799 896 879 ἐτέρου

1594 520 1664 597 oet

950 660 1065 718 narnque
1078 641 1113 699 ab
1124 663 1155 700 eo
1166 655 1205 701 est
1216 640 1316 701 animo.
1328 642 1374 705 Sic
1384 661 1448 721 crgo
1457 644 1518 703 rult
1533 663 1582 702 nos
1593 642 1667 705 llcue

949 735 1029 800 eaput
1047 735 1167 780 nostrum
1185 722 1319 801 negligere
1330 746 1336 780 ι
1349 736 1379 781 ut
1398 724 1422 781 si
1443 722 1492 802 qni
1510 744 1559 783 nos
1581 723 1667 784 irsius

950 820 1029 860 causa
1043 801 1194 875 verberent,
1211 803 1254 862 vel
1264 802 1400 940 supplicio
1410 803 1542 876 alliciant,
1552 824 1571 863 ν

122 877 289 959 πάσχοντος,
312 877 382 937 οθτω
409 878 559 938 διακείσθω.
580 878 633 939 Καὶ
646 880 696 939 οὐκ
709 868 794 951 εἶπεν,
810 882 895 958 άρνη-
912 893 932 939 E
951 879 1017 955 lant,
1031 893 1077 939 aut
1090 881 1195 961 aliquid
1206 880 1282 940 aliud
1303 896 1401 957 aurant,
1417 882 1595 962 negligamus.
1608 804 1668 943 ilii

123 957 215 1018 σάσθω
241 959 349 1028 ἑαυτὸν,
371 961 446 1031 ἀλλ’,
463 957 686 1039 Ἀπαρνησάσθω,
709 968 793 1041 μικρᾶ
810 957 894 1038 ταύτῃ

122 1038 261 1119 προσθήκη
289 1038 389 1112 πολλὴν
419 1038 554 1120 ἐμφαίνων
580 1037 629 1110 τὴν
656 1020 815 1121 ὖπερύολιξν.
842 1038 896 1099 Καὶ

123 1117 215 1217 ἀράτω
239 1120 283 1178 τὸν
308 1117 421 1201 σταυρδν
442 1121 528 1178 αὐτοῦ,
555 1107 633 1184 Εἶδες
662 1122 720 1185 πῶς
744 1117 897 1181 καθώπλισε

120 1219 167 1257 τον
181 1197 308 1275 ἑπόμενον
327 1202 397 1258 αὐτῶ
413 1196 577 1279 στρατιώτην
592 1202 607 1257 ὁ
621 1202 675 1257 τῶν
688 1200 803 1297 οὐρανῶν
821 1201 896 1276 βασι-

120 1275 196 1351 λεύςς
209 1281 251 1337 Οὐ
264 1278 353 1358 θυρεόν
367 1256 473 1350 ἔδωκεν,
487 1281 517 1337 οὐ
534 1278 641 1361 κράνος,
652 1280 682 1336 ού
696 1276 780 1351 τοξον,
795 1280 825 1337 οὐ
841 1277 896 1337 θώ-

122 1379 210 1434 ρακα,
225 1360 255 1417 ού
268 1358 398 1435 κνημῖδα,
407 1360 455 1417 ούκ
468 1357 534 1417 ἀλλο
548 1382 575 1417 τι
591 1360 644 1417 τῶν
664 1356 789 1416 τοιούτων
809 1357 894 1432 οὐδὲν,

120 1437 181 1495 ἀλλ’
195 1436 210 1496 δ
223 1437 330 1498 πάντων
344 1436 443 1498 τούτων
458 1437 528 1497 ἐστὶν
545 1437 724 1536 ἰσχυρότερον,
745 1436 794 1509 τὴν
809 1437 894 1518 α’σφά·

119 1516 195 1574 λειαν
214 1516 263 1588 τὴν
283 1517 336 1578 ἀπὸ
349 1522 395 1578 τοῦ
419 1522 589 1596 moenem
603 1516 734 1595 σύμύολον
754 1521 802 1591 τῆς
824 1516 894 1577 κατά

119 1596 173 1652 τῶν
187 1596 319 1673 δαιμόνων
342 1597 425 1670 νίκης.
440 1599 527 1656 Τοῦτο
551 1595 690 1677 μάχαιρα,
702 1601 781 1655 τοῦτο
797 1595 892 1671 ἀσπίς,

119 1679 198 1734 τοῦτο
223 1675 324 1757 θώραξ,
343 1684 419 1737 τοῦτο
447 1674 558 1757 κράνος,
581 1682 658 1736 τούτο
680 1676 791 1753 κνημίς,
815 1681 894 1735 τοῦτο

950 972 988 1018 est
998 960 1070 1018 enirn
1082 982 1195 1041 negare3
1211 960 1242 1021 id
1255 975 1303 1036 est,
1317 961 1389 1021 nihil
1400 962 1439 1021 rei
1453 983 1544 1022 secum
1556 962 1664 1035 habeat,

950 1039 998 1099 sed
1011 1061 1040 1099 se
1055 1040 1113 1121 ipse
1128 1040 1255 1122 perieulis
1268 1042 1388 1122 objiciat,
1405 1055 1431 1101 ct
1445 1042 1584 1101 certamini
1598 1066 1606 1100 τ
1621 1056 1668 1107 at-

950 1139 1003 1196 que
1013 1140 1044 1179 eo
1056 1119 1139 1181 modo
1149 1122 1261 1181 allectus
1272 1122 1317 1198 sit,
1332 1142 1387 1201 qno
1400 1121 1423 1181 si
1436 1123 1499 1201 quis
1511 1122 1582 1181 alius
1594 1135 1668 1203 peto-

949 1213 1032 1274 retur,
1057 1213 1133 1260 esset.
1159 1204 1215 1260 Nec
1236 1201 1314 1273 dicit,
1340 1204 1426 1281 Neget
1448 1202 1577 1282 seipsum,
1599 1201 1666 1275 sed,

949 1279 1099 1360 Abneget,
1108 1280 1160 1340 hac
1170 1302 1254 1362 parva
1262 1280 1435 1361 adjunctione
1445 1302 1572 1361 magnam
1579 1281 1669 1342 decla·

949 1379 1011 1418 rans
1029 1361 1255 1440 exsuperantiam.
1276 1364 1318 1421 Et
1340 1363 1427 1422 tollet
1447 1383 1561 1421 crucem
1573 1382 1667 1424 suam.

948 1437 1035 1499 Vides
1046 1439 1181 1518 quomode
1193 1462 1254 1499 eum
1265 1441 1397 1513 militnm,
1411 1441 1458 1520 qui
1469 1442 1560 1523 ipsum
1572 1441 1668 1520 sequi·

948 1529 1002 1595 tur,
1023 1539 1072 1577 rex
1086 1519 1212 1579 eaelorurn
1227 1521 1365 1580 amarit?
1381 1522 1442 1581 Non
1456 1534 1564 1581 scutum
1577 1519 1665 1600 dedit,

948 1617 1001 1656 non
1016 1598 1131 1677 galcam,
1157 1621 1208 1659 nun
1234 1620 1337 1673 arcum,
1362 1621 1415 1660 non
1440 1601 1587 1677 thoracem,
1614 1622 1667 1663 non

948 1697 1064 1752 ocream,
1086 1700 1139 1738 non
1155 1679 1298 1770 quidpiam
1314 1680 1392 1741 aliud
1407 1678 1527 1771 ejusdem
1550 1682 1665 1819 generis,

119 1753 241 1836 epelpine
266 1755 398 1837 depelle,
421 1763 499 1815 τοῦτο
519 1754 611 1832 λιμὴν,
631 1761 708 1815 τοῦτο
733 1754 936 1835 καταφυγὴ,ηι
948 1756 997 1816 sed
1010 1757 1084 1848 quod
1104 1757 1147 1818 his
1160 1761 1286 1819 omnibns
1305 1775 1344 1819 est
1357 1760 1464 1819 firmins
1479 1775 1505 1821 et
1521 1783 1555 1821 va
1567 1761 1665 1834 entius,

118 1838 198 1893 τοῦτο
222 1835 360 1916 στέφανος,
391 1842 468 1895 τοῦτο
496 1834 619 1910 ἔπαθλον,
642 1840 721 1896 τοῦτο
745 1838 797 1895 τῶν
826 1838 891 1913 ἀγα·
909 1846 930 1887 Α
947 1835 1106 1927 presidium
1121 1839 1194 1917 quod
1215 1861 1230 1898 a
1251 1861 1331 1899 eruce
1344 1840 1535 1930 proficiscitur,
1558 1842 1668 1919 signum

119 1916 173 1972 θῶν
193 1915 317 1975 ἁπάντων
332 1915 476 1998 θησαυρὸς,
488 1915 533 1974 καὶ
556 1919 609 1974 τῶν
628 1921 673 1974 νῦν
694 1914 809 1974 καὶτῶν
834 1916 893 1975 ἐσο-

120 1993 206 2069 μένων
219 1995 293 2055 πστέ.
312 1996 439 2075 Καθάπερ
457 1994 509 2077 γάρ
527 2019 567 2061 τις
578 1993 658 2054 ὅπλον
672 1994 778 2074 ἰσχυρὸν
792 1993 892 2068 tutilo,

119 2071 232 2143 καὶτοῖς
249 2078 328 2134 αὐτοῦ
345 2074 437 2134 δίδωσι
450 2073 641 2153 στρατιώταις,
652 2073 720 2133 obrui
735 2072 782 2132 καί
795 2077 809 2132 δ
821 2075 892 2153 Χρι-

120 2152 189 2221 στός.
214 2152 312 2228 Ἴδετε,
330 2155 408 2235 φησί,
428 2155 472 2214 τδν
494 2152 558 2232 ἐμὸν
583 2152 695 2232 σττυρδν
721 2153 772 2214 ὅσα
795 2152 890 2224 ἤνυσε·

118 2233 249 2306 ποιήσατε
269 2233 315 2293 καὶ
338 2237 412 2312 ὑμεῖς
433 2237 558 2306 τοιαῦτα,
581 2232 628 2295 καὶ
652 2231 764 2293 ἀνύσατε
782 2238 892 2291 τοιαῦτα

118 2311 169 2372 ὅσα
190 2312 324 2393 βούλεσθε.
346 2314 441 2374 Καίτοι
460 2337 490 2393 γε
511 2313 559 2372 καί
571 2312 691 2393 ἀλλαχοῦ
711 2311 756 2371 καί
786 2313 893 2390 μείζονα

116 2390 216 2452 τούτων
231 2392 406 2472 ἐπηγγείλατο
418 2392 518 2473 λέγων·
532 2391 566 2451 Ὁ
581 2391 711 2461 πιστεύων
725 2395 761 2459 εἰς
775 2389 841 2470 epi,
857 2390 892 2452 τά

116 2468 183 2552 ἔργα
197 2472 214 2532 ἀ
258 2471 280 2532 ὼ
291 2477 373 2545 ποιῶ,
389 2476 507 2539 κάκεῖνος
517 2470 640 2545 ποιήσει,
654 2472 700 2531 καὶ
713 2472 820 2550 μείζονα
829 2469 891 2530 τού-

115 2573 170 2610 των
190 2474 306 2624 ποέδσει.
322 2553 359 2612 Τί
372 2552 402 2612 δέ
414 2553 485 2612 ἐστιν
501 2552 566 2612 αύτδ
577 2552 608 2612 τδ
627 2550 718 2632 ρητδν,
731 2552 777 2658 τδγ
789 2550 891 2630 Ἀράτω

115 2635 161 2690 τὸν
177 2632 290 2714 στουρδν
308 2635 405 2706 αὐτοῦ,
420 2632 466 2691 καὶ
488 2630 663 2691 ἀκολουθείτω
686 2654 747 2708 μοις
769 2637 828 2709 Apu
847 2631 890 2689 ίνα

114 2709 148 2769 τδ
170 2710 245 2780 ξύλον
266 2712 439 2791 βαστάζωμεν
458 2711 583 2785 ἕκαστος,
596 2713 746 2789 Οὐδαμῶς
758 2710 822 2772 ποία
837 2710 890 2791 γδρ

114 2790 198 2871 ἀρετ-λ
221 2799 312 2864 τοῦτο,
336 2791 404 2852 Ἀλλ’
426 2789 470 2850 len
492 2791 557 2874 πρὸς
583 2789 643 2858 τοὺς
663 2790 796 2859 κινδύνους
816 2779 889 2869 ώμεν

112 2871 359 2952 παρατεταγμένοι,
370 2871 401 2930 τὸ
415 2863 483 2949 αἷμα
500 2873 577 2948 ἡμῶν
592 2872 619 2930 ἐν
641 2880 699 2938 ταῖς
711 2872 809 2952 ψυχαῖς
821 2875 890 2930 'acr-

114 2949 277 3030 ριφέροντες,
291 2951 357 3030 πρδς
376 2950 479 3032 σφαγξν
494 2950 540 3010 καί
553 2949 664 3010 θάνατον
688 2951 791 3025 ἕτοιμοι
804 2955 888 3021 καθη-

113 3030 231 3109 μερινὸν,
245 3030 326 3098 οὕτως
339 3031 444 3090 ἅπαντα
457 3031 669 3110 πράττοντες,ώς
681 3031 792 3110 μηδέπω
805 3052 887 3111 προσ-

948 1930 1069 1976 vretorrae
1079 1939 1139 1995 quar
1147 1932 1239 1977 contre
1248 1917 1381 1978 daemonra
1390 1933 1467 1999 parta
1476 1933 1526 1979 est.
1543 1920 1602 1979 llec
1611 1920 1668 2060 gla-

947 1993 1011 2055 dius
1023 2009 1072 2067 est,
1084 1997 1135 2055 hoe
1146 2012 1261 2072 scutum,
1272 1998 1323 2057 hoc
1333 1999 1440 2073 thorax,
1450 1999 1502 2059 hoo
1513 1998 1600 2079 galea,
1634 2020 1668 2060 oe

947 2095 1041 2149 ocreae,
1061 2074 1113 2134 boe
1131 2089 1221 2136 tutum
1238 2077 1403 2157 firmumque
1421 2079 1591 2159 praesidium,
1613 2078 1668 2141 boo

946 2167 1050 2233 portus,
1061 2154 1113 2213 hoc
1123 2157 1285 2235 perfugium,
1296 2157 1348 2215 hoe
1357 2178 1465 2232 corona,
1476 2158 1528 2218 boc
1537 2160 1666 2219 tutami-

946 2233 988 2291 nis
1001 2233 1155 2314 praernium,
1171 2235 1222 2294 boc
1231 2234 1363 2294 bonorum
1378 2237 1498 2298 omnium
1511 2238 1665 2317 thesaurus,

946 2327 972 2371 ct
985 2334 1045 2391 qnae
1059 2335 1131 2372 nunc
1145 2329 1218 2386 sunt,
1233 2328 1260 2374 οι
1275 2336 1334 2406 qnae
1345 2329 1408 2375 sunt
1423 2338 1468 2374 um
1490 2338 1551 2376 uam
1564 2319 1665 2378 littura.

946 2393 985 2451 Ut
1006 2393 1077 2452 enirn
1092 2393 1191 2472 aliquis
1209 2410 1306 2454 sumus
1328 2395 1410 2454 armis
1425 2339 1526 2474 quihus
1540 2397 1620 2456 facile
1637 2418 1666 2458 se

945 2472 1015 2530 tueri
1074 2473 1133 2550 ssit,
1156 2495 1187 2532 ea
1206 2474 1288 2533 etiam
1309 2474 1357 2535 dat
1381 2475 1515 2535 militibus
1538 2475 1606 2551 suis,
1625 2478 1665 2537 sio

944 2551 1026 2612 etiam
1037 2494 1171 2612 doristus.
1187 2553 1299 2629 Videte,
1314 2554 1411 2634 inquit,
1423 2555 1515 2614 omnia
1525 2577 1585 2635 qnae
1595 2577 1665 2618 crux

943 2652 1002 2690 mea
1025 2632 1135 2712 perfecit
1148 2655 1154 2690 ε
1165 2633 1245 2692 facite
1259 2634 1340 2693 etiarn
1362 2656 1411 2694 vus
1425 2656 1499 2694 arma
1515 2635 1662 2716 ejusmodi,

943 2724 970 2770 et
991 2712 1113 2793 perficite
1133 2712 1265 2804 ejusmodi
1292 2735 1352 2792 quae
1373 2713 1466 2773 vultis.
1491 2716 1664 2795 Quamquam

942 2790 1043 2850 alicubi
1059 2791 1104 2852 his
1117 2807 1199 2852 etiarn
1212 2795 1315 2873 majora
1328 2794 1466 2874 pollicitus
1479 2809 1527 2871 est,
1544 2795 1587 2855 his
1601 2817 1663 2856 ver·

941 2870 1007 2929 bis:
1027 2872 1084 2951 Qui
1108 2878 1140 2930 in
1158 2894 1204 2931 me
1221 2875 1323 2946 credit,
1344 2878 1369 2933 is
1385 2878 1474 2933 etium
1492 2896 1580 2954 opera
1597 2885 1741 2957 quic-loan-
1758 2887 1795 2952 ιη.

941 2952 1087 3089 εςορασίο
1098 2954 1239 3033 perficiet,
1260 2964 1351 3033 atque
1369 2955 1415 3012 his
1430 2957 1660 3036 majorosaciet.
1676 2961 1713 2994 ¹²·

942 3029 997 3104 Qui
1031 3046 1122 3091 autern
1133 3032 1194 3092 vult
1207 3033 1260 3092 sibi
1274 3033 1325 3092 hoe
1339 3034 1464 3109 verbum,
1483 3036 1584 3094 Tollut
1598 3057 1664 3096 ortt·

113 3109 195 3190 δοκᾷν
217 3110 299 3194 μέχρι
321 3116 369 3185 τῆς
391 3109 504 3191 ἑσπέρας
527 3109 576 3182 rhu
597 3111 728 3193 ἡμετέραν
750 3109 888 3192 διαρκέσαι
904 3130 922 3176 n
940 3131 1003 3169 cem
1023 3132 1118 3184 suam,
1138 3124 1166 3172 et
1192 3133 1239 3171 me
1263 3119 1423 3194 sequatur?
1447 3117 1489 3173 An
1510 3127 1540 3173 ut
1556 3114 1663 3195 lignum

113 3187 197 3263 ζωὴν,
211 3193 247 3258 ὡς
260 3190 467 3269 ἀποδωσόμενοι
486 3189 600 3258 πάντως.
613 3188 703 3273 Ὅπερ
718 3190 764 3250 καί
784 3196 799 3251 δ
819 3190 887 3250 ἀπύ-

112 3270 208 3338 στολος
218 3268 294 3350 ἔλεγε
308 3273 414 3337 Παῦλος
422 3272 511 3350 ,ξίίαθ
519 3269 622 3351 ἡμέραν
633 3270 802 3344 ἀποθνήσκω.
815 3269 888 3352 Οὐχί

112 3338 153 3417 εἷς
167 3371 211 3411 σοι
223 3347 298 3429 rapt
311 3355 359 3423 τῆς
381 3348 484 3431 φύσεως
499 3348 602 3409 δέδοται
617 3351 726 3419 θάνατος
735 3375 743 3425 3
753 3349 887 3422 Ἔξεστιν,

111 3426 147 3485 ἂν
171 3428 266 3502 θέλεις,
289 3430 413 3513 μυριάκις
434 3432 574 3490 ἀποθανεῖν
593 3430 660 3511 ὑπὲρ
681 3436 726 3491 τοῦ
751 3429 886 3491 Δεσπότου

111 3532 161 3569 του
176 3531 232 3569 σου.

941 3191 1126 3270 unusquisque
1146 3206 1268 3251 nostrum
1286 3193 1376 3252 ferat?
1395 3195 1570 3273 Nequaquam
1583 3219 1590 3252 :
1602 3217 1663 3274 quas

940 3269 1013 3329 enim
1025 3270 1083 3330 hee
1094 3271 1181 3332 virtus
1192 3272 1255 3332 est?
1271 3271 1328 3333 Sed
1340 3286 1369 3332 ιιι
1378 3273 1415 3333 ad
1426 3274 1546 3355 pericula
1557 3275 1661 3335 instru-

941 3351 977 3409 cti
992 3350 1088 3426 simus,
1113 3365 1138 3410 et
1156 3353 1313 3431 sanguinem
1330 3353 1357 3412 in
1379 3352 1477 3412 animis
1494 3355 1592 3414 nostris
1609 3355 1662 3416 cir·

942 3431 1127 3505 cumserentes,
1140 3430 1175 3489 ad
1189 3430 1290 3490 cedern
1307 3444 1333 3490 et
1350 3445 1464 3490 mortem
1475 3434 1595 3511 quotidie
1612 3455 1662 3515 pa·

941 3509 1004 3584 rati,
1020 3509 1057 3568 ita
1071 3509 1160 3568 omnia
1176 3509 1314 3585 iaciamus,
1328 3523 1359 3569 ut
1371 3511 1394 3569 si
1406 3509 1442 3570 ad
1457 3533 1596 3593 vesperam
1613 3533 1661 3574 nus

942 3590 1061 3648 victuros
1080 3610 1136 3647 esse
1167 3610 1218 3663 non
1250 3611 1436 3670 speraremus,
1472 3592 1550 3670 quasi
1581 3593 1662 3674 plane

942 3669 1078 3728 morituri.
1097 3668 1128 3727 ld
1142 3669 1215 3748 quod
1226 3669 1307 3728 etiarn
1318 3671 1455 3750 apostolus
1473 3672 1573 3731 Paulus
1586 3673 1660 3733 dice·

942 3749 999 3807 bat.
1015 3750 1154 3827 Quotidie
1162 3753 1278 3810 morior.
1290 3753 1385 3809 Annon
1395 3750 1469 3812 tibia
1480 3764 1577 3811 natura
1588 3773 1661 3813 mors
1674 3792 1693 3824 .,
1705 3780 1762 3826 cor.
1773 3782 1810 3827 ,5,

865 3875 869 3881 .
934 3835 997 3886 'unu
1012 3828 1154 3887 constituto
1169 3827 1229 3887 est?
1243 3828 1279 3888 Et
1294 3843 1382 3889 tumen
1392 3829 1456 3890 licet
1467 3831 1529 3903 tibi,
1546 3832 1570 3892 si
1583 3833 1710 3912 libenti.

152 3990 272 4065 Τοιαύτη
283 3988 335 4072 γάρ
348 3989 455 4072 ήχάρις
467 3990 535 4065 1’την
550 3988 625 4073 παρδ
640 3999 695 4058 τοῖς
715 3990 799 4071 φίλοις
813 4015 887 4052 πτω-

108 4071 191 4155 χείαν
206 4075 243 4140 είς
252 4069 334 4132 πολύν
348 4070 435 4149 ἐξάγει
448 4074 571 4145 πλοῖντσι,
582 4071 625 4130 διδι
636 4072 667 4131 τὸ
682 4071 827 4154 φιλόδωρον
841 4079 887 4132 τοῦ

109 4141 269 4225 Ᾱεσπιίτου,
294 4155 323 4210 οὗ
346 4176 379 4230 τη
400 4152 453 4210 τῶν
479 4151 646 4231 πραγμάτων
671 4150 780 4211 έκύοίσει
797 4150 885 4229 μόνον,

110 4231 185 4293 ἀλλά
194 4231 285 4310 καίτῇ
299 4230 421 4311 προθέσει
433 4235 486 4290 τῶν
500 4229 697 4311 ἀγωνιζομένων
710 4229 770 4298 cehe
787 4231 884 4311 στεφά-

108 4334 173 4380 νους
191 4310 328 4393 ὁρίζοντος.
355 4309 392 4369 Τί
413 4308 442 4371 δέ
462 4313 543 4382 ἐστιν,
565 4310 682 4384 ’Δάτιος
702 4309 795 4378 Οὕτως
817 4310 886 4370 ἔστω

108 4391 247 4473 πρόθυμος
260 4393 296 4457 είς
309 4390 340 4450 τδ
353 4394 548 4470 σφαγιασθῆναι
561 4414 596 4449 κα
621 4394 820 4473 σταυρωθῆναι,
832 4413 886 4470 φη·

108 4469 166 4543 σίν,
182 4473 217 4538 ὡς
229 4474 324 4536 ἐκεῖνος
335 4475 349 4530 δ
361 4469 498 4548 βαστάζων
509 4470 553 4530 ἐπὶ
569 4474 622 4529 τῶν
640 4469 734 4548 ὤμων·
749 4467 831 4538 οὕτως
844 4472 887 4550 ἐγ·

107 4549 159 4629 γδς
176 4541 242 4609 εἶναι
261 4548 389 4627 νομιζέτω
405 4555 450 4608 τοῦ
464 4551 586 4610 θανάτου.
602 4550 656 4610 Τδν
671 4555 787 4610 τοιοῦτον
803 4549 885 4609 ἅπαν-

107 4652 156 4698 τες
173 4630 422 4702 καταπλήττονται·
437 4631 467 4690 οὗ
486 4629 539 4710 γδιρ
559 4627 629 4687 οὕτω
647 4628 802 4707 δεδοίκαμεν
826 4628 886 4696 τοὺς

942 3907 1041 3967 millies
1054 3930 1104 3998 pro
1117 3907 1234 3968 Domino
1248 3922 1361 3967 inertem
1377 3925 1511 3990 oppetere.

982 3992 1012 4050 2.
1028 3988 1080 4046 Ηισ
1098 3987 1169 4047 enirn
1188 3988 1282 4069 gratie
1299 4010 1357 4048 mos
1371 4003 1419 4063 est,
1442 4005 1585 4070 egestatem
1600 4015 1660 4073 quae

941 4067 1015 4149 apud
1031 4067 1130 4126 amicos
1154 4080 1202 4143 cst,
1226 4069 1335 4128 Domini
1350 4069 1516 4149 benignitate
1539 4071 1576 4133 acl
1599 4095 1659 4132 rna·

942 4169 1008 4228 gnas
1029 4146 1139 4206 divitias
1152 4146 1310 4228 perducere,
1330 4149 1378 4228 qui
1400 4171 1453 4209 non
1472 4172 1562 4211 rerum
1578 4153 1660 4212 modo

941 4241 1047 4300 eventu,
1060 4228 1246 4286 verumetiam
1258 4229 1417 4287 oertantiurn
1427 4230 1563 4310 proposito
1573 4246 1598 4290 et
1612 4254 1659 4292 νο-

941 4308 1044 4367 luntate
1060 4328 1170 4367 coronas
1186 4307 1304 4368 metitur.
1322 4306 1399 4382 Quid
1417 4322 1506 4368 autern
1524 4309 1595 4369 illud
1610 4325 1658 4385 est,

945 4389 1063 4447 Tullot?
1082 4389 1122 4446 lta
1136 4401 1203 4461 esto,
1217 4387 1313 4464 inquit,
1334 4401 1444 4468 paratus
1457 4388 1493 4447 ad
1514 4388 1612 4450 eudem
1632 4406 1659 4453 et

942 4488 1059 4542 crucem,
1075 4480 1106 4526 ut
1121 4466 1205 4545 isqui
1218 4487 1277 4525 earn
1289 4467 1409 4527 humeris
1417 4483 1507 4548 portat
1520 4492 1526 4526 :
1538 4469 1576 4529 ita
1591 4471 1660 4531 vici-

941 4570 992 4607 nus
1010 4547 1090 4606 morti
1106 4545 1284 4607 existimetur.
1306 4549 1406 4606 Omnes
1428 4549 1509 4608 talem
1527 4549 1659 4630 obstupe-

941 4642 1018 4688 scunt
1031 4651 1038 4683 ε
1050 4648 1135 4706 neque
1152 4625 1223 4684 enirn
1240 4628 1307 4687 adeo
1322 4628 1398 4686 mille
1415 4628 1498 4687 armis
1514 4627 1659 4691 instructos

107 4706 215 4788 μυρίοις
237 4707 437 4789 πεφραγμένως
454 4707 544 4776 ὅπλοις
567 4709 752 4791 ἀνθρωπίνοις,
775 4708 821 4769 καὶ
841 4710 885 4771 ἐπί
940 4706 1076 4782 humanis,
1098 4720 1124 4766 et
1142 4706 1195 4764 hac
1215 4706 1374 4768 fortitudine
1396 4707 1516 4767 munitus
1531 4710 1659 4789 pertimo·
1701 4737 1703 4741 ’

109 4789 161 4848 ἀνδ
178 4790 221 4849 εία
233 4787 347 4860 τοσαύτη
361 4787 585 4869 τετειχισμένους,
595 4788 631 4856 ὥς
647 4796 737 4851 τοῦτον
751 4789 794 4849 ἐπ’
809 4790 883 4849 ἕλευ·
901 4794 921 4847 C
940 4788 1052 4863 scimus,
1069 4800 1097 4844 ut
1111 4786 1184 4845 hunc
1197 4786 1319 4847 libertate
1332 4786 1490 4867 hujusmodi
1502 4786 1657 4870 praeditum.

108 4812 194 4950 θερίέι.
206 4850 290 4928 boeti
308 4854 360 4949 γάρ
373 4866 443 4928 ebrio
455 4878 525 4927 reciet
538 4867 648 4929 θάνατον
664 4873 794 4949 ἐκφυγεῖν,
807 4874 843 4935 ὡς
855 4868 886 4930 τδ
941 4868 1015 4928 Nihil
1040 4865 1110 4924 enim
1129 4879 1266 4946 tantopere
1284 4880 1398 4927 mortem
1417 4867 1503 4947 sugat,
1519 4881 1549 4926 ut
1564 4869 1659 4929 mortis

108 4930 284 5030 κατύφρονεῖν
303 4947 425 5008 θανάτου.
439 4944 500 5007 Ἵνα
523 4949 550 5008 δὲ
576 4949 669 5028 μηδείς
691 4947 788 5027 νομίσῃ
807 4955 886 5009 τοῦτο
939 4944 1093 5009 contemtio.
1111 4944 1166 5007 Sed
1184 4968 1218 5006 ne
1238 4947 1300 5025 quis
1318 4947 1485 5006 existimaret
1504 4946 1556 5007 boo
1574 4970 1660 5010 unum

109 5027 191 5106 μόνον
211 5029 317 5110 ἀρκεῖν,
330 5028 362 5088 τδ
380 5028 446 5109 πρδς
457 5026 567 5089 θάνατον
592 5027 713 5107 ἑτοίμους
736 5018 803 5088 εἶναι
814 5028 884 5109 (εἰσί
938 5030 1004 5088 satis
1022 5046 1088 5105 esse,
1112 5039 1218 5106 paratus
1235 5047 1292 5087 esse
1305 5024 1341 5087 ad
1355 5041 1469 5087 mortem
1487 5031 1571 5101 (sunt
1585 5029 1658 5089 cuim

143 5187 158 5227 d
176 5180 264 5241 benet-1
274 5183 345 5237 deest
356 5187 381 5236 in
394 5182 475 5238 tribus
484 5187 544 5239 δίει.
928 5189 942 5226 ¹¹
958 5185 1038 5240 Satil.
1050 5186 1076 5237 in
1092 5183 1205 5253 margine
1221 5183 1257 5237 sio
1270 5182 1344 5252 Ιεηςίις
1357 5186 1383 5236 in
1401 5196 1472 5235 textu
1488 5195 1530 5250 τὴν
1545 5189 1604 5252 παρ’
1615 5191 1657 5239 αὶ·

142 5282 154 5307 ¹
171 5263 250 5317 Savil.
263 5267 289 5316 in
308 5282 388 5333 marg.
402 5275 585 5339 παραρέρσντες,
595 5277 621 5317 et
633 5264 699 5317 infra
710 5282 757 5333 pro
774 5271 871 5336 peditto»
896 5278 945 5325 ταῖς
960 5271 1135 5337 ριλσπτονχτίαν,
1146 5280 1223 5334 quum
1242 5262 1377 5316 lectionem
1392 5263 1528 5332 ptulerunt
1545 5263 1598 5318 duo
1609 5265 1658 5318 Cu·

108 5346 137 5397 in
152 5360 235 5413 marg.
249 5342 343 5397 scribit
353 5353 437 5412 μηκέτι
447 5369 451 5397 :
463 5356 490 5398 et
502 5345 539 5395 sie
550 5341 602 5397 duo
613 5342 730 5398 Codices.
891 5342 969 5397 dices.
