3764 5992
94 400 167 497 578
411 420 442 471 s.
468 417 610 470 toannts
636 415 819 467 cunrsosr.
848 414 1005 464 tucatur.
1031 413 1300 463 cottsrtttrutor.

95 545 229 606 ustionem
242 543 358 626 gratiam
371 543 480 621 habere,
493 565 526 604 ac
542 556 655 625 propter
672 540 817 601 sectionem
867 538 945 618 μόνον
958 541 981 598 εἰ
996 538 1034 618 μὴ
1045 537 1207 621 τὰὴμέτερα
1219 536 1402 598 διακόπτοντο·
1416 535 1458 595 ὅτι
1469 533 1565 594 υοδένα
1576 534 1642 593 άπα-

94 658 127 697 ac
137 637 330 697 medicamenta
337 659 346 713 ;
366 635 447 714 idque
458 657 521 695 cnm
535 635 668 695 incertum
686 634 721 693 sit
737 633 816 692 iutu—
866 630 958 692 λάσοαι
989 631 1123 710 βούλεται,
1159 630 1228 691 ἀλλὰ
1257 634 1354 689 σῶσαι.
1390 630 1455 696 Πῶς
1470 630 1537 713 ,οὐχ
1560 627 1642 707 οπερ-

96 750 158 788 rum
168 751 179 807 ;
189 750 261 809 sape
272 748 388 807 namque
399 727 500 786 multos
513 726 541 786 id
556 724 660 806 agendo
674 724 816 783 interiece-
866 724 1015 797 Βαλλοάσης
1033 725 1144 803 μανίας,
1162 723 1207 783 τὸν
1226 722 1327 790 πάντας
1349 725 1435 782 σῶσαι
1448 719 1496 780 καὶ
1514 718 1643 797 βωλάρο·

95 822 269 899 ruut3eique
282 821 389 901 penitus
411 820 563 901 subjectum
585 839 687 900 patere,
701 816 768 876 dum
788 815 818 875 id
867 817 966 879 νονκαλ
980 818 1140 896 δυνάμενον,
1159 816 1376 898 περιιργάζισοαι
1390 816 1421 874 ἐκ
1434 809 1584 891 προοιμίων
1597 810 1642 868 καὶ

95 912 162 993 agit,
178 911 304 991 idemque
322 933 385 992 erga
399 927 510 972 nautam
525 924 552 971 et
567 911 756 989 architectum,
773 909 819 971 vel
868 910 962 979 cetto<
973 955 982 990 ,
994 910 1040 972 καλ
1055 909 1123 991 μηδὲ
1136 911 1167 972 τὸ
1176 909 1250 978 schot
1263 908 1403 989 ἀναμένειν
1416 911 1470 968 τῶν
1480 902 1645 985 γινοράνυνς

95 1023 159 1084 erga
172 1016 280 1064 caeteros
294 1003 340 1083 qui
353 1003 475 1064 diversas
487 1017 558 1063 artes
572 1004 735 1084 profitentur
744 1023 818 1084 prae-

96 1107 189 1154 stare:
216 1095 375 1172 ridiculum,
404 1094 527 1173 inquam,
554 1093 656 1154 censeri
681 1093 819 1153 hominem

97 1186 254 1269 imperitum
271 1201 297 1246 et
311 1187 486 1268 inexpertum
497 1207 590 1246 causas
608 1186 741 1260 omnium,
759 1207 820 1265 quat

98 1278 179 1357 liunt,
196 1279 345 1338 abartilice
355 1279 502 1358 requirere,
515 1277 674 1360 sapientiam
685 1290 775 1337 autem
788 1277 823 1336 il-

96 1369 151 1430 lam
163 1370 332 1445 immensam,
347 1370 525 1448 ineffabilem,
541 1369 770 1452 inexplicabilem,
779 1369 821 1429 itt·

96 1459 366 1541 comprehensibilem
383 1457 488 1518 curiose
507 1458 631 1535 scmtari,
651 1471 678 1517 ct
699 1478 748 1516 cur
767 1457 820 1517 hoc

96 1548 141 1610 vel
156 1550 226 1610 illud
240 1551 288 1609 fiat
298 1549 451 1629 exquirere,
464 1549 549 1629 idque
564 1544 627 1608 cum
639 1548 724 1630 probe
734 1569 819 1609 nove-

96 1641 183 1701 rimus
198 1641 227 1700 in
240 1641 310 1701 hane
332 1641 493 1723 sapientiam
507 1663 625 1702 errorem
638 1661 692 1701 non
713 1641 819 1720 cadere,

100 1752 227 1813 magnam
239 1734 297 1814 ejus
306 1754 363 1793 esse
373 1733 531 1806 bonitatem,
547 1732 752 1793 inenarrabilem
761 1733 820 1813 ejus

95 1823 820 1906 mseprovidentiam,adhncmpmsperumomniaper·

96 1915 196 1990 venire,
205 1937 265 1995 qua
277 1917 312 1975 ab
327 1915 375 1975 illo
390 1930 480 1976 nostra
486 1937 567 1976 causa
576 1930 723 1997 geruntur:
737 1916 818 1977 modo

95 2027 130 2066 ne
142 2021 238 2068 nostra
252 2031 358 2089 quoque
370 2023 461 2091 partes
469 2007 573 2085 desint;
592 2009 727 2070 neminem
737 2009 817 2071 illum

98 2097 187 2179 perire
205 2099 289 2174 velle,
302 2122 395 2160 omues
405 2100 590 2161 salrosiacere
602 2115 629 2161 et
641 2101 709 2163 velle
721 2115 747 2161 et
755 2123 817 2183 pos-

20 2219 24 2225 ·
96 2190 147 2250 se?
159 2194 254 2252 Annon
269 2193 354 2273 igitur
367 2207 407 2253 cst
419 2207 546 2254 extreme
557 2192 698 2253 dementia
711 2194 816 2255 lacinus

96 2302 170 2359 eum,
181 2283 328 2363 quisalius
341 2285 428 2346 facere
440 2299 549 2347 cunctos
559 2299 586 2345 et
598 2285 665 2347 velit
681 2299 707 2345 et
719 2286 816 2368 possit,

97 2374 201 2442 curiose
207 2379 405 2460 scrutarijama
418 2379 565 2460 principio,
576 2392 624 2440 etc
637 2377 818 2459 vestigimue-

97 2488 151 2548 que
163 2468 246 2543 finem
259 2491 353 2530 corum
364 2492 425 2550 qua
439 2484 571 2551 geruntur
583 2471 759 2577 exspectare?
876 2503 878 2508 ·

13 2597 73 2644 1¹
139 2561 427 2642 Pracipuevcrocnm
444 2583 528 2642 neque
541 2584 557 2622 a
570 2564 718 2645 principio,
735 2585 820 2645 neque
909 2564 1038 2627 Μάλιστα
1058 2564 1108 2645 μὲν
1122 2565 1221 2648 γὰρ
1191 2589 1251 2626 ουτι
1268 2568 1299 2627 tx
1311 2564 1475 2647 προοιμίων
1494 2565 1556 2626 οὔτε
1576 2567 1646 2646 μετὰ

4 2678 27 2705 ·rr
43 2648 224 2736 deinceps
234 2673 339 2714 curiose
354 2653 390 2714 sit
403 2653 609 2766 inquirendum,
624 2654 698 2735 quod
715 2678 739 2716 st
732 2656 820 2717 'adeo
868 2665 955 2720 ταῦτα
976 2661 1205 2741 πολυπραγμονεῖν
1227 2661 1282 2718 δεῖ·
1302 2660 1357 2717 οἰδ
1343 2657 1454 2718 blebam
1467 2649 1648 2739 περίεργοςιῖ

1 2738 78 2829 ’ἴδω
60 2741 223 2829 curiosus
234 2772 266 2811 ac
280 2751 397 2833 dtligens
411 2767 545 2812 scrutator
558 2753 604 2830 sis,
626 2754 708 2814 finem
722 2777 821 2838 exspe-
870 2750 916 2810 καὶ
928 2750 1138 2830 πολυπράγμων
1150 2748 1263 2828 didisti!
1279 2749 1413 2823 Μοτίλος
1426 2750 1472 2809 καὶ
1486 2753 1646 2810 mittut&

1 2801 160 2953 t{gii-·eta‚
169 2855 288 2923 etqucm
303 2843 411 2904 tandem
424 2845 528 2905 exitum
542 2845 592 2905 ista
604 2847 821 2908 sortianturcon-
834 2848 954 2905 Bra't‘rte
972 2845 1094 2922 ἅπαντα,
1110 2841 1156 2901 καὶ
1176 2841 1355 2923 μηθοροάοῦ,
1380 2840 1447 2920 μηδὲ
1465 2840 1600 2922 ταράττον
1615 2845 1645 2900 ἐκ

2 2987 28 3016 ,,
27 2925 187 3016 ‘'¹’‘“stdera
190 2957 302 3017 neque
312 2936 431 2997 turberis
450 2951 497 2996 aut
509 2952 633 2999 terrearts
647 2961 663 2998 a
676 2941 820 3044 principio.
869 2933 1025 3016 προοιμίων.
1047 2933 1126 2994 Επεὶ
1137 2933 1217 2993 καὶ
1193 2954 1237 2992 τον
1247 2933 1393 3013 χρυσοχόον
1404 2931 1513 3012 ἄπειρά(
1522 2955 1564 3001 τις
1575 2937 1645 3014 ὅρων

1 3064 2 3074 ι
29 2982 327 3108 Quandoquidem
347 3029 408 3089 auri
422 3051 528 3109 quoquc
547 3029 687 3090 fusorem
678 3033 821 3140 imperitus
870 3030 898 3088 do
922 3029 992 3109 ἀρχῇ
1006 3026 1165 3099 τήκοντα
1140 3048 1186 3085 τον
1204 3047 1239 3107 χρ
1226 3025 1321 3104 ροσὸν,
1340 3025 1385 3083 καὶ
1404 3023 1645 3105 τῇτάρρράναμι·

98 3121 231 3205 aliquast
245 3121 363 3182 videat'
355 3122 433 3183 mitio
446 3144 545 3182 aurum
564 3122 720 3227 liquentem,
735 3139 761 3209 et
778 3127 820 3186 ci-
870 3143 967 3200 γννντα
985 3119 1031 3180 καλ
1048 3127 1102 3186 τοῖς
1122 3116 1239 3199 ἀχύροις,
1253 3071 1324 3196 cipi
1338 3116 1369 3175 τὸ
1382 3116 1455 3183 athos
1470 3117 1646 3195 ἀναμιίνιιεν,

97 3214 155 3275 neri
177 3214 317 3296 paleisque
329 3214 531 3287 admiscentem
550 3214 601 3274 nisi
620 3216 703 3276 linem
711 3238 821 3323 exspe.
870 3211 1000 3292 ἡγήσεται
1014 3209 1223 3270 ἀπολωλέναι
1198 3232 1229 3268 το
1251 3209 1376 3291 χρυσίον·
1399 3207 1467 3268 οὕτω
1487 3209 1533 3267 καὶ
1554 3213 1581 3269 ἐν
1599 3216 1645 3270 θα-

98 3318 162 3381 ctct,
171 3306 394 3388 aurumpcriissc
386 3292 604 3367 arbitrabitur:
597 3307 696 3368 sicet
709 3309 737 3368 in
752 3309 822 3369 mari
869 3303 955 3385 λάπρ
980 3326 1020 3371 τις
1037 3302 1139 3383 τεχθεὶς
1154 3300 1199 3360 καὶ
1213 3302 1340 3382 τραφεὶς,
1363 3292 1421 3360 εἶτα
1434 3301 1528 3380 ἀθρόον
1543 3305 1581 3369 sl<
1595 3300 1645 3375 τὴν

96 3411 176 3459 natus
189 3397 356 3458 eteducatus
373 3399 519 3480 quispiam,
527 3420 550 3458 st
542 3399 701 3459 confestim
713 3398 748 3459 ad
762 3422 821 3460 me·
872 3368 1006 3474 μισάγειον
1029 3393 1201 3471 praemulsis
1219 3392 1266 3452 ml
1284 3397 1343 3452 καθ’
1364 3391 1480 3452 dico
1447 3416 1495 3463 της
1514 3394 1576 3473 περὶ
1596 3394 1645 3467 τὴν

96 3488 248 3552 diterranea
261 3491 409 3551 habitanda
427 3492 585 3570 translatus,
603 3513 663 3552 curu
677 3493 747 3552 nihil
756 3493 820 3575 pla·
871 3508 922 3568 γον
935 3484 1087 3564 latrabile<
1098 3485 1209 3556 ἀνήκοος
1219 3482 1296 3559 no,
1283 3507 1314 3542 αν
1325 3484 1352 3542 l
1338 3485 1369 3564 ῃ
1380 3508 1425 3544 τον
1437 3492 1508 3543 σῖτον
1522 3507 1568 3543 τον
1581 3488 1645 3544 ἄπο

95 3600 131 3641 nc
143 3579 179 3641 de
193 3602 322 3662 agrorum
335 3581 512 3640 colendorum
527 3581 630 3641 ratione
643 3581 818 3656 iuaudiverit,
870 3577 989 3658 κάρανον
1006 3577 1053 3638 καλ
1074 3576 1269 3657 ρολαττάμινον
1292 3577 1344 3636 υπὸ
1359 3577 1448 3659 θύραις
1462 3577 1508 3635 καλ
1523 3579 1644 3657 μοχλοῖς,

96 3672 265 3733 reconditum
276 3673 398 3734 triticum
412 3673 522 3745 uiderit,
535 3687 560 3733 et
571 3673 663 3755 januis
677 3675 819 3735 vectibus·
835 3674 854 3723 G
871 3671 916 3731 καλ
930 3669 1029 3737 νοτίδος
1052 3669 1269 3749 ἀπηλλαγμένον,
1290 3669 1382 3748 άθράον
1396 3670 1448 3729 ὑπὸ
1468 3674 1514 3728 τοῦ
1528 3670 1646 3747 γςπάνου

96 3785 150 3842 que
172 3764 329 3823 conclusum
350 3765 462 3841 servari,
487 3779 566 3843 atque
597 3764 633 3824 ah
659 3763 822 3826 humiditate
871 3763 1060 3844 ἔκριράμινον,
1084 3762 1303 3843 σκορπιζάμινρν,
1327 3761 1509 3842 ῥιπτούμενον,
1531 3761 1579 3820 καὶ
1601 3762 1646 3822 ἐπὶ

99 3852 221 3929 delendi,
241 3856 386 3934 statimqne
409 3854 445 3914 ab
465 3856 583 3936 agricola
602 3855 701 3917 deinde
722 3857 822 3918 elatum
871 3859 919 3926 tii<
938 3853 1051 3937 άροάρας
1069 3853 1189 3931 κείμενον
1205 3863 1260 3921 τοῖς
1283 3859 1421 3933 παριοῦσιν
1439 3854 1538 3926 άπασι,
1556 3854 1603 3913 καὶ
1616 3856 1646 3913 οὗ

98 3945 201 4046 spargi,
216 3946 323 4025 projici,
337 3947 822 4027 etinagropraetereuntibuscunetis
873 3947 951 4026 μόνον
962 3950 1009 4007 οὐκ
1023 3944 1227 4026 ἀπηλλαγμένον
1239 3944 1358 4018 νοτίδα
1372 3945 1442 4005 ἀλλὰ
1453 3945 1498 4004 καλ
1509 3949 1589 4027 πηλῷ
1600 3946 1646 4006 καλ

98 4033 217 4117 exponi,
234 4033 820 4115 ctuonmodoabhumiditatenondelcudi,
873 4039 987 4118 τάλμασι
1008 4037 1235 4118 παραδιδόμενον,
1255 4037 1301 4096 καὶ
1314 4036 1418 4150 ράλακα
1433 4036 1526 4097 οὐδένα
1539 4038 1647 4118 ἔχοντα,

100 4129 146 4188 sed
169 4127 227 4186 luto
249 4126 367 4205 limoque
389 4125 578 4215 macerandum
603 4127 713 4230 exponi,
737 4150 823 4209 neque
872 4129 1212 4190 οὐκάνάπολέαθαιτὸν
1186 4152 1257 4188 οιτον
1268 4152 1395 4208 νομισιιε
1408 4154 1453 4188 και
1443 4129 1586 4210 κατέγνω
1600 4137 1647 4191 τοῦ

100 4219 240 4280 custodem
253 4217 364 4300 apponi,
380 4238 467 4277 noune
480 4206 593 4298 periisse
607 4218 727 4278 triticum
744 4221 821 4280 arbi·
872 4244 957 4282 ταυτα
967 4245 1103 4288 ποιοονιος
1116 4221 1249 4301 γηπάνοο;
1263 4221 1332 4281 ’'ltt
1350 4225 1379 4281 οὔ
1395 4227 1442 4294 τῆς
1459 4227 1505 4281 τοῦ
1518 4224 1648 4301 πράγμα-

99 4312 228 4390 trabitur,
243 4324 270 4371 et
284 4309 430 4391 agricolam
447 4309 505 4369 hac
519 4313 642 4412 agentem
659 4308 822 4371 damnabit?
872 4339 917 4383 τος
937 4313 1070 4397 ράστωςὴ
1091 4313 1275 4392 κατάγνωσις,
1297 4314 1413 4373 citt
1379 4337 1428 4384 της
1441 4337 1488 4374 του
1470 4312 1541 4391 μὴ
1556 4319 1647 4382 καλῶς

100 4408 137 4464 tt
149 4404 207 4466 hac
230 4403 416 4465 condemnatio
438 4423 490 4461 non
513 4400 552 4461 rei
568 4413 681 4479 natura,
698 4402 788 4462 sed
764 4424 823 4485 eJus
874 4406 1010 4489 κρίναντος
1030 4405 1151 4485 άπιιρίατ
1163 4430 1192 4465 τι
1211 4405 1288 4464 καλ’
1274 4405 1380 4477 ανοίας,
1395 4408 1426 4464 ἐκ
1442 4407 1590 4486 προοιμίων
1605 4411 1648 4468 ni-

100 4496 243 4579 imperitiae
257 4495 423 4574 inscitiaque
443 4491 588 4554 tribuenda
607 4507 656 4570 est,
680 4492 729 4574 qui
752 4510 824 4557 tecte
875 4499 939 4566 θάως
952 4497 1001 4571 τὴν
1015 4501 1102 4579 ψῆρον
1116 4496 1247 4579 φέροντος.
1263 4497 1343 4557 ’teet
1355 4501 1377 4556 el
1390 4496 1420 4556 τὸ
1430 4498 1503 4580 θάρος
1513 4499 1647 4578 ἀνέμεινα,

101 4610 155 4650 uon
164 4588 309 4670 judicavit,
323 4602 350 4648 et
363 4609 377 4646 a
400 4586 535 4669 principio
553 4585 645 4645 statim
664 4587 823 4649 seutentiam
874 4590 919 4649 καλ
935 4580 987 4649 sibe
999 4586 1034 4649 τά
1044 4589 1109 4662 λήϊα
1122 4594 1264 4668 κομῶντα,
1278 4590 1323 4649 καλ
1341 4588 1389 4663 τὴν
1401 4590 1533 4668 δριπάνην
1547 4597 1647 4665 ἠκονη·

100 4681 172 4741 tulit.
180 4681 289 4741 Etenim
302 4681 324 4741 si
336 4693 454 4739 estatem
462 4692 652 4760 exspectasset,
667 4700 698 4740 οο
706 4691 822 4761 segetem
875 4682 966 4762 μάνην,
980 4681 1026 4742 καλ
1037 4680 1082 4741 τὸν
1095 4681 1288 4763 σκορπισοάντα
1300 4680 1345 4741 καὶ
1357 4681 1507 4762 ἀφύλακτον
1520 4682 1648 4760 μείναντα

101 4787 258 4834 vernantem
271 4771 392 4847 vidisset,
402 4771 499 4830 falcem
510 4772 820 4846 exacutam,ettriticum
838 4781 858 4828 u
874 4782 961 4850 σῖτον,
983 4773 1029 4834 καὶ
1049 4772 1167 4842 σαπέντα
1186 4773 1231 4832 καλ
1253 4772 1428 4854 διαροαράντα
1448 4773 1494 4832 καλ
1511 4780 1552 4856 τῷ
1567 4778 1648 4856 πηλῷ

101 4864 175 4945 quod
191 4886 316 4947 sparsum
328 4865 424 4938 iuerat,
442 4876 468 4923 et
489 4863 546 4923 siue
563 4862 672 4923 custode
683 4863 818 4940 relictum,
873 4866 1073 4948 παραδοθέντα,
1087 4870 1178 4926 τοῦτον
1197 4865 1361 4946 ἐγειρόμενα
1380 4865 1426 4925 καλ
1445 4867 1648 4928 πολυπλασίονα

99 4957 281 5040 putrefactum
304 4971 338 5044 et,
350 4969 508 5038 corruptum
527 4976 559 5015 ac
576 4955 635 5015 luto
654 4956 819 5039 expositum,
873 4959 1017 5039 γινάμινσν,
1030 4956 1187 5040 ὣραιάτιράν
1199 4981 1228 5017 τι
1239 4957 1403 5038 φαινόμενον,
1416 4958 1461 5017 καὶ
1474 4957 1523 5032 τὴν
1533 4959 1647 5019 παλαιά·

102 5069 168 5109 mox
190 5048 352 5128 germinasse
378 5068 410 5107 ac
431 5046 643 5128 multiplicatum
664 5048 822 5130 apparuisse
873 5073 941 5123 τητα
959 5051 1135 5130 demipont,
1156 5050 1202 5110 acl
1220 5048 1288 5128 μετά
1308 5051 1408 5122 πολλῆς
1421 5049 1578 5130 ὀροοάμινον
1597 5054 1648 5124 τῆς

102 5139 246 5222 pulchrum
256 5184 264 5215 ,
273 5154 298 5200 ct
311 5153 445 5200 vetustate
460 5138 581 5221 deposita
599 5140 687 5201 multo
700 5161 762 5202 cum
773 5142 819 5203 ti-
873 5142 1068 5226 σροδράτητος,
1093 5142 1138 5202 καὶ
1158 5142 1315 5224 δοροράρους
1328 5134 1381 5202 οἷον
1395 5141 1491 5223 ἔχοντα
1505 5143 1552 5203 καὶ
1567 5143 1646 5205 ἐνδά-

102 5253 166 5319 gorc
184 5252 240 5291 sose
261 5232 387 5308 erexisse,
409 5230 487 5310 quasi
511 5231 670 5293 satellitibus
690 5234 820 5316 stipatum
873 5259 961 5315 ματα,
977 5235 1022 5296 καλ
1045 5232 1170 5313 καλάμην
1194 5233 1257 5314 πρὸς
1273 5232 1337 5314 ὕψος
1351 5235 1504 5315 ἐγείροντα,
1525 5234 1571 5295 καὶ
1584 5235 1646 5317 τάρ-
