3810 6000
251 388 299 478 34
522 478 526 485 ,
570 409 603 457 s.
629 404 770 457 ιοιιιιιιε
794 405 978 456 οιιιιεοει.
1005 405 1163 455 incurri.
1188 404 1458 455 consumamur.

100 555 131 658 ιιρ
164 567 203 598 τοι
192 533 661 636 epo-temmquecorpusirrigatur:
672 552 732 614 quae
746 554 770 593 ει
762 531 910 593 desinat
901 530 970 590 rrri·
1022 535 1121 612 τροφῆς
1140 532 1350 612 διαμασηθιίσης
1372 530 1460 612 χυλός.
1483 527 1535 592 Ἔτι
1552 530 1646 592 τούτου
1667 531 1724 613 γὰρ
1747 530 1796 592 aet

101 631 194 720 {m
114 630 245 674 ι····Ψ·
254 625 337 706 gatio,
352 625 400 684 illa
413 624 506 684 forma
519 637 646 685 νεπιιειον
658 644 768 704 prorsus
781 621 892 683 desinet
907 622 969 680 Non
1021 622 1166 703 ὀφθαλμοί,
1187 622 1234 682 ιιαλ
1255 622 1379 705 παρειαί,
1395 622 1442 682 καλ
1458 627 1539 703 ῥῖνες,
1560 623 1607 684 καλ
1622 624 1731 707 όφρύες,
1749 623 1795 684 καλ

101 753 169 845 ,χρη
147 740 227 784 aaut
213 717 429 800 „pecuniarum
442 716 582 776 facultates
584 735 804 794 q1‚1aeaquarum
819 715 904 773 instar
918 713 969 772 llu-
1020 714 1115 794 χείλη,
1138 715 1184 774 καλ
1201 713 1261 775 etos
1284 712 1516 796 ἀρδεύεταττδ“
1479 737 1582 792 σωμα·
1605 715 1655 775 κᾶν
1669 713 1793 793 ἕπιλείψῃ

254 810 369 870 vialium
389 809 505 868 inlluunt
521 821 548 866 et
560 806 695 883 delluunt,
706 819 732 864 et
742 827 815 865 nunc
834 804 966 881 adillum,
1020 805 1085 866 ποτὲ
1116 811 1133 879 ἡ
1157 807 1256 868 τούτων
1283 806 1392 887 ἀρδεία,
1415 805 1592 886 συνεπιλείψει
1618 808 1725 876 πάντως
1748 805 1795 865 καί

254 923 327 961 nunc
347 900 382 960 ad
407 900 494 960 alium
514 900 688 960 transiliunt:
702 917 762 976 qua
789 918 967 979 possessorem
1021 905 1067 959 τοῦ
1086 898 1263 980 προσώπουὴ
1284 898 1423 1008 ιῦμορφία.
1441 897 1487 970 Μὴ
1509 900 1620 959 πλοῦτον
1646 897 1794 981 χρημάτων

253 994 372 1073 lugiunt,
389 989 697 1073 etapudsediligentes
712 1009 819 1048 manere
831 1002 967 1049 recusant.
1022 989 1067 1049 τὸν
1095 993 1154 1050 καθ’
1178 991 1323 1069 ὁμοιότητα
1350 994 1403 1048 τῶν
1429 989 1568 1065 ποταμίων
1594 990 1697 1051 θδάτων
1722 991 1794 1068 ἐπιδ

253 1089 422 1149 insidiatores
437 1109 501 1148 vcro
522 1088 621 1146 multos
636 1085 747 1163 hahent,
771 1085 866 1161 tineas,
882 1085 966 1155 sures,
1023 1081 1117 1163 ῥίοντά
1140 1108 1170 1144 τε
1198 1084 1244 1143 καί
1278 1082 1470 1164 μεταρρίοντα,
1500 1081 1545 1142 καί
1571 1088 1616 1141 νῦν
1647 1081 1695 1162 μίν
1720 1079 1793 1160 παρὰ

253 1181 443 1261 sycophantas,
456 1177 591 1255 incendia,
611 1176 761 1255 naufragia,
780 1175 913 1235 λιοίίοιιιιιι
927 1176 970 1234 in·
1022 1180 1126 1248 τοῦτον,
1152 1178 1197 1234 νῦν
1222 1174 1249 1235 ul
1275 1177 1339 1255 παρ’
1366 1177 1484 1233 'ostro
1504 1176 1645 1248 πηδῶντα,
1667 1171 1716 1232 καί
1735 1169 1793 1236 τοδε

253 1290 366 1347 cursus,
394 1269 556 1350 populorum
586 1266 738 1344 seditiones,
760 1265 969 1326 domesticorum
986 1282 1005 1331 Β
1022 1266 1184 1347 κατέχοντας
1198 1265 1340 1347 φεύγοντα,
1357 1264 1471 1333 καὶτοῖς
1489 1265 1793 1345 φιλοῦσιναθιδνπαριι·

252 1363 391 1442 nequitias,
407 1358 649 1441 chirographorum
663 1357 818 1417 amissiones
829 1403 838 1435 ,
859 1359 904 1418 vel
918 1359 968 1418 ad·
1023 1356 1109 1434 μίνειν
1140 1360 1189 1418 οὐκ
1222 1357 1390 1438 ἀνεχόμενον,
1422 1356 1469 1416 καί
1503 1358 1609 1438 μυρίους
1641 1355 1793 1422 ίπιύούλως

251 1455 378 1527 ditiones,
402 1451 633 1512 imminutiones
627 1475 633 1488 ·
656 1451 763 1529 aliaque
786 1450 882 1523 multa,
908 1472 967 1529 quae
1021 1448 1131 1530 ἔχοντα,
1151 1449 1196 1509 καί
1225 1454 1323 1522 οῆτας,
1343 1447 1388 1508 καλ
1410 1447 1523 1528 λῃστάς,
1541 1449 1587 1508 καί
1613 1448 1790 1529 συκοφάντας,

251 1568 428 1630 pecuniarum
440 1558 558 1613 amantes
572 1542 705 1605 invadunt
717 1544 885 1606 detrimenta
906 1546 968 1604 Non
1021 1541 1067 1599 καῖ
1080 1540 1267 1622 ἐμπρησμοὺς,
1274 1539 1464 1621 καίντνάγια,
1478 1540 1582 1600 aalma)
1569 1540 1660 1619 δόμων
1673 1539 1792 1620 dodim,

252 1640 416 1719 dignitatum
430 1639 587 1719 potentiam,
609 1659 669 1717 quae
682 1650 708 1696 ct
727 1636 786 1718 ipsa
799 1638 884 1697 multa
898 1638 969 1719 parit
1022 1630 1068 1690 καὶ
1090 1633 1182 1711 δήμων
1207 1632 1414 1704 insufflatis,
1429 1630 1475 1690 ml
1495 1632 1655 1715 κακουργίας
1672 1635 1792 1704 οἰκετῶν,

253 1730 440 1807 incommoda,
470 1729 684 1789 sollicitudinum
712 1728 846 1802 tabem,
837 1730 968 1789 insomnia
1021 1716 1108 1803 καλγ
1091 1725 1259 1806 γραμμάτων
1287 1723 1454 1806 ἀφαιρέσεις,
1480 1723 1526 1783 καλ
1549 1723 1718 1804 προσθήκας,
1747 1724 1793 1783 καλ

159 1835 165 1846 ·
253 1824 411 1902 frequentia,
425 1821 581 1882 invidorum
594 1820 735 1892 ἰιινίἀίιιν,Ι
727 1819 899 1880 inimicorum
912 1843 970 1881 ma·
1025 1815 1162 1894 μειώσεις,
1183 1816 1228 1876 καλ
1247 1816 1334 1876 τάλλα
1347 1816 1398 1876 ὅσα
1421 1823 1475 1882 τοῖς
1489 1817 1569 1895 ἐρῶσι
1584 1815 1795 1896 χρημάτωνύπδ

254 1917 434 1988 chinamenta,
451 1912 592 1973 subdolam
601 1913 740 1972 rhetorum
750 1914 893 1993 argutiam,
910 1936 970 1993 quae
1022 1911 1071 1980 τῆς
1095 1908 1282 1988 φιλοπλουτίας
1302 1906 1441 1988 ἐπιφύεται
1469 1907 1549 1968 δεινά.
1572 1907 1620 1979 Μὴ
1641 1908 1794 1967 δυναστείαν

125 2011 131 2023 ’
254 2005 407 2089 compositis
418 2004 509 2063 verbis
520 2003 659 2062 veritatem
670 2002 858 2080 circumvenit,
870 2003 971 2084 judici·
1024 1997 1199 2078 ἀξιωμάτων·
1213 1998 1420 2081 πολλάγάρκαλ
1433 2000 1517 2079 ταύτῃ
1534 1999 1643 2079 ἀλγεινὰ
1658 2000 1796 2081 παραφύε-

252 2098 358 2175 busque
380 2096 446 2176 ipsis
473 2114 602 2173 magnum
619 2091 771 2173 periculum
796 2106 876 2152 creat.
901 2093 970 2154 Sunt
1023 2114 1083 2164 ται,
1102 2091 1245 2175 φροντίδων
1262 2090 1416 2164 τηκεδύνες,
1430 2091 1570 2173 ἀγρυπνίαι
1589 2101 1720 2172 συνεχεῖς,
1735 2093 1796 2150 ἐπι-

253 2189 334 2264 enim,
354 2200 416 2250 sunt
429 2205 520 2246 revera
536 2183 692 2261 multiloqui
708 2182 763 2243 viri
777 2184 866 2260 multi,
882 2197 907 2244 et
922 2185 970 2242 su·
1024 2181 1117 2242 ύουλαλ
1131 2183 1204 2262 παρὰ
1222 2188 1274 2243 τῶν
1294 2183 1464 2263 φθονούντων,
1475 2183 1637 2243 κατασκευαί
1651 2182 1727 2263 παρά
1743 2185 1796 2243 τῶν

251 2282 347 2342 tilihus
359 2278 483 2339 instructi
494 2278 597 2351 verbis,
613 2275 660 2354 qui
671 2275 730 2334 hac
740 2288 766 2335 et
776 2275 875 2336 similia
885 2298 900 2336 a
912 2278 970 2336 Deo
1026 2275 1183 2353 μισούντων,
1195 2276 1334 2353 στωμυλία
1346 2275 1463 2358 ρητόρων
1478 2284 1532 2343 τοῖς
1551 2275 1796 2354 κατευγλωττιαμί-

252 2374 439 2434 universorum
465 2370 612 2452 postulant,
636 2388 793 2447 comamque,
821 2389 881 2447 quae
907 2391 972 2430 vere
1023 2391 1077 2435 νοις
1093 2368 1181 2448 λόγοις
1205 2367 1406 2428 θποκλίπτουσα
1427 2368 1476 2440 τὴν
1490 2368 1617 2441 ἀλήθειαν
1642 2366 1689 2426 καὶ
1713 2367 1796 2428 πολθν

252 2479 316 2524 sunt
328 2466 409 2540 hona,
431 2463 534 2522 nullam
549 2460 680 2520 rationem
692 2459 801 2520 habent.
816 2461 899 2538 Atqui
912 2482 970 2521 me·
987 2482 1006 2531 c
1023 2469 1077 2526 τοῖς
1095 2459 1228 2528 δικάζουσι
1249 2459 1409 2543 προξενοῦσα
1429 2460 1556 2520 κίνδυνον.
1570 2459 1633 2520 Elcl
1655 2460 1724 2539 γάρ,
1746 2460 1797 2521 εἰσί

251 2556 343 2614 dicum
351 2554 606 2614 medicamentorum
615 2571 753 2610 usumnon
762 2553 855 2631 agrati
865 2553 970 2630 docent,
1026 2551 1185 2631 βατταλόγοι
1199 2550 1283 2624 τινὲς,
1298 2551 1343 2610 καί
1358 2551 1547 2629 ματαιολόγοι,
1560 2551 1645 2610 ταῦτά
1659 2575 1689 2610 τι
1704 2551 1750 2611 καί
1763 2551 1797 2612 al

183 2661 186 2666 ’
251 2647 299 2707 sed
312 2648 352 2723 hi,
366 2645 540 2724 quantumvis
553 2643 638 2703 durus
652 2644 832 2722 molestasque
845 2644 880 2705 sit
893 2666 971 2705 cura·
1023 2649 1133 2705 τοιαῦτα
1142 2641 1422 2723 resplendesceret
1436 2643 1504 2703 δλων
1524 2647 1672 2716 αἰτοῦντες,
1686 2644 1732 2702 καλ
1743 2647 1795 2703 τῶν

251 2735 333 2793 tionis
349 2733 457 2806 modus,
479 2754 538 2810 qua
551 2731 586 2789 ah
600 2731 648 2790 illo
662 2732 815 2790 offeruntur
827 2733 969 2793 sustinent.
1024 2735 1105 2802 ὄντως
1120 2738 1224 2813 ἀγαθῶν
1239 2734 1330 2795 οὐδένα
1348 2735 1502 2813 ποιούμενοι
1518 2735 1606 2814 λόγον.
1623 2734 1677 2795 Καὶ
1691 2736 1735 2795 τδν
1748 2735 1795 2813 μίν

250 2828 372 2904 Itemque
385 2825 589 2904 gubernatorem
607 2842 659 2881 non
673 2836 791 2882 vectores
802 2824 901 2904 jubent
920 2825 972 2887 hoc
1025 2826 1112 2907 ἰατρδν
1131 2830 1180 2907 οὐχ
1194 2831 1220 2886 οῖ
1238 2832 1372 2894 νοσοῦντες
1393 2826 1546 2888 διδάσκουσι
1567 2829 1621 2886 τῶν
1647 2827 1796 2910 φαρμάκων

251 2917 547 2978 illovemodoelarum
563 2928 660 2992 tenere,
682 2927 709 2973 et
723 2915 815 2975 navim
829 2915 971 2997 dirigerc;
1024 2916 1073 2990 τὴν
1100 2924 1207 3000 χρῆσιν,
1233 2919 1303 2979 ἀλλδι
1325 2924 1378 2979 τῶν
1397 2922 1443 2980 ὑπ’
1471 2923 1550 2979 αὐτοῦ
1576 2921 1796 3002 προσφερομένων

251 3010 298 3070 sed
320 3010 348 3070 in
369 3008 498 3069 tabulatis
523 3007 654 3080 sedentes,
682 3006 756 3065 illius
778 3007 892 3087 peritia,
917 3030 970 3069 non
1024 3009 1166 3091 adviquerat
1186 3010 1274 3089 μόνον,
1288 3010 1339 3070 κάν
1364 3011 1486 3078 ἐπίπονος
1508 3002 1525 3092 ᾖ
1550 3016 1632 3083 ὁτῆς
1655 3012 1797 3091 θεραπείας

250 3102 332 3161 modo
344 3100 470 3161 secundis
481 3100 577 3173 ventis,
590 3097 637 3157 sed
649 3097 731 3156 etiarn
743 3112 863 3160 extremo
875 3099 970 3179 ingru-
1023 3102 1134 3183 τρόπος·
1144 3102 1190 3172 καί
1203 3103 1247 3162 τδν
1261 3103 1424 3185 κυάερνότην
1440 3108 1465 3163 οῖ
1485 3103 1609 3170 πλέοντες
1618 3107 1648 3162 οὗ
1661 3102 1796 3165 κελεύουσι

251 3208 310 3253 ente
322 3193 441 3274 periculo
454 3213 510 3251 sese
520 3190 699 3250 committunt.
714 3190 770 3251 Uni
781 3205 887 3251 tantum
898 3194 967 3266 Deo,
1023 3193 1133 3254 τοίωσδε
1146 3193 1269 3275 κατέχειν
1279 3193 1339 3261 τοῦς
1350 3196 1455 3267 οίακας,
1469 3194 1514 3254 καί
1526 3195 1556 3253 τὸ
1573 3194 1672 3276 σκάφος
1693 3193 1797 3270 ἰθύνειν,

251 3285 299 3364 qui
312 3308 371 3365 qua
383 3285 461 3345 nobis
478 3283 555 3342 utilia
566 3295 772 3363 opportunaque
785 3297 847 3343 sunt
860 3305 971 3344 accura-
1024 3287 1083 3345 ἀλλ’
1096 3286 1140 3345 lael
1150 3291 1202 3345 τῶν
1219 3287 1453 3367 καταστρωμάτων
1467 3285 1626 3364 καθήμενοι,
1638 3291 1685 3359 τῆς
1697 3288 1799 3348 ἐκείνοι

158 3418 179 3448 m
197 3404 202 3419 ·
221 3391 279 3447 „te
299 3377 386 3455 novit,
406 3377 447 3436 illi
467 3376 538 3441 male
555 3373 642 3434 feriati
663 3375 787 3434 homines
807 3375 901 3435 cedere
921 3397 969 3436 ne·
1024 3376 1174 3454 ἐπιστήμης
1188 3378 1339 3458 ἀνέχονται,
1353 3383 1382 3439 οὐ
1398 3378 1476 3456 μόνον
1491 3378 1517 3447 ἐξ
1530 3379 1623 3460 ούρίων
1643 3380 1798 3459 φερόμενοι,

120 3468 137 3510 '⁸
167 3482 204 3510 ¹¹⁸⁸
216 3469 238 3509 ἰ·
253 3471 350 3546 sciunt,
362 3470 408 3531 sed
417 3468 652 3551 pemiciosaquasi
664 3467 742 3526 utilia
753 3467 899 3548 postulant,
910 3491 973 3551 per·
1026 3467 1151 3530 ἀλλὰκαὶ
1164 3471 1209 3530 τὸν
1223 3470 1335 3552 ἔσχατον
1351 3471 1523 3550 ὑποφαίνοντος
1536 3472 1665 3531 κίνδυνον·
1679 3476 1719 3552 τῷ
1734 3474 1798 3553 Θεῷ

102 3544 244 3637 mins?
253 3562 317 3623 inde
334 3566 417 3642 atque
428 3575 554 3642 aegrotus,
575 3559 648 3639 quia
662 3557 765 3618 medico
778 3560 855 3642 petit,
875 3580 927 3620 non
941 3584 971 3622 ea
988 3571 1008 3618 1)
1026 3561 1053 3622 δὲ
1068 3562 1156 3641 μόνον,
1168 3567 1206 3643 τῷ
1223 3565 1254 3624 τδ
1274 3564 1406 3645 συμφέρον
1418 3571 1483 3643 ἡμῖν
1498 3565 1614 3644 ἀκριῦῶς
1627 3565 1798 3645 ἐπισταμένῳ

252 3677 312 3736 quaa
325 3655 450 3714 morbum
463 3651 607 3732 depellant,
618 3649 666 3710 sed
676 3672 737 3729 quie
746 3652 884 3712 materiam
893 3654 971 3714 illam
1026 3654 1139 3729 διδόναι,
1153 3659 1178 3714 oi
1200 3655 1248 3722 rh:
1267 3656 1363 3737 φρένας
1382 3661 1471 3724 κακῶς
1484 3656 1645 3734 διακείμενοι
1665 3679 1798 3738 παραχω-

253 3747 342 3806 ιιιοιίιί
362 3759 476 3805 matrem
495 3745 578 3804 alant.
600 3747 707 3806 Verum
727 3743 849 3804 medicus
869 3746 971 3808 infimi
1028 3754 1081 3827 ρεῐν
1102 3749 1150 3807 οὐκ
1173 3747 1326 3828 ἀνέχονται,
1349 3751 1408 3807 ἀλλ’
1430 3751 1545 3808 αἰτοῦσιν
1564 3752 1600 3815 ὡς
1618 3748 1743 3829 ὠφέλιμα
1765 3747 1799 3808 rh

253 3849 346 3920 preces
366 3856 418 3896 non
437 3835 568 3910 admittit,
589 3833 636 3893 sed
652 3835 756 3894 etiamsi
775 3836 972 3918 lacrymantem
1026 3837 1145 3919 ἀλίθρια,
1171 3841 1262 3918 ὅμοιον
1295 3845 1430 3907 ποιοῦντες
1460 3839 1603 3921 ἀρρώστῳ,
1632 3840 1676 3900 τδν
1708 3842 1799 3922 ἰατρὸν

252 3931 485 4010 ingementcmquc
502 3925 603 4001 videat,
626 3924 691 3984 artis
705 3928 846 4007 preceptis
866 3931 971 3991 obtem·
1026 3931 1115 3990 δοῦναι
1131 3932 1202 4014 αὐτῷ
1216 3936 1429 4015 παρακαλοῦντι,
1443 3936 1492 4013 οὐχ
1513 3933 1563 3992 ὅσα
1576 3931 1632 3992 λύει
1645 3931 1695 4004 τὴν
1712 3931 1799 4008 νόσον,

252 4020 359 4102 parabit
373 4019 474 4100 potius,
493 4037 575 4096 quam
588 4015 664 4075 illius
682 4017 804 4076 llectatur
816 4019 969 4102 lacrymis·
1026 4024 1085 4082 ἀλλ’
1096 4022 1146 4085 όσα
1156 4025 1302 4107 τρέφειτὴν
1316 4024 1381 4096 θλην
1394 4024 1444 4098 τὴν
1455 4029 1502 4097 τῆς
1512 4023 1589 4084 νόσου
1602 4025 1705 4107 μητί
1710 4025 1797 4086 .Ἆλλ’

252 4125 366 4190 tumque
378 4109 475 4170 medici
491 4107 732 4186 inobsequentiam,
747 4129 801 4168 non
816 4110 971 4175 inhumani·
1025 4117 1073 4174 οῦκ
1096 4115 1215 4185 ἀνέξεται
1239 4123 1253 4177 ό
1276 4119 1413 4197 ἰατρὸς
1379 4143 1427 4189 της
1449 4124 1495 4177 τοῦ
1518 4117 1665 4195 κάμνοντος
1680 4117 1799 4191 ἱκεσίας,

252 4217 345 4281 tatem,
364 4200 618 4262 scdhumanitatem
631 4220 768 4260 vocamus.
794 4202 893 4262 Contra
906 4226 972 4265 vero
1025 4206 1095 4267 ἀλλὰ
1110 4207 1159 4267 κάν
1173 4209 1321 4290 δακρύοντα
1342 4211 1384 4288 tuq
1399 4209 1655 4291 καλόλοφυρύμενον,
1672 4233 1711 4290 τῳ
1691 4209 1800 4292 νόμον

252 4297 274 4356 si
287 4307 387 4375 aegroto
400 4313 503 4353 morem
517 4304 602 4372 gerat,
620 4291 731 4371 ejusque
744 4293 879 4374 voluptati
895 4296 972 4357 ohse-
1026 4302 1074 4371 τῆς
1088 4298 1184 4380 τίχνης
1198 4304 1334 4362 ἀκολουθεῖ
1350 4304 1459 4380 μᾶλλον,
1471 4300 1553 4372 ἢτοῐς
1566 4300 1660 4360 τούτου
1671 4268 1800 4381 δάκρυσιν

251 4401 358 4468 quatur,
378 4384 512 4446 hostiliter
533 4404 593 4447 cum
608 4383 656 4442 illo
675 4385 746 4465 agit3
762 4385 805 4444 sin
818 4387 970 4469 renitatur,
1027 4390 1241 4470 ἐπικάμπτεται,
1258 4418 1294 4453 κα
1293 4394 1366 4467 ἰτλν
1379 4394 1554 4454 ἀπείθειαν’
1529 4416 1576 4453 ουκ
1599 4393 1802 4475 ἀπανθρωπίαν,

251 4482 363 4562 ejusque
375 4476 552 4560 cupiditatem
564 4490 712 4556 oppugnet,
729 4477 912 4539 misericordia
930 4496 972 4541 at·
1028 4481 1097 4541 ἀλλὰ
1116 4485 1316 4567 φιλανθρωπίαν
1330 4487 1507 4635 όνομάζομεδν·
1511 4485 1677 4649 ὴπειθόμενος
1692 4484 1741 4564 μὲν
1752 4486 1805 4569 γάρ

252 4593 305 4649 que
318 4570 458 4630 clementia
473 4566 570 4627 utitur.
591 4566 811 4627 Sicanimarum
822 4585 974 4632 nostrarum
1027 4576 1066 4653 τῷ
1080 4580 1213 4651 νοσοῦντι,
1235 4577 1299 4636 καί.
1301 4577 1481 4658 τάπρδςὴδ
1483 4599 1510 4635 ον
1530 4601 1544 4635 ν
1511 4575 1754 4657 ὴχαριζόμενος,
1769 4577 1806 4638 at

252 4663 387 4739 Medicus,
399 4683 459 4742 quae
470 4680 553 4720 noxia
561 4659 653 4719 sutura
663 4673 728 4719 sunt
736 4662 888 4741 petentibus
898 4686 975 4725 num
991 4668 1011 4716 Ε
1029 4666 1163 4746 πολεμίων
1175 4671 1261 4737 εἰς’
1232 4669 1297 4730 αυτδ
1298 4695 1312 4729 ν
1331 4670 1482 4750 ἐργάζεται·
1497 4669 1648 4729 ἀντιτείνων
1662 4670 1745 4727 δί’
1714 4672 1804 4752 αντῦν,

254 4778 335 4835 quam
349 4757 465 4817 dederit.
482 4756 574 4834 Neque
587 4754 657 4814 enim
675 4767 764 4835 patres
780 4757 865 4836 prolis
878 4779 973 4818 aman·
1029 4757 1075 4817 καί
1088 4764 1121 4840 τῇ
1143 4761 1202 4822 tcto
1189 4762 1270 4843 θυμία
1285 4760 1452 4842 μαχόμενος,
1473 4759 1538 4844 sitq
1552 4760 1682 4840 κίχρηται
1696 4759 1743 4819 καλ
1764 4783 1807 4839 φι·

254 4862 294 4907 tos
307 4848 372 4908 liliis
386 4847 475 4908 adhuc
490 4846 595 4907 tenellis
613 4846 720 4926 gladios
737 4862 785 4907 aut
798 4847 898 4927 ignitos
917 4873 975 4911 ear-
1029 4852 1201 4936 λανθρωπίφ·
1216 4855 1286 4914 οθτω
1304 4854 1349 4913 καλ
1362 4858 1377 4912 θ
1390 4857 1442 4912 τῶν
1456 4851 1593 4934 ἡμετέρων
1608 4854 1701 4932 ψυχῶν
1717 4851 1807 4931 ἰατρδς

254 4938 337 4996 bones
352 4936 515 5017 petentibus,
530 4957 659 5014 umquam
674 4937 843 5017 porrexerint
856 4962 863 4995 :
877 4953 976 4999 norunt
1030 4942 1079 5001 οὐκ
1108 4943 1232 5025 ἀνέχεται
1256 4948 1344 5006 δοῦναι
1375 4952 1430 5012 τοῖς
1454 4947 1556 5003 αἰτοῦσι
1583 4943 1618 5002 τὰ
1642 4946 1678 5010 εἰς
1704 4942 1809 5021 βλάόην

256 5038 328 5107 enim
341 5035 400 5097 haec
409 5037 508 5098 damno
521 5039 611 5098 futura
624 5059 680 5099 esse
692 5038 715 5098 si
728 5038 977 5104 dentur2nonnulli
1032 5035 1121 5102 αὐτοῖς
1142 5038 1264 5116 ἐσόμενα.
1285 5037 1356 5099 Ούτε
1375 5035 1428 5118 γάρ
1457 5038 1481 5095 οἱ
1501 5034 1668 5115 φιλόστοργοι
1696 5035 1810 5116 πατέρες

288 5234 299 5256 ⁴
316 5214 363 5266 dlii
375 5221 454 5268 ἰκτῖνον
468 5230 588 5282 porsessa.
