3810 6000
317 366 390 479 962

317 515 458 576 cabantur.
469 510 516 572 Sic
529 508 620 589 itaque
629 509 697 570 olim
709 508 738 570 in
749 522 840 570 monte
849 508 915 571 Sina
927 508 1038 570 flamma

320 592 550 665 commovebatur,
560 603 586 648 et
600 591 648 649 lllo
668 610 709 648 ses
720 589 749 648 in
761 589 851 649 medio
864 589 935 670 ignis
949 588 984 648 ad
997 587 1036 648 le-

319 694 380 754 gem
391 671 526 731 ferendam
540 610 803 729 instituebatur.lllia
815 691 886 729 nunc
897 668 1039 729 sublimio-

319 753 359 812 ris
381 749 452 831 ignis
472 750 580 809 llamma
598 748 745 820 involavit,
759 771 819 828 quae
838 750 866 808 in
887 748 1039 810 verticibus

319 831 504 912 apostolorum
525 828 631 887 insedit.
646 830 717 888 Nam
737 829 824 907 isqui
842 843 904 889 tnnc
924 832 1038 909 Moysen

320 911 408 970 movit
419 908 455 968 ad
466 909 537 987 leges
551 908 671 966 ttetraeis
688 907 821 984 serendas,
834 909 892 967 haec
912 930 982 967 nunc
1002 908 1040 967 ad

321 989 442 1070 gentium
454 989 567 1047 salntem
580 986 782 1068 edidit:quapro
803 1002 843 1047 ter
853 1002 975 1047 veterum
989 987 1040 1046 mi-

320 1069 475 1128 raculorum
500 1068 629 1125 memoria
652 1068 731 1127 noris
751 1089 769 1129 a
793 1069 877 1126 mixta
900 1068 1040 1126 fuit:rnr-

322 1168 437 1225 sumque
445 1145 514 1236 ignis
522 1146 549 1204 in
558 1145 647 1206 medio
655 1146 768 1215 sistitur,
780 1162 809 1207 ut
819 1169 854 1206 er
864 1146 1041 1205 similitudine

321 1227 467 1308 spectaculi
489 1226 648 1305 probaretur
662 1226 739 1285 illum
764 1227 851 1307 ipsum
871 1247 926 1285 esse
939 1228 1039 1300 Deum,
1057 1253 1076 1301 B

322 1307 371 1385 qui
387 1306 562 1386 praesentibus
575 1306 714 1366 miraculis
729 1305 810 1365 fidem
823 1306 930 1364 faceret.
945 1306 1040 1365 Gratia

323 1385 451 1444 antemio
466 1383 620 1463 linguarum
632 1385 732 1463 figuras
743 1385 926 1460 distribuitur,
942 1398 971 1444 ut
982 1384 1042 1445 illas

229 1472 232 1477 ’
323 1464 499 1545 suscipientes
513 1464 634 1523 doctores
649 1465 781 1537 efficeret,
800 1479 829 1524 ut
851 1465 879 1524 in
902 1464 964 1543 igne
985 1485 1042 1523 arn-

322 1535 457 1617 balantes,
474 1540 598 1623 magistri
618 1540 692 1603 orbis
716 1558 811 1604 essent.
827 1545 898 1603 Cum
912 1543 977 1602 olim
991 1565 1042 1603 una

323 1644 381 1683 vor
394 1638 419 1682 et
434 1623 526 1702 lingua
546 1622 667 1682 omnium
683 1637 761 1697 esset,
773 1623 864 1683 audax
878 1623 961 1682 turris
975 1644 1042 1681 con-

323 1703 435 1762 structio
449 1703 604 1782 liuguarum
619 1701 781 1762 divisionem
793 1703 902 1761 intulit:
917 1702 987 1783 etpu
1010 1723 1044 1761 na

323 1780 479 1860 linguarum
503 1781 604 1840 bellurn
632 1782 658 1839 in
683 1782 762 1841 caelos
785 1796 939 1871 susceptpm
961 1722 1044 1840 seila-

324 1859 386 1919 vit:
406 1880 438 1919 ac
466 1859 566 1938 lingua
593 1859 739 1920 innumerae
766 1861 914 1920 innumeris
941 1861 1044 1919 emissae

325 1939 398 1998 souis
415 1939 673 2019 perterrefacieliant,
688 1939 734 1999 sed
753 1939 876 2000 auditum
891 1962 943 1999 non
959 1962 1045 1999 unum

325 2018 495 2096 reperiebant
512 2018 548 2077 ad
574 2040 671 2078 sonum
700 2021 775 2080 vocis
800 2034 981 2078 annuentem:
997 2018 1045 2078 sed

295 2103 297 2106 ’
325 2095 414 2156 divisa
442 2098 535 2177 lingua
558 2098 701 2158 sententias
721 2122 828 2179 quoque
849 2099 991 2176 diviserat,
1019 2113 1046 2158 et

326 2175 415 2236 soluta
425 2178 519 2258 lingua
534 2199 629 2237 manus
640 2179 780 2259 alligabat.
792 2182 968 2239 Nuncautem
984 2200 1045 2258 gra-

328 2256 466 2317 tia-divisa
478 2256 579 2336 linguis
590 2279 637 2316 ora
650 2258 677 2317 in
693 2259 904 2341 uniuscujusque
924 2260 1046 2338 linguam

326 2336 448 2431 collegit,
460 2336 590 2396 doctriua
606 2339 732 2398 terminos
753 2340 910 2416 extendens,
928 2353 954 2397 et
970 2337 1046 2397 mul-

327 2429 369 2475 tas
392 2415 455 2475 ltdei
477 2416 536 2476 vias
555 2419 724 2497 aperiens.O
745 2419 876 2499 stupenda
900 2412 1046 2477 miracula!

327 2498 465 2575 apostolus
487 2496 655 2576 loquebatur,
671 2511 698 2556 et
713 2497 798 2556 lodus
817 2498 981 2573 docebatur;
994 2497 1047 2556 He·

327 2575 417 2634 braeus
439 2576 611 2654 loquebatur,
632 2590 658 2635 et
681 2578 817 2636 Barbarus
843 2577 1082 2653 instituebatur3t}

348 2654 415 2713 ratia
435 2676 482 2735 per
503 2676 600 2714 sonum
614 2656 848 2733 ellandebatttr,et
860 2656 969 2715 auditus
987 2677 1047 2714 ver-

326 2674 1047 2814 burnpercipiebat3Gottbivoeemnoverant,etAEthi·

328 2833 392 2872 oes
418 2813 540 2893 linguam
568 2815 759 2893 agnoscebant,
785 2817 873 2875 Persae
895 2816 1047 2895 loquentem

344 2834 544 2970 imitabantur,
560 2908 586 2952 et
601 2896 695 2976 populi
708 2896 818 2955 barbari
832 2897 867 2955 ab
881 2917 934 2953 una
953 2894 1047 2974 lingna

329 2971 531 3051 irrigabantur;
543 2988 673 3053 qnantum
686 2990 781 3034 natura
795 2995 890 3056 genere
914 2974 1048 3055 multipli-

329 3052 452 3125 cabatur,
468 3067 572 3112 tantum
585 3054 672 3131 gratia
685 3055 785 3134 linguis
802 3054 957 3114 ditescebat.
974 3054 1049 3133 Ignis

330 3144 426 3189 natttra
440 3130 530 3190 divisa
550 3133 730 3211 operationem
751 3134 925 3214 multiplicat.
945 3134 1048 3194 Gratia

331 3231 448 3288 namque
468 3210 571 3268 divitiae
593 3212 650 3269 sons
663 3211 774 3271 luminis
787 3226 858 3271 sunt.
876 3216 1049 3291 Rursumque

330 3304 425 3348 natura
436 3289 506 3369 ignis
515 3289 580 3347 dum
592 3291 647 3348 alta
660 3292 777 3370 attingit,
789 3314 842 3350 non
854 3291 994 3362 minuitur,
1002 3291 1049 3350 sed

331 3369 399 3429 dum
410 3370 631 3444 communicatur,
642 3372 768 3430 accrescit
779 3372 861 3431 :sicet
871 3372 956 3452 gratia
966 3372 1050 3430 effusa

331 3449 431 3509 lluenta
443 3472 491 3508 sua
504 3449 677 3529 multiplicat.
685 3453 745 3510 Una
756 3452 863 3510 lucerna
872 3472 931 3530 quae
943 3472 1050 3511 sexcen-

330 3542 371 3587 tas
385 3529 456 3610 parit
475 3531 554 3604 laces,
570 3551 630 3607 qua
645 3552 736 3589 ornnes
749 3530 889 3612 splendide
909 3530 1009 3602 lucent,
1025 3544 1051 3589 et

330 3608 443 3667 luminis
455 3610 545 3688 fulgor
558 3630 610 3667 non
624 3610 745 3669 abscedit
757 3634 763 3666 :
775 3611 814 3669 sic
829 3611 915 3689 gratia
933 3611 1051 3690 Spiritus

1025 384 1158 435 Sl’lllllb·

1091 509 1137 570 καλ
1162 506 1232 568 κατδ
1255 507 1286 568 τδ
1310 509 1419 569 Σιναῖον
1440 508 1501 589 ὄρος
1520 512 1540 580 ἡ
1556 505 1624 589 pat}
1647 506 1857 580 δτινάοσιτο,ιιλ

1091 591 1210 659 Mobsi<
1220 591 1247 648 ἐν
1263 586 1336 669 μέσῳ
1349 588 1430 669 πυρδς
1441 593 1599 666 νομοθετεῖν
1615 587 1780 647 toreama.
1790 588 1857 662 Ἄλλη

1091 674 1143 750 νῦν
1153 667 1286 747 μετεώρου
1299 669 1382 749 πυρδς
1396 666 1494 728 ἵπτατο
1514 666 1603 749 φλὸξ,
1629 666 1681 733 τὰς
1701 669 1859 738 ἄποστολαδς

1091 748 1207 828 κορυφὰς
1221 746 1406 807 σταδιεύουσα.
1422 746 1457 808 ‘O
1472 747 1526 829 γδρ
1540 747 1605 806 τότε
1626 746 1750 806 Μωῦσέα
1767 755 1818 815 ταῖς
1832 752 1861 817 είς

1092 825 1234 908 Ἓύραίους
1259 828 1425 901 νομοθεσίαις
1451 829 1568 899 κινήσας
1598 827 1671 885 αὐτὰ
1694 829 1731 892 εἷς
1755 826 1800 896 τὴν
1818 832 1860 887 τῶν

1093 910 1173 967 ἐθνῶν
1188 907 1331 987 σωτηρίαν,
1349 906 1392 965 διδι
1407 913 1486 967 τοῦτο
1501 907 1553 967 καὶ
1565 907 1696 966 παλαιῶν
1712 903 1801 982 μνήμη
1811 912 1861 965 θαυ-

1094 986 1184 1064 μάτων
1198 996 1252 1054 τοῖς
1265 985 1331 1055 νέοις
1344 986 1517 1065 άνεμίγνυτο·
1533 987 1584 1046 καὶ
1599 987 1688 1045 πάλιν
1703 985 1830 1070 μεσιτεύερ
1836 986 1861 1046 τί

1092 1091 1147 1164 πυρ
1159 1070 1196 1146 τῷ
1210 1067 1389 1146 παραπλησίῳ
1401 1070 1449 1136 τῆς
1470 1067 1532 1134 θέας
1544 1066 1592 1125 τδν
1608 1066 1693 1124 αὐτὸν
1703 1066 1798 1122 ἐκεῖνον
1810 1071 1863 1124 εἰναι

1094 1148 1162 1206 Θεον
1178 1153 1233 1213 τοῖς
1247 1151 1361 1227 παροῦσι
1388 1145 1578 1222 πιστούμενον.
1603 1145 1684 1225 Ilpa<
1710 1142 1738 1203 δὲ
1760 1143 1862 1222 γλώσσας

1095 1223 1252 1306 μεριζομένη
1266 1224 1433 1295 τοονεύεται,
1447 1223 1492 1284 ἵνα
1506 1225 1698 1289 διδασκάλους
1713 1221 1773 1290 τὼς
1787 1225 1863 1282 oxea-

1093 1303 1221 1408 χομίνσνς
1234 1289 1393 1383 ἐργάσηται,
1406 1304 1440 1363 ἵν’
1453 1307 1481 1362 ἐν
1493 1304 1563 1385 πυρί
1579 1304 1762 1381 πορευόμενοι
1770 1304 1863 1361 παιδα-

1093 1407 1139 1444 ται
1164 1387 1213 1454 τῆς
1234 1383 1388 1460 οἰκουμένης
1401 1383 1555 1466 ὑπάρξουσι.
1574 1384 1676 1442 Πάλαι
1691 1384 1740 1458 μὲν
1762 1373 1801 1441 οἶν
1815 1383 1864 1458 μίαν

1095 1463 1185 1543 φωνήν
1199 1462 1289 1521 τεκαὶ
1303 1465 1427 1543 γλῶσσαν
1433 1463 1568 1522 ἁπάντων
1582 1463 1764 1543 δπάρχουσαν
1774 1463 1865 1532 ἠτόνει

1095 1541 1322 1621 τῆςπυργοποιίας
1332 1529 1520 1622 διεμεμέριστο
1532 1540 1643 1619 τόλμα,
1655 1539 1705 1600 καὶ
1714 1541 1787 1619 μάχη
1795 1542 1865 1618 γλαο-

1096 1626 1149 1681 σῶν
1162 1620 1286 1681 ἀντισιίιι
1300 1621 1343 1680 τὸν
1357 1623 1426 1681 κατὰ
1441 1626 1495 1680 τῶν
1511 1624 1639 1700 οὐρανῶν
1649 1620 1769 1696 πόιεμυν
1782 1620 1864 1678 παύω-

1097 1724 1149 1758 σα·
1163 1701 1209 1759 καί
1223 1700 1374 1781 γλῶσσαιμ
1387 1701 1446 1800 ρίαι
1459 1700 1568 1779 μυρίοις
1579 1700 1737 1780 φθέγμασιν
1751 1700 1865 1773 ἔπληττσν,

1099 1778 1180 1852 ἀκοὴν
1196 1778 1223 1840 δὲ
1236 1780 1299 1858 μίαν
1311 1783 1362 1861 οὐχ
1372 1801 1492 1860 ευρισκον
1503 1780 1576 1862 πρὸς
1590 1781 1638 1839 τὸν
1651 1758 1723 1858 ἦχον
1737 1781 1813 1856 [σθαι]
1822 1783 1865 1837 ἔτι·

1097 1860 1237 1919 νεύουσαν·
1263 1861 1323 1919 ἀλλ’
1339 1867 1357 1933 ἡ
1371 1862 1481 1940 γλῶσσα
1501 1863 1646 1937 τμηθεῖσα
1659 1858 1709 1918 καὶ
1722 1859 1865 1935 τδιςγνύμις

1098 1939 1222 2020 ἐμέρισε,
1238 1939 1284 1997 καί
1301 1942 1408 2018 γλῶττα
1433 1941 1547 1998 λυθεῖσα
1571 1938 1623 2005 τδς
1646 1948 1743 2019 χεῖρας
1766 1937 1865 2008 ἐπέδησε,

1098 2020 1165 2079 Νυνὶ
1183 2017 1209 2078 δὲ
1223 2023 1240 2089 ἡ
1252 2019 1331 2100 χάρις
1353 2017 1531 2098 διαιρεθείσσις
1552 2018 1684 2097 γλώττας
1704 2018 1739 2078 τά
1752 2016 1865 2094 στόματα,

1099 2101 1134 2165 εἰς
1148 2097 1197 2170 τὴν
1215 2099 1270 2164 ἐνὸς
1284 2098 1394 2161 ἑκάστου
1413 2101 1541 2177 γλῶσσαν
1564 2098 1744 2176 συνήθροισε,
1760 2096 1811 2161 aab<
1830 2101 1866 2166 τῆς

1099 2175 1270 2243 διδασκαλίας
1294 2177 1368 2257 ὅρους
1395 2176 1590 2250 πλατύνουσα,
1613 2178 1666 2236 καὶ
1690 2176 1787 2244 πολλδς
1809 2176 1866 2242 liei<

1098 2257 1246 2335 τεμνομένη
1267 2260 1314 2327 τῆς
1329 2255 1452 2324 πίστεως,
1467 2253 1507 2314 Ὦ
1529 2261 1586 2314 τῶν
1608 2255 1771 2338 παραδόξων
1785 2255 1867 2330 braul-

1098 2360 1163 2396 των·
1174 2335 1320 2402 ἀπόστολος
1329 2338 1425 2408 ἐλάλει,
1432 2335 1570 2402 καλΊνδδς
1578 2336 1742 2395 ἐδιδάσκετο
1750 2359 1755 2371 ·
1764 2334 1867 2412 ‘bissina

1098 2415 1256 2496 ἐφθέγγετο,
1280 2416 1326 2474 καί
1348 2415 1479 2497 βάρύαρος
1495 2414 1677 2474 ἐπαιδεύετο·
1694 2421 1712 2487 ἡ
1735 2416 1806 2495 χάρις
1818 2413 1866 2483 ἐξα,-

1120 2502 1186 2569 εῑτο,
1201 2495 1247 2555 καὶ
1260 2495 1326 2566 ἀκοὴ
1338 2496 1382 2555 τὸν
1392 2495 1468 2594 λόγον
1479 2494 1606 2572 ἐδέγετο·
1623 2494 1722 2554 Γότθυι
1740 2495 1786 2566 τὴν
1797 2501 1867 2571 γονὴν

1098 2519 1286 2653 έπεγίνωσκον,
1307 2574 1351 2632 καὶ
1373 2577 1497 2641 Αίθιοπες
1518 2562 1570 2646 sla
1587 2576 1718 2652 γλῶτταν
1733 2572 1867 2652 ἐγνώριζον·

1099 2653 1204 2736 Πέρσαι
1223 2660 1269 2713 τοῦ
1287 2656 1426 2721 λαλοῦντος
1440 2655 1605 2729 ἐθαύμαζον,
1621 2653 1673 2712 καὶ
1688 2653 1749 2725 ἔθνη
1765 2651 1868 2730 βάρίαρα

1099 2733 1150 2792 ὑπὸ
1165 2743 1226 2811 μιᾶς
1239 2732 1363 2813 ἠρδεύετο
1372 2733 1500 2813 γλώττης.
1514 2733 1632 2803 Ὅσονή
1647 2733 1728 2813 ρύσις
1745 2741 1795 2795 τοῖς
1807 2733 1866 2807 γένε-

1100 2836 1141 2873 σιν
1157 2812 1325 2884 ἐπλατύνετο,
1349 2818 1505 2885 τοσοῦτονὴ
1527 2812 1612 2891 χάρις
1639 2813 1810 2870 ἀντεπλούτει
1823 2819 1868 2874 ταῖς

1099 2891 1239 2972 γλώτταις.
1253 2891 1288 2951 Ἡ
1318 2893 1365 2969 μὲν
1392 2881 1435 2949 σύν
1455 2897 1501 2959 τοῦ
1522 2891 1612 2968 πυρὸς
1632 2890 1714 2969 φύσις
1728 2891 1867 2969 μεριζομένη

1100 2971 1307 3041 πολυπλασιάζει
1321 2971 1369 3044 πλν
1383 2969 1527 3053 ἐνέργειαν.
1542 2970 1631 3049 Πηγη
1648 2972 1704 3052 γὰρ
1718 2971 1799 3051 portae
1812 2974 1868 3026 ἐστιν

1099 3055 1114 3109 δ
1127 3054 1238 3120 πλοῦτος
1251 3055 1298 3122 τῆς
1313 3050 1430 3151 γάριτος.
1446 3050 1535 3109 Πάλιν
1550 3054 1568 3121 ἡ
1584 3058 1637 3111 τοῦ
1651 3051 1736 3131 πυρὸς
1752 3050 1821 3129 φύσις
1832 3051 1869 3105 ὠν

1103 3120 1185 3189 ἐἶδεν
1196 3134 1365 3212 ἐφαπτομενη
1379 3134 1534 3209 μειοῦσθαι,
1546 3131 1611 3187 ἀλλ’
1624 3135 1643 3200 ἡ
1656 3131 1798 3207 μετάδοσις
1806 3127 1869 3196 αὔξη·

1101 3232 1154 3277 σις·
1169 3209 1280 3283 οὕτωςὴ
1296 3209 1440 3291 ε’κχεομένη
1462 3211 1704 3279 ’πολυπλασιάζει
1732 3210 1762 3266 τὸ
1778 3213 1869 3287 ῥεῖθρον.

1102 3288 1160 3348 Μία
1180 3289 1227 3367 μὲν
1245 3236 1354 3366 λαμπάς
1374 3288 1481 3367 μυρίους
1505 3291 1686 3347 ἀποτεκοῦσα
1700 3287 1824 3369 πυρσαλς,
1836 3287 1870 3343 καὶ

1101 3368 1203 3435 πάντας
1226 3369 1339 3428 δείκνυσι
1361 3371 1499 3445 κομῶντας
1519 3375 1575 3433 τοῖς
1591 3368 1728 3448 φέγγεσι,
1746 3369 1791 3426 καὶ
1805 3373 1819 3437 ἡ
1835 3369 1870 3423 τῶ

1103 3448 1187 3528 τρωτὸς
1207 3448 1356 3526 λαμπηδὼν
1381 3451 1428 3507 οὐκ
1444 3447 1568 3527 άρίησιν·
1595 3445 1687 3513 οὕτως
1705 3452 1723 3518 ἦ
1741 3447 1815 3526 χάρις
1836 3449 1871 3502 τῶ

1104 3527 1258 3606 Πνεύματος
1275 3530 1319 3608 ἀφ’
1333 3527 1428 3608 ἐτέρων
1444 3530 1479 3594 εἰς
1494 3526 1603 3604 ἑτέρους
1619 3533 1825 3632 μεταροιτῶσα,
1837 3523 1872 3582 καὶ

1451 3605 1457 3626 t
1507 3604 1514 3628 t
1591 3611 1598 3629 ν

1103 3605 1163 3673 τοὺς
1175 3607 1277 3686 ἐτέρους
1291 3610 1403 3713 πληροῖ,
1416 3630 1465 3682 και
1475 3629 1537 3671 τους
1550 3609 1589 3684 σἰρ
1618 3632 1658 3664 ων
1673 3630 1788 3686 πρόεισι.
1805 3607 1872 3685 Πρῶ-

331 3689 367 3746 ab
380 3688 442 3747 aliis
452 3691 479 3748 in
492 3689 560 3747 alios
574 3689 731 3778 procedens,
743 3703 769 3748 et
783 3690 845 3748 illos
861 3692 953 3768 replet,
968 3703 993 3748 et
1006 3711 1051 3748 eos
1068 3699 1088 3746 Ι)
1104 3710 1147 3744 τον
1158 3687 1244 3745 τοίνυν
1265 3687 1307 3746 ἐπί
1320 3710 1379 3754 τους
1394 3685 1558 3752 ἀποστόλους
1572 3691 1591 3756 ἡ
1607 3686 1827 3766 χάριςέλθοῦσα,
1838 3681 1874 3740 καὶ

331 3790 347 3826 a
369 3768 468 3845 quibus
490 3768 677 3848 proficiscitur.
694 3770 791 3828 Gratia
814 3771 898 3849 igitur
920 3769 1009 3850 primo
1022 3769 1051 3828 iu

331 3849 466 3927 apostolos
480 3847 564 3918 venit,
580 3862 605 3906 et
620 3848 670 3907 bos
683 3849 761 3927 quasi
782 3870 870 3908 arcem
885 3849 1006 3929 capiens,
1021 3870 1052 3907 ac

332 3947 434 4007 percos
445 3927 472 3984 in
485 3926 576 3985 fideles
586 3927 736 4004 extrudens,
745 3922 833 3988 omnia
848 3929 949 4008 replet3
962 3928 1054 4018 gratiae

332 4026 448 4083 namque
460 4006 558 4064 fluenta
573 4028 632 4070 ,non
652 4006 855 4067 contrahuntur.
870 4008 945 4087 lgnis
967 4007 1052 4086 igitur

332 4085 425 4164 lingua
440 4085 583 4152 involavit,
599 4087 691 4164 quivis
701 4086 852 4168 discipulos
868 4087 984 4146 millium
995 4087 1051 4146 lin·

331 4185 448 4243 guarum
472 4167 671 4246 receptaculum
695 4181 765 4240 erat,
787 4188 818 4226 ac
843 4181 986 4246 praesentes
1010 4166 1052 4225 illi

331 4245 548 4322 alloquebantur,
573 4245 609 4305 ad
632 4249 778 4305 certamina
802 4245 1002 4326 predicationis
1025 4267 1052 4305 se

332 4325 566 4395 conferentesQui
579 4326 710 4385 miraculo
724 4339 865 4406 presentes
878 4339 964 4401 erant,
979 4324 1052 4384 thea-

331 4416 404 4463 trum
416 4404 611 4464 constituebant
621 4429 627 4461 :
637 4405 729 4464 aderat
742 4420 768 4464 et
783 4404 929 4464 multitudo
944 4404 1051 4464 audito·

332 4505 394 4541 rum
417 4504 512 4561 genere
533 4483 755 4565 discrepantium,
776 4507 824 4544 nec
845 4484 935 4543 deerat
955 4485 1051 4563 lingna

331 4563 487 4643 apostolica,
498 4585 557 4641 quae
569 4565 687 4644 propriis
705 4565 803 4643 cuique
817 4564 907 4624 verbis
922 4564 1051 4646 praedica-

332 4656 383 4701 ret.
400 4644 470 4701 Nara
484 4642 561 4720 quasi
582 4644 608 4703 in
629 4645 745 4703 tinctura
765 4645 884 4723 quadam
903 4643 974 4723 ignis
988 4665 1051 4702 con-

333 4735 406 4781 tactu
421 4744 513 4782 vocem
534 4725 704 4804 accipientes,
719 4724 898 4802 cognitionem
917 4746 970 4782 non
986 4737 1052 4781 tem-

331 4822 399 4882 pore
408 4816 513 4882 partam
525 4805 701 4884 accipiebant,
714 4804 782 4864 fides
792 4803 949 4870 docebatur,
966 4802 1052 4883 gratia

332 4880 506 4940 admirationi
529 4898 595 4958 erat,
614 4887 687 4942 Deus
701 4884 927 4962 cognoscebatur;
941 4884 987 4943 sed
1001 4886 1052 4944 Ju-

330 4958 406 5020 daeus
431 4961 546 5034 ridebat,
571 4977 597 5022 et
621 4963 782 5022 miraculum
816 4964 970 5023 ebrietatem
994 4983 1052 5022 esse

330 5040 665 5122 criminabatur,etgratiae
674 5043 970 5125 mysteriumvininovi
980 5063 1053 5128 opos
1068 5053 1088 5103 t:

360 5218 367 5240 ¹
386 5216 408 5262 l's
428 5215 643 5284 οἶδενέριπτιψίιη.

1104 3766 1210 3833 τούτους
1221 3765 1311 3845 ὥσπερ
1324 3765 1466 3844 ἀκρόπολιν
1476 3764 1689 3839 καταλαύοῦσα,
1702 3766 1748 3824 καὶ
1760 3766 1792 3822 δι’
1803 3765 1873 3820 αὐτων

1104 3843 1164 3912 τούς
1174 3846 1344 3913 πιστεύοντας
1355 3841 1566 3920 ἐπικυμαίνυυσα
1575 3843 1673 3902 πάντα
1681 3847 1794 3943 πληροῖ,
1802 3839 1874 3900 asiel

1104 3927 1151 3993 τῆς
1170 3925 1278 4006 χάριτος
1302 3926 1331 3983 οὗ
1355 3925 1525 3984 συστέλλεται
1541 3928 1648 4003 ῥεῖθρα.
1665 3924 1700 3983 Ἡ
1719 3949 1767 4002 μεν
1781 3914 1820 3982 οἶν
1839 3924 1873 3976 τῶ

1104 4004 1185 4083 πυρδς
1199 4003 1329 4085 ἐρίπτατο
1343 4007 1466 4083 γλῶσσα,
1481 4005 1616 4081 γλωσσῶν
1634 4003 1664 4062 δὲ
1686 3995 1720 4076 ἦν
1736 4003 1830 4084 μυρίων
1842 4001 1875 4057 διν

1103 4092 1175 4162 χεῑσν
1193 4082 1314 4162 μαθητὴς
1327 4083 1449 4156 ἕκαστος,
1462 4083 1509 4141 καί
1523 4079 1585 4148 τούς
1601 4083 1744 4159 παρόντας
1759 4079 1875 4160 ἄπερθέγ·

1104 4183 1196 4240 γοντο,
1220 4168 1273 4223 τῶν
1297 4164 1489 4221 διδασκαλικῶν
1514 4159 1632 4238 ἀγώνιον
1660 4162 1814 4238 ἁπτόμενοι.
1834 4155 1876 4218 {td

1106 4241 1212 4322 θέατρον
1233 4234 1300 4314 ἦσαν
1315 4247 1340 4301 οἱ
1351 4241 1479 4320 παρόντες
1493 4245 1541 4299 τοῦ
1564 4239 1721 4318 θαύματος·
1738 4240 1783 4299 καὶ
1796 4242 1876 4308 πλῆθος

1105 4323 1242 4400 ἀκροατῶν
1257 4324 1295 4401 τῷ
1309 4320 1379 4400 γένει
1392 4318 1574 4399 μεριζόμενον,
1590 4324 1643 4378 οὐκ
1660 4320 1760 4402 ἠπόρει
1772 4319 1876 4399 γλώττης

1105 4401 1281 4472 ἀποστολικῆς
1322 4399 1460 4470 πειθούσης
1498 4399 1643 4478 συγγενέσι
1680 4410 1738 4466 τοῖς
1769 4398 1876 4480 ῥήμασιν.

1105 4478 1213 4561 Ὥσπερ
1222 4480 1274 4560 γάρ
1289 4505 1340 4539 τινι
1354 4483 1425 4558 βαρῇ
1436 4483 1469 4558 τῇ
1482 4484 1530 4536 τοῦ
1541 4479 1629 4557 πυρὸς
1642 4480 1735 4559 ἐπαρῇ
1747 4481 1795 4551 τὴν
1804 4475 1877 4556 parit

1107 4560 1274 4640 ἐκδεχόμενοι
1284 4606 1292 4633 ,
1304 4560 1414 4639 ἄχρονον
1424 4557 1473 4629 τὴν
1483 4561 1585 4635 γνῶσιν
1598 4559 1767 4635 έλοίμύανον,
1785 4557 1827 4616 καί
1840 4553 1876 4612 τί·

1107 4663 1163 4706 στις
1186 4639 1351 4708 ἐδιδάσκετο,
1376 4637 1421 4697 καί
1446 4637 1527 4717 χάρις
1553 4638 1742 4715 ἐθαυμάζετο,
1766 4635 1877 4696 καδθεδς

1106 4719 1274 4799 ἐγνωρίζετο·
1289 4720 1346 4777 ἀλλ’
1360 4716 1486 4782 Ἰουδαῖος
1496 4715 1647 4794 ἐχλεύαζε,
1658 4717 1705 4776 καὶ
1719 4718 1800 4794 μέθην
1810 4738 1877 4783 aava·

1105 4797 1178 4894 γόρει
1192 4806 1238 4857 τοῦ
1252 4796 1400 4876 θαύματος,
1411 4796 1457 4853 καί
1471 4795 1601 4872 γλεύκους
1611 4796 1691 4879 ἔργον
1703 4799 1792 4857 exuta
1804 4796 1877 4861 τὸτῆς

1105 4899 1215 4958 χαριτος
1227 4877 1379 4955 μυστήριον.
1395 4873 1527 4941 Γλεύκους
1541 4874 1612 4977 γδρ,
1628 4876 1711 4956 φησί,
1725 4869 1875 4954 μεμεετυμὲ·

1105 4979 1147 5015 νσι
1161 4957 1237 5016 εἰσίν.
1250 4953 1287 5016 Ὦ
1299 4960 1346 5026 τῆς
1361 4954 1504 5034 συντρύρου
1516 4958 1570 5014 τῶν
1597 4957 1730 5015 loedoriam
1741 4949 1875 5035 άγνυιμωᾶ·

1106 5059 1162 5109 νης.
1176 5035 1278 5099 Ἐννύει
1291 5036 1335 5096 τδν
1350 5035 1452 5116 καιρδν,
1465 5023 1488 5093 ῶ
1502 5033 1641 5112 Ἰουδαῐο,
1654 5037 1704 5097 καί
1714 5035 1763 5110 τὴν
1772 5036 1873 5116 γλῶσσαθ

1162 5222 1171 5244 ¹
1187 5217 1216 5264 ίσ.
1227 5214 1296 5264 λιίπιι
1307 5216 1381 5279 χάρις.
