3810 6000
371 532 501 595 conviciis
524 529 602 611 quasi
625 530 660 591 de
686 528 825 612 praeconiis
853 528 941 620 gestit,
968 527 1085 589 vinculis

371 635 421 751 ppo
435 614 587 684 servatore,
603 609 679 688 quasi
693 607 798 669 oomnis
811 608 891 687 regiis
908 608 1083 670 exhilaratur.

1077 400 1207 454 stuntt.

1138 513 1274 609 crapulitate
1287 527 1438 608 δόρύνετοιι.
1448 515 1537 597 Οὗτος
1547 531 1562 589 ὁ
1572 525 1682 611 κρατήρ
1692 526 1752 595 τοὺς
1765 524 1900 598 mira:

1138 609 1262 685 ίμέθυσε·
1277 613 1356 667 τοῦτο
1379 607 1411 666 τὸ
1434 608 1567 686 ποτήριον
1595 613 1622 668 σί
1641 613 1691 666 τοῦ
1711 609 1831 687 Σωτῆρος
1845 610 1899 668 tm

400 694 425 751 ic
449 707 535 751 crater
558 691 691 770 apostolos
712 688 875 762 inebriavit;
893 687 943 746 boc
957 689 1085 768 poculum
1101 696 1121 744 θ
1139 688 1273 765 μαθηταί,
1287 687 1332 746 uel
1349 690 1398 758 τήν
1410 685 1561 761 καλλίστην
1576 687 1767 765 ἐμεθύσθησαν
1779 689 1900 764 μίθην,ια“ι

372 772 520 832 Salvatoris
541 769 669 850 discipuli
689 768 840 839 ebiberunt,
857 780 883 825 et
902 765 1086 848 pulcherrima

372 852 500 910 ebrietate
510 849 582 928 capti
590 863 662 922 sunt,
672 870 703 907 ac
713 870 786 907 sacra
798 868 888 906 mensa
897 847 983 906 satiati
993 847 1087 905 dicunt

374 951 436 990 cum
448 929 527 988 beato
536 928 643 987 Davide
657 953 663 985 :
680 931 801 986 Parasti
814 931 845 984 in
856 939 1009 1005 conspeetu
1023 947 1086 984 meo

271 1004 277 1018 ⁸
339 1077 340 1081 ς
373 1031 504 1070 mensam
518 1011 657 1068 adversus
671 1029 718 1066 eos
732 1010 783 1088 qui
796 1005 942 1064 tribulant
957 1027 1019 1063 me:
1034 1009 1087 1063 im·

369 1093 521 1170 pinguasti
532 1092 563 1147 in
578 1089 640 1146 oleo
659 1100 746 1167 eaput
760 1107 865 1156 meum,
883 1098 911 1143 et
924 1086 1005 1144 calix
1020 1097 1088 1144 tuus

371 1173 522 1227 inebrians
534 1169 792 1248 quampraeclarus
807 1178 850 1224 est
861 1189 870 1222 ι
889 1177 918 1222 et
930 1168 1089 1223 misericor

371 1249 423 1306 dia
433 1261 486 1307 tua
499 1250 689 1326 subsequetur
701 1267 747 1304 me
760 1247 892 1303 omnibus
902 1245 1003 1302 diebus
1016 1247 1088 1301 viter

372 1349 453 1386 meur.
465 1327 519 1398 Qui
534 1326 605 1384 enim
616 1347 650 1383 ex
663 1325 716 1384 hoc
729 1325 812 1383 calice
825 1323 906 1392 bibit,
918 1323 966 1381 etsi
981 1322 1089 1381 sobrius

371 1406 400 1465 iu
415 1407 531 1480 Christo,
548 1404 648 1464 insanis
668 1404 758 1462 ebrius
771 1422 828 1462 esse
847 1401 966 1476 videtur,
978 1422 1041 1460 eum
1056 1423 1086 1460 ea

370 1507 431 1563 quae
440 1484 588 1546 Salvatoris
599 1498 661 1543 sunt
672 1483 768 1565 sapiat.
783 1482 863 1542 Hunc
872 1494 1001 1541 craterem
1010 1480 1088 1540 uobis

369 1565 505 1624 Dominus
529 1564 653 1624 Christus
678 1585 712 1624 ex
742 1562 872 1641 sanguine
894 1582 944 1620 suo
963 1559 1086 1637 miscuit,

369 1645 523 1723 multosque
547 1643 625 1702 nohis
645 1642 772 1702 convivas
790 1640 943 1712 advocavit,
960 1639 1088 1698 innume-

1139 770 1186 837 τῆς
1200 765 1276 847 όιγίας
1289 766 1421 847 τραπέζης
1441 768 1655 847 ἐνεφορήθησαν,
1670 768 1720 826 zat
1733 767 1833 845 λέγουσι
1851 769 1901 844 quel

1138 853 1185 906 τοῦ
1193 845 1327 926 μακαρίου
1339 847 1440 905 baula*-
1451 846 1629 924 Ὶίτοίμασας
1641 845 1757 906 ἐνώπιόν
1773 849 1901 928 purple-.-

1139 929 1197 996 ζαν,
1208 926 1234 993 ἐξ
1248 926 1365 991 ἐναντίας
1376 930 1429 984 τῶν
1440 925 1592 986 θλιθόντων
1606 949 1656 1006 με·
1669 926 1799 993 ἐλίπανας
1808 930 1831 985 ἒν
1840 927 1902 985 etsta

1140 1004 1189 1076 τήν
1206 1004 1323 1085 κεφαλήν
1346 1029 1413 1082 μου,
1428 1006 1474 1064 καί
1487 1007 1519 1065 ab
1533 1005 1670 1085 ποτήριόν
1687 1028 1735 1065 σου
1753 989 1902 1084 pettam}

1140 1085 1204 1144 ὡσεὶ
1220 1085 1371 1166 κράτιστον,
1386 1085 1432 1143 καὶ
1445 1086 1477 1144 τδ
1491 1084 1567 1153 ἔλεός
1582 1109 1633 1144 σου
1650 1085 1811 1154 καταδιώξει
1823 1110 1850 1164 με
1862 1087 1902 1144 τό

1141 1185 1188 1232 σας
1204 1164 1253 1231 rb<
1263 1162 1364 1243 ἡμέρας
1377 1169 1425 1236 τῆς
1438 1168 1509 1235 ζωῆς
1524 1188 1590 1243 μου.
1602 1165 1641 1225 ‘0
1655 1164 1712 1247 γδρ
1732 1169 1762 1224 ἐκ
1779 1165 1858 1225 τούτου
1869 1173 1903 1223 τοῦ

1140 1242 1267 1322 ποτηρίου
1281 1243 1365 1302 πίνων
1374 1242 1451 1323 νήρει
1464 1243 1551 1321 μὲνέν
1565 1246 1704 1324 Χριστῷ,
1721 1245 1821 1321 μεθύειν
1832 1245 1854 1304 δὲ
1863 1252 1904 1311 τοὶς

1141 1322 1260 1392 ἀνοήτοις
1270 1323 1356 1396 δοκεῖ,
1371 1323 1405 1381 τίι
1423 1330 1471 1393 τοῦ
1485 1325 1621 1402 Σωτῆρος
1642 1328 1761 1403 φρονῶν.
1772 1326 1860 1384 To'sru
1870 1326 1904 1382 ul

1139 1405 1204 1477 ἡμῖν
1217 1406 1232 1460 ό
1241 1401 1377 1472 Δεσπότης
1390 1402 1504 1482 Χριστός
1515 1402 1543 1471 ἐξ
1556 1402 1680 1481 αἵματος
1692 1403 1802 1485 ἐκέρασε
1811 1405 1848 1462 τὸν
1857 1428 1904 1483 ιρι·

1139 1485 1225 1558 τῆρα,
1239 1479 1284 1540 καὶ
1297 1479 1410 1547 πολλοὺς
1428 1486 1493 1558 ἡμῖν
1506 1481 1680 1542 συνεκάλεσε
1697 1483 1860 1561 δαιτυμόνας,
1871 1484 1903 1541 ια’

1140 1563 1192 1629 τῶν
1202 1563 1377 1638 εὐαγγελικῶν
1389 1559 1487 1640 ἰχθύων
1499 1561 1633 1642 ἀπείρως
1640 1563 1818 1636 συνεκάλεσε,
1827 1563 1864 1621 καί
1875 1597 1891 1620 ι

1141 1637 1244 1717 Πέτρου
1260 1639 1308 1711 τήν
1319 1640 1435 1717 σαγήνην
1450 1640 1616 1722 ἐπλήρωσε,
1630 1641 1683 1700 καί
1696 1642 1731 1716 γ’
1778 1666 1803 1701 εν
1815 1646 1889 1722 αὐτῷ.

370 1744 468 1802 rosque
481 1723 648 1801 evangelicos
665 1722 749 1802 pisces
762 1720 946 1800 congregavit,
960 1739 995 1776 ae
1015 1718 1087 1777 Petri
1104 1737 1126 1787 ι
1140 1723 1189 1790 τῆς
1199 1718 1308 1799 θεωρίας
1318 1721 1348 1777 ἐκ
1361 1718 1520 1797 παραδόξου,
1535 1720 1587 1779 καὶ
1598 1720 1652 1794 τήν
1665 1722 1729 1780 bles
1741 1747 1772 1780 αν
1781 1724 1903 1802 αθεξιλεμ-

368 1822 495 1881 sagenam
508 1802 631 1882 implevit
645 1824 655 1892 γ
671 1801 776 1877 fuitque
788 1799 969 1879 spectaculum
986 1818 1089 1859 novum

369 1894 396 1940 et
412 1881 609 1949 inauditorum
624 1894 757 1960 piscatum
768 1881 818 1958 ipsi
832 1877 1006 1936 celebriorem
1021 1890 1089 1936 tem·

368 1974 457 2041 pestas
467 1960 586 2019 reddidit
595 1984 602 2016 τ
610 1980 677 2037 quos
687 1958 758 2018 enim
770 1955 958 2039 persuadendo
971 1955 1088 2036 piscatus

369 2059 422 2099 uon
436 2042 532 2115 suerat,
551 2039 705 2120 perterritos
727 2039 796 2118 cepit
814 2037 902 2111 vivos,
921 2036 1030 2127 fulgure
1052 2034 1088 2094 ad

369 2118 502 2199 piscatum
523 2119 659 2199 suppetias
677 2119 784 2176 serente.
810 2119 848 2175 At
867 2136 945 2174 nemo
966 2115 995 2173 id
1016 2135 1089 2173 novo

370 2199 447 2277 gregi
460 2199 488 2258 in
504 2197 694 2257 coutumeliam
709 2209 809 2270 vertat,
825 2194 899 2274 quod
910 2197 1023 2274 juvante
1035 2195 1087 2252 sul-

369 2298 474 2357 gureca
495 2277 578 2336 tisint
591 2277 673 2335 :solet
686 2296 802 2354 namque
813 2273 936 2334 Christus
946 2273 1088 2333 calcitran-

368 2369 410 2415 tes
424 2297 514 2494 pmlrs
529 2377 578 2436 per
591 2355 682 2434 fulgur
694 2357 807 2413 frenare.
827 2357 865 2412 ilc
878 2353 1000 2431 quisquis
1016 2351 1088 2412 beati

368 2438 426 2496 Pau
441 2436 447 2447 ”
461 2436 627 2495 vocatiouem
639 2434 725 2507 novit,
741 2455 804 2492 cum
816 2433 902 2492 Paulo
914 2445 1027 2491 uocatus
1040 2452 1089 2491 ex·

369 2515 463 2588 sultat,
474 2529 499 2574 et
514 2514 664 2573 Dominum
671 2513 810 2571 Christum
822 2534 869 2592 per
878 2511 972 2590 fulgur
982 2511 1089 2591 conspi-

370 2595 453 2670 ciens,
468 2593 570 2653 Christi
582 2592 735 2672 discipulus
750 2592 875 2651 efficitur.
894 2590 950 2674 lpsi
964 2591 1050 2672 gloria
1062 2590 1089 2650 in

370 2675 469 2733 saecula
477 2672 647 2732 seculorum.
661 2675 755 2732 Amen.

1140 1798 1271 1878 προτίραν
1288 1798 1410 1870 ἐποίησεν
1424 1803 1438 1857 ὁ
1451 1798 1577 1878 χειμών·
1594 1802 1644 1860 ιιαί
1668 1801 1717 1868 οθς
1743 1805 1790 1861 οἶοι
1808 1803 1905 1881 ἐθήρα,

1140 1876 1248 1975 πείθων,
1273 1875 1380 1946 τούτους
1458 1879 1576 1949 ηθέντας
1605 1879 1776 1961 ἐζώγρησεν,
1796 1885 1896 1960 tmperi

1141 1959 1212 2038 αιίτῳ
1223 1957 1288 2037 πρὸς
1301 1959 1350 2028 τήν
1361 1958 1444 2039 ἄγραν
1458 1959 1743 2037 συλλαμθανομένης.
1754 1960 1827 2019 'Am
1836 1960 1905 2038 μηδέ

1140 2033 1216 2133 ὕδριν
1227 2042 1305 2095 τοῦτο
1321 2039 1370 2106 τῆς
1382 2037 1442 2102 νέας
1453 2038 1556 2115 σἰγέλης
1570 2038 1745 2116 δνομαζότω,
1755 2043 1778 2099 εἰ
1790 2041 1821 2097 δι’
1829 2044 1895 2119 ἄστρα

1140 2137 1192 2186 πης
1204 2115 1382 2253 ἕθηρόθηδσριν·
1398 2115 1540 2215 εἴωθεγθρ
1555 2122 1571 2175 ό
1587 2119 1713 2219 Χριστὸς
1726 2120 1786 2186 τὼς
1798 2120 1886 2219 λαιιξίξο

1140 2190 1899 2355 ,rubet

1141 2352 1249 2449 Παύλου
1259 2353 1375 2427 κληθείς,
1386 2351 1432 2412 καί
1442 2354 1488 2412 τὸν
1498 2354 1649 2427 Δεσπότην
1660 2357 1780 2438 Χριστὸν
1790 2360 1820 2416 δι’
1830 2363 1896 2435 ἄστρα

1141 2453 1194 2502 πης
1206 2431 1286 2492 θεασᾶ
1321 2455 1379 2529 noe,
1394 2432 1494 2531 γίνεται
1514 2435 1654 2538 Χριστοῦ,
1668 2438 1800 2512 μαθητής.
1819 2440 1882 2514 Αὐτῷ

1142 2510 1203 2580 δόξα
1213 2514 1252 2578 είς
1262 2535 1321 2579 τους
1331 2515 1426 2580 αίωνας
1442 2533 1494 2571 των
1506 2537 1627 2574 αιωνων.
1649 2516 1743 2592 Αμήν.

375 2845 1902 2884 M

432 3014 485 3073 IN
496 3010 705 3075 SANCTAM
718 3008 1029 3072 PENTECOSTEN·

649 3197 748 3256 Sermo
757 3198 816 3253 111.

414 3389 483 3460 Qua
501 3384 608 3465 linguas
624 3381 705 3443 hodie
722 3381 869 3443 distribuit
915 3394 980 3452 atra,
992 3379 1092 3471 linqua

373 3467 463 3548 inopia
478 3487 530 3524 non
546 3487 589 3525 me
602 3463 666 3523 sinit
680 3464 783 3538 timere,
792 3484 851 3542 quae
866 3461 874 3520 i
899 3462 1006 3520 iteratos
1017 3480 1091 3520 vrros

373 3547 468 3606 mundi
494 3546 636 3624 magistros
661 3543 787 3614 instituit,
811 3563 871 3619 quae
895 3541 1039 3621 piscatores
1062 3539 1091 3598 iu

371 3627 493 3685 rhetoras
503 3626 648 3705 cooptavit,
664 3622 814 3704 pudefactis
821 3644 873 3711 per
882 3620 1090 3702 extemporalem

372 3705 448 3767 illam
460 3705 619 3795 sapientiam
632 3703 714 3783 hujus
734 3699 828 3760 mundi
843 3700 1017 3781 sapientibus.
1028 3702 1090 3774 Quo

372 3786 445 3842 enim
463 3785 516 3841 alio
542 3783 623 3841 modo
649 3782 790 3840 hominnm
814 3801 907 3859 greges
928 3779 1090 3839 idololatriae

372 3864 466 3921 morbo
477 3863 627 3921 laborantes
635 3862 668 3920 ad
679 3862 803 3941 pietatem
812 3861 1006 3918 accurrerunt?
1018 3858 1089 3917 unde

371 3943 465 3999 multis
478 3941 596 4000 dominis
610 3941 756 3999 obnoxiam
765 3939 919 3998 daemonnm
933 3939 1089 3999 servitutem

371 4020 581 4079 dedidicerunt?
594 4020 728 4079 undenam
749 4019 850 4077 lactum
870 4033 956 4078 estut
974 4019 1089 4098 exiguus

371 4099 568 4181 discipulorum
594 4122 720 4159 numerus
741 4097 883 4157 hominurn
909 4098 1090 4177 simulatque

370 4178 524 4239 doemonum
532 4181 628 4239 turmis
639 4181 795 4250 obsisteret,
805 4176 856 4235 nisi
866 4177 1017 4238 divinitatis
1028 4178 1090 4256 igne

371 4273 490 4318 armatus
503 4259 619 4319 fuisset?
634 4260 721 4319 Hodie
735 4258 819 4315 lentes
837 4257 906 4335 ignei
921 4259 1013 4335 gratiae
1027 4278 1089 4315 sca-

1098 2999 1136 3044 7⁹⁴

1139 3094 1143 3099 .
1219 3011 1283 3072 uu
1302 3012 1381 3073 run
1401 3013 1517 3076 arran
1540 3015 1845 3100 neustriorum.

1461 3199 1549 3281 Λόγος
1564 3202 1602 3282 γ’.

1185 3385 1242 3451 Τὰς
1255 3385 1377 3462 γλώσσας
1391 3385 1506 3465 σήμερον
1517 3385 1689 3462 διανείμασα
1703 3388 1796 3470 γᾶρις,
1807 3389 1863 3458 αὕτη
1872 3392 1904 3445 ab

1144 3463 1176 3544 ἰᾷ
1201 3488 1234 3540 με
1260 3465 1401 3524 δεδοικέναι
1427 3469 1461 3535 τῆ
1488 3469 1538 3536 τῆς
1566 3466 1698 3542 γλώττης
1715 3458 1814 3540 πενία,
1832 3474 1846 3538 ί,
1863 3467 1895 3524 :si

1144 3542 1333 3623 ἀγραμμάτους
1355 3547 1393 3625 τῷ
1419 3531 1513 3626 κόσμῳ
1533 3547 1686 3614 παιδευτὰς
1713 3533 1881 3618 ἐπιατήσαστ,

1143 3624 1203 3688 τοὺς
1219 3622 1308 3691 ἁλιέας
1326 3624 1537 3704 χειροτονήσασα
1555 3625 1693 3705 ῥήτορας,
1709 3627 1884 3705 αὐτοσχεδίῳ,

1142 3702 1190 3782 ρίρ
1200 3701 1258 3769 τοὺς
1270 3710 1315 3763 τοῦ
1325 3704 1423 3781 κόσμου
1436 3703 1529 3783 copule
1542 3708 1767 3786 καταισχύνασα.
1779 3697 1854 3766 Πόθεν
1870 3707 1896 3780 γὲ

1143 3782 1249 3841 ἄλλοθεν
1266 3787 1292 3843 αἱ
1310 3786 1361 3842 τῶν
1377 3783 1522 3862 ἀνθρώπων
1547 3783 1649 3864 ἀγέλαι
1660 3776 1711 3856 1τίἷ
1729 3785 1905 3863 εἷδωλολττρεί

1143 3869 1264 3921 νοσοῦσαι
1278 3863 1342 3944 πρδς
1354 3862 1402 3933 τήν
1417 3862 1553 3922 εύσίόειαν
1568 3852 1709 3943 ἔδραμονς
1724 3866 1805 3925 πόθεν
1817 3867 1857 3936 τήν
1872 3904 1883 3920 .
1900 3849 1903 3861 ⁸

1142 3941 1301 4001 λυδέσποτον
1313 3947 1366 4000 τῶν
1383 3941 1514 4020 δαιμόνων
1529 3942 1657 4013 δουλείαν
1671 3945 1837 4023 μετέμαθοιτ
1854 3946 1896 3998 .’.

1143 4019 1245 4102 βραχύς
1260 4026 1385 4100 μαθητῶν
1398 4021 1508 4102 ἀριθμὸς
1523 4021 1683 4101 ἀνθρώπων
1695 4029 1764 4102 ὁμοῦ
1778 4026 1821 4083 mi
1833 4023 1896 4100 ὄμμ’

1142 4122 1193 4158 νων
1209 4099 1406 4178 ἀντηγοινίσατο
1441 4100 1561 4180 ἄλαγξιν,
1581 4106 1606 4160 εἰ
1629 4104 1726 4185 μήτῷ
1748 4105 1885 4175 τῆςθεότη.

1142 4178 1204 4259 πυρί
1221 4179 1392 4252 καθωπλίαθη
1405 4126 1554 4260 ςδὶήμερον
1575 4184 1604 4240 αἱ
1621 4184 1669 4243 διὰ
1690 4190 1739 4242 τοῦ
1753 4186 1831 4265 πυρὸς
1841 4180 1904 4261 rep*

1142 4262 1190 4328 τῆς
1213 4260 1320 4338 χοίριτυς
1340 4258 1491 4328 ἐξέθλυσαν,
1513 4259 1560 4317 καί
1585 4262 1658 4342 ephiri
1680 4265 1898 4344 διατρὲροιισατί

372 4339 517 4408 turierunt,
538 4354 563 4397 et
583 4339 692 4398 flamma
708 4338 862 4395 discurrens
884 4358 962 4394 aiiras
972 4336 1089 4416 Spiritus
1106 4358 1125 4405 B
1144 4337 1236 4418 αὔραις
1248 4339 1344 4418 ’ύρείη
1357 4344 1403 4396 τοῦ
1418 4339 1583 4414 Πνεύματος.
1597 4342 1744 4415 Ταότηνό
1759 4344 1864 4422 Χριστὸς
1876 4341 1895 4408 .“,

374 4417 507 4496 pervadit.
526 4418 600 4477 llanc
614 4419 737 4477 Christus
750 4416 864 4495 gratiam
880 4413 1021 4496 discipulis
1040 4414 1090 4474 an-

375 4497 511 4571 nuntians,
524 4495 648 4555 dicebat:
663 4500 730 4556 Non
741 4497 907 4576 relinquam
918 4516 974 4554 vos
985 4497 1091 4574 orpha·

375 4577 538 4634 nosealium
552 4577 629 4637 vobis
640 4576 807 4634 Paracletum
819 4574 907 4633 mittet
920 4577 1014 4633 Pater:
1029 4593 1091 4632 nam

374 4655 483 4714 Domini
493 4655 521 4714 iu
530 4655 626 4713 caelum
642 4676 766 4714 ascensus
775 4675 887 4734 sponsor
900 4667 939 4712 est
948 4653 1090 4712 descensus

373 4733 493 4814 Spiritus
514 4736 598 4794 sancti
619 4735 653 4793 de
670 4735 745 4793 caclo.
760 4736 837 4824 Opus
859 4733 930 4791 enim
949 4747 1006 4791 erat
1030 4746 1060 4790 ut
1070 4732 1090 4791 ii

373 4814 421 4889 qui
441 4817 533 4874 lesum
556 4828 719 4895 receperant,
745 4812 878 4893 Spiritum
900 4834 1007 4891 quoque
1027 4833 1090 4870 san·

373 4905 446 4951 ctum
462 4891 648 4953 advenientem
661 4893 821 4974 acciperent,
838 4906 868 4951 ut
880 4892 980 4952 diviuae
994 4891 1087 4970 cogni·

370 4970 452 5032 tionis
465 4972 586 5032 doctrina
598 4973 633 5032 ad
645 4973 829 5053 perfectiorem
845 4993 983 5031 ascensum
993 4992 1086 5030 aecur-

367 5065 448 5110 reret.
478 5055 554 5113 lesus
586 5053 676 5133 itaque
701 5053 818 5114 humana
838 5065 956 5114 assumta
984 5066 1087 5129 natura,

400 5217 461 5272 ἰἀ.
473 5225 553 5293 θρόησε,

1142 4416 1221 4496 χοίριν
1244 4424 1298 4485 τοῖς
1311 4417 1453 4494 ίμαθηταῖς
1475 4419 1718 4500 εὐαγγελιζόμενος
1744 4423 1845 4500 bapti·
1862 4425 1905 4479 oi<

1143 4496 1214 4555 ίάσω
1227 4499 1296 4574 ὑμᾶς
1314 4496 1457 4596 δρρανούς·
1479 4499 1560 4556 ἄλλον
1573 4505 1641 4576 ὑμῖν
1657 4503 1818 4561 droctaldus
1831 4499 1895 4576 llapr'

1144 4577 1264 4647 κλητονδ
1279 4578 1421 4656 Πατηρ·ή
1439 4575 1490 4657 γδιρ
1504 4581 1543 4644 εἰς
1561 4580 1793 4660 οὐρανὸνῙόνοδος
1812 4587 1852 4640 τοῦ
1869 4585 1895 4636 h

1144 4653 1241 4714 σπότου
1254 4654 1303 4725 τήν
1325 4655 1351 4722 ἐξ
1365 4659 1474 4734 ούρανοῦ
1497 4657 1613 4717 κάθοδον
1629 4664 1761 4739 ἐγγυᾶται
1784 4668 1827 4720 τοῦ
1841 4656 1896 4718 llrs'

1144 4755 1235 4810 ματος.
1251 4732 1325 4793 Ἔδει
1348 4733 1399 4813 γδιρ
1421 4732 1482 4800 τοδς
1506 4736 1554 4794 τδν
1581 4737 1692 4811 Ἰησοῦν
1720 4740 1890 4816 ἀποδεξαμένο

1142 4812 1317 4881 ὑποδέξασθαι
1327 4814 1371 4871 καὶ
1382 4813 1430 4884 τήν
1440 4819 1486 4872 τοῦ
1498 4816 1663 4887 Πνεύιιατος
1673 4819 1772 4899 ἄφιξιν,
1785 4823 1824 4879 ἴνα
1835 4820 1902 4917 δρόμη

1142 4892 1206 4974 πρδς
1231 4892 1365 4952 ἔντελεστέ
1439 4893 1531 4954 ἄνοδον
1555 4870 1590 4956 cl
1607 4902 1659 4968 τῆς
1679 4896 1901 4978 θεογνωσίαςσιδό·

1141 4995 1241 5049 γματα.
1257 4970 1292 5032 Ὁ
1313 4971 1360 5049 μὲν
1381 4995 1426 5029 ουν
1443 4971 1546 5045 Ἰησοῦς
1573 4979 1751 5060 ἀνθρωπίνην
1778 4979 1824 5051 τήν
1844 4976 1900 5055 φύσιν

1141 5050 1240 5124 λαθὼν,
1258 5050 1303 5110 καί
1325 5056 1437 5128 συγγενῆ
1457 5061 1511 5120 τοῖς
1527 5057 1683 5135 ἀνθρώποις
1703 5059 1899 5139 περιὸαλλύμεϊό
