3764 5992
282 411 329 504 54
592 432 622 481 s.
649 431 790 482 solutus
816 431 999 481 onnrsosr.
1030 429 1188 481 arcemn.
1216 433 1487 484 eousraumuor.

279 555 564 636 mittere3indubitata
585 556 727 637 igiturest
748 557 895 638 equalitas.
907 558 1001 636 Neque
1054 556 1169 631 θτόοης.
1192 560 1245 619 Καί
1273 559 1327 621 ίδοό
1347 584 1416 628 τινες
1440 563 1493 620 τῶν
1508 560 1689 644 γραμματέων
1712 552 1827 622 olmeto

278 673 343 714 vero
357 651 402 712 isti
413 651 501 711 solum
509 650 562 709 lroc
571 649 676 723 dicunt,
691 649 737 710 sed
751 664 776 710 et
786 648 999 731 propheta,dum
1016 652 1035 700 B
1053 653 1172 717 ἑαυτοῖς·
1187 644 1273 719 Οότος
1290 654 1451 733 βλασφημεῖ.
1463 656 1521 713 Οὐκ
1536 651 1679 731 ἐξήνεγκαν
1692 652 1723 711 τδ
1737 655 1828 732 ῥῆμα,

126 737 267 802 Μῑιίιιδθ·
277 745 315 804 ita
331 744 470 823 loquitur:
485 744 557 821 Quis
577 744 659 802 Deus
674 747 749 802 sieut
763 741 921 802 turdeinde
932 742 1000 820 quid
1051 739 1255 821 οθπροήνεγκαν
1271 740 1314 801 διδι
1325 740 1461 821 γλώσσης,
1478 743 1579 802 ἄλλ’ἒν
1596 750 1651 809 τοῖς
1666 742 1827 822 ἀπορρήτοις

276 835 313 897 sit
318 836 461 918 proprium
473 835 597 895 indicans
607 825 715 915 adjecit,
728 835 879 914 Auferens
889 838 999 914 iniqui·
1052 836 1099 904 τῆς
1114 832 1229 901 διανοίας
1246 833 1401 914 ἐλογίζοντο.
1416 833 1453 893 Τί
1466 825 1509 894 οὖν
1520 837 1535 893 θ
1547 832 1683 914 Χριστόςς
1696 831 1825 913 Ἤνεγκεν

281 940 367 1001 tates,
379 941 408 989 et
418 929 628 988 trertseendens
638 932 812 1008 impietates.
824 927 854 988 Si
864 926 928 1006 quis
934 947 998 1007 ergo
1053 927 1090 993 εἰς
1102 925 1134 985 τ“ο
1147 924 1226 1003 μέσον
1240 926 1275 985 τὰ
1294 927 1433 1008 ἀπόρρητα
1456 924 1563 986 ἐκείνων
1586 925 1756 1006 βουλεύματα
1776 924 1827 1004 πρδ

276 1020 346 1081 alius
357 1034 492 1102 appareat,
506 1020 554 1099 qui
570 1021 621 1080 hoc
635 1020 727 1102 ipsum
735 1019 773 1080 ita
784 1032 902 1101 prestet,
916 1020 1000 1080 etiam
1051 1020 1099 1088 τῆς
1114 1017 1271 1088 ἀποδείξεως
1284 1024 1331 1091 τῆς
1344 1019 1414 1080 κατὰ
1427 1019 1475 1092 τὴν
1488 1018 1558 1081 ίαοιν
1576 1026 1623 1080 τοῦ
1637 1018 1764 1097 σώματος
1780 1023 1826 1076 τῶ

154 1128 160 1145 ’
277 1115 351 1173 Deus
360 1127 444 1190 est,et
459 1115 532 1172 Deus
541 1111 771 1192 quemadmodum
785 1111 840 1171 ille.
852 1111 908 1174 Sed
921 1112 998 1174 vide·
1051 1112 1244 1191 παραλυτικοῦ,
1268 1111 1424 1190 βουλόμενος
1456 1112 1544 1179 αὐτοῖς
1569 1109 1651 1180 δεῖξαι
1674 1114 1723 1182 τῆς
1749 1113 1827 1169 αὐτοῦ

277 1226 364 1282 amus,
371 1226 426 1284 quo
433 1215 513 1286 pacto
520 1204 755 1286 illosargumentis
762 1204 887 1264 Christus
894 1220 997 1285 urgeat,
1052 1199 1174 1274 θεότητος
1196 1202 1245 1273 clu
1257 1201 1344 1283 ἰοχόν.
1365 1200 1431 1263 Ὀτι
1449 1202 1501 1285 γὰρ
1522 1205 1593 1263 Θεοῦ
1610 1201 1689 1280 μόνον
1714 1200 1773 1262 ἐστὶ
1792 1199 1826 1260 el

277 1318 358 1376 quam
371 1311 510 1358 mansuete
518 1318 549 1358 ae
562 1296 691 1371 modeste,
705 1296 862 1376 summique
873 1318 936 1357 eum
944 1298 998 1357 sol·
1052 1292 1192 1372 ἀπόρρητα
1214 1299 1262 1366 τῆς
1283 1293 1399 1362 διανοίας
1419 1293 1502 1362 δεῖξαι
1515 1297 1563 1365 τῆς
1583 1296 1663 1355 αὐτοῦ
1683 1293 1824 1367 θεότητος,

128 1384 267 1449 ’selme-³·
277 1387 428 1449 licitudine.
441 1393 484 1450 Et
493 1410 559 1449 ecee
570 1390 693 1471 quidam
700 1389 737 1447 de
747 1393 851 1449 scribis
859 1390 997 1449 dicebant
1052 1383 1091 1444 Σίν
1111 1383 1252 1446 ἐπίστασαι
1265 1385 1376 1468 καρδίας
1390 1384 1556 1464 μονώτατος,
1576 1385 1667 1468 ρηαίν.
1681 1385 1767 1467 Ὁρᾷς
1785 1385 1827 1446 δτι

277 1483 358 1541 iutra
378 1485 486 1561 seipsos
499 1505 509 1538 .-
521 1484 580 1540 Hie
604 1481 798 1560 blasphemat.
821 1481 998 1561 Nequaquam
1051 1477 1083 1538 τδ
1096 1475 1184 1546 Μόνος
1197 1478 1278 1538 πόλιν
1293 1482 1322 1538 αθ
1334 1477 1399 1560 τρδς
1412 1477 1460 1551 τὴν
1479 1478 1681 1551 δντιδιαστολὴν
1700 1485 1748 1538 τοῦ
1760 1479 1825 1537 Υίῶ

275 1571 391 1633 verbum
404 1573 587 1654 protulerunt,
604 1592 660 1630 non
673 1572 881 1653 pronuntiarunt
892 1572 998 1652 lingua,
1025 1583 1027 1586 “
1050 1568 1172 1648 λέγεται,
1187 1572 1222 1631 El
1235 1569 1288 1650 γὰρ
1305 1575 1320 1630 ό
1337 1569 1434 1650 Πατὴρ
1452 1570 1592 1631 ἐπίσταται
1605 1569 1718 1651 καρδίας
1738 1568 1826 1647 μανόν-

277 1663 375 1724 sedin
399 1664 499 1724 mentis
527 1684 627 1724 arcano
648 1663 814 1744 cogitabant.
836 1663 912 1738 Quid
934 1685 999 1745 ergo
1051 1684 1145 1732 τατος,
1163 1662 1323 1730 aarum
1340 1653 1394 1722 οἶδε
1414 1663 1449 1722 τὰ
1471 1663 1611 1745 ἀπόρρητα
1629 1668 1679 1734 τῆς
1692 1661 1826 1735 διανοίαςς

276 1754 422 1816 Christus?
433 1755 547 1816 Illomm
566 1776 679 1815 areanae
694 1756 869 1836 cogitationes
886 1757 999 1838 protulit
1052 1753 1136 1822 Αὐτὸς
1148 1753 1201 1835 γὰρ
1213 1753 1289 1836 ᾔδει,
1313 1753 1392 1834 φησὶ,
1405 1753 1433 1814 τί
1445 1745 1478 1827 ἦν
1492 1757 1520 1813 lu
1533 1758 1572 1836 τῷ
1589 1753 1739 1836 ἀνθρώπῳ·
1753 1754 1826 1814 καλό

276 1847 305 1908 in
319 1848 449 1925 medium,
460 1864 605 1929 antequam
614 1848 648 1907 ad
658 1847 912 1909 demonstrationem
922 1850 998 1911 veni·
1015 1839 1034 1888 (ἶ
1051 1847 1158 1913 Παῦλος
1182 1845 1296 1920 δεικνθς,
1321 1845 1362 1906 ότι
1384 1846 1449 1907 ίδιον
1463 1849 1534 1907 Θεοῦ
1554 1846 1633 1908 τοῦτό
1656 1850 1716 1908 ἐστι
1738 1846 1772 1906 εδ
1790 1844 1826 1905 εδ

278 1954 319 2000 ret
322 1986 333 2014 ,
344 1963 428 2021 quam
441 1963 476 2002 ex
487 1942 607 2023 eorporis
623 1939 771 2022 paralytici
787 1942 924 2002 curatione
935 1964 997 2024 pro·
1052 1938 1190 2019 ἀπόρρητα
1204 1938 1314 2012 εἰδέναι,
1327 1937 1420 2020 ρησίν·
1431 1938 1465 1999 ‘0
1477 1939 1505 2000 δὲ
1516 1943 1627 2020 ἐρευνῶν
1639 1938 1689 2006 τὰς
1699 1938 1826 2019 καρδίας,

275 2032 381 2093 laturus
393 2047 459 2109 erat,
470 2034 544 2113 quod
556 2034 611 2093 illis
624 2054 679 2105 sure
690 2032 843 2093 divinitatis
855 2035 936 2096 vellet
948 2057 998 2116 po-
1052 2028 1167 2105 δεικνθς,
1190 2028 1229 2090 ότι
1255 2036 1288 2110 τῇ
1312 2031 1381 2098 Θεδς
1400 2030 1565 2113 προσηγορία
1585 2030 1633 2104 τὴν
1649 2029 1732 2103 αὐτὴν
1749 2029 1826 2110 ique

276 2127 389 2186 tentiam
409 2127 554 2187 declarare.
569 2129 608 2186 Ut
630 2125 703 2185 enim
725 2140 827 2187 constet
850 2127 934 2186 solius
944 2127 996 2188 Dei
1051 2122 1205 2204 ἔχειτοῦτο.
1222 2120 1392 2205 Ὦσπεργθρ
1412 2122 1457 2183 ἐὰν
1478 2123 1575 2184 atnoe
1599 2123 1719 2206 βρόχων,
1732 2123 1825 2184 οθδόνα

127 2226 250 2289 aucae.
276 2238 333 2278 ease
343 2218 440 2278 mentis
449 2240 544 2278 arcana
561 2220 720 2299 patefacere,
739 2223 782 2279 Tu
787 2241 906 2300 prorsus
917 2221 996 2280 solus
1051 2215 1130 2275 ἄλλον
1152 2216 1224 2288 δηλῶ
1243 2212 1262 2287 ἢ
1282 2213 1326 2274 τδν
1341 2214 1410 2274 Θεὸν
1425 2213 1467 2275 διδ
1488 2216 1718 2296 τοῦπράγματος,
1733 2214 1823 2289 ἐπειδὴ

127 2288 167 2350 ³⁹·
235 2363 244 2374 ,
278 2313 356 2369 nosti
378 2312 477 2385 eorda,
490 2311 588 2390 inquit.
600 2312 687 2372 Vides
702 2311 774 2372 illud
794 2313 879 2373 Solus
902 2334 996 2372 rursus
1051 2309 1130 2366 αὐτοῦ
1151 2307 1229 2386 μόνω
1242 2306 1319 2368 τοῦτό
1331 2309 1403 2367 ἔστι·
1426 2307 1472 2366 καὶ
1491 2308 1537 2367 ἐὰν
1552 2308 1660 2383 είπω,θ
1674 2308 1825 2368 ἀνατέλλων

277 2421 334 2463 nou
346 2400 381 2460 ad
395 2400 595 2462 distinctionem
606 2404 670 2464 Filii
679 2403 783 2464 dictum
798 2403 911 2464 esselsi
924 2403 996 2464 enim
1049 2399 1094 2459 τὸν
1117 2399 1202 2474 ἥλιον,
1226 2398 1273 2459 καὶ
1297 2400 1335 2477 μὴ
1355 2405 1463 2484 προσθῶ
1487 2399 1518 2460 τθ
1540 2399 1620 2475 Θιθς,
1646 2399 1721 2479 ὅμως
1748 2399 1823 2461 “luit

276 2494 356 2553 Pater
369 2494 442 2553 solus
463 2494 545 2554 corda
568 2496 801 2576 novit,quomodo
817 2496 904 2555 Filius
919 2497 996 2559 novit
1050 2491 1123 2564 δηλῶ
1145 2491 1189 2552 διδ
1208 2496 1254 2550 τοῦ
1270 2492 1444 2572 πράγματος·
1460 2489 1530 2552 οθτιν
1555 2490 1587 2564 δὴ
1611 2491 1692 2554 καλό
1716 2490 1823 2559 litii&

126 2584 433 2646 r....2.2s.ahseonutu
456 2586 563 2646 cordis?
580 2592 647 2670 Ipse
666 2592 755 2667 enim,
774 2587 871 2668 inquit,
884 2593 994 2649 sciebat
1049 2582 1234 2663 parturimur,
1258 2581 1293 2644 ‘0
1317 2587 1427 2664 ἐρευνῶν
1441 2582 1489 2651 als
1510 2583 1639 2664 καρδίας,
1663 2582 1771 2656 ἔδειξεν,
1783 2583 1821 2644 ότι

276 2678 352 2759 quid
363 2690 439 2738 esset
447 2682 479 2736 in
489 2680 607 2738 homine
622 2704 630 2738 τ
643 2695 669 2740 et
678 2680 779 2740 Paulus
790 2680 912 2740 indicans
923 2702 995 2761 pro-
1049 2678 1128 2736 αὐτοῦ
1146 2675 1224 2755 μόνον
1236 2675 1292 2737 ἐστὶ
1304 2677 1335 2735 τδ
1351 2681 1456 2757 ἐρευνᾷν
1468 2675 1516 2744 τὰς
1528 2676 1649 2759 καρδίας.
1668 2679 1704 2737 El
1719 2677 1772 2759 γὰρ
1784 2675 1820 2756 μὴ

128 2773 265 2833 ποικίλη.
276 2767 368 2849 prium
379 2789 436 2828 esse
448 2769 499 2828 Dei
513 2785 612 2830 secreta
626 2791 794 2850 cognoscere,
804 2770 860 2830 ait:
876 2774 933 2850 Qui
941 2793 995 2832 au·
1048 2767 1097 2841 τὴν
1119 2768 1199 2842 αὐτὴν
1219 2767 1296 2850 ἰσχὺν
1316 2758 1372 2850 εἶχε
1392 2776 1468 2829 τοῦτο
1481 2773 1519 2850 τῷ
1543 2770 1612 2838 Θεδς
1632 2769 1747 2848 ὀνόματι
1759 2770 1821 2851 πρός

277 2864 501 2921 tem'serutertur
519 2863 742 2942 eordarquibus
759 2863 850 2925 verbis
861 2863 996 2944 significat
1011 2870 1031 2918 D
1048 2861 1079 2921 τδ
1099 2860 1180 2930 δεῖξαι
1204 2867 1269 2940 ἡμῖν
1290 2862 1335 2922 τδν
1357 2861 1526 2941 δηλούμενον,
1549 2867 1596 2924 οδκ
1621 2863 1653 2923 ἂν
1674 2864 1741 2925 αὐτὸ
1762 2867 1820 2923 κατ’

276 2951 335 3012 lraee
345 2952 468 3013 eamdem
480 2954 536 3016 vim
556 2956 667 3035 habere,
683 2979 765 3036 quam
776 2957 834 3039 ipsa
850 2957 901 3019 Dei
914 2959 996 3018 habet
1050 2955 1113 3015 αὐτδ
1126 2953 1251 3015 τέθεικεν.
1273 2956 1327 3015 Kal
1344 2952 1396 3036 γὰρ
1418 2957 1441 3015 εί
1458 2957 1542 3017 κοινὸν
1562 2948 1594 3030 ἦν
1610 2959 1683 3038 αὐτῷ
1697 2957 1745 3017 καί
1759 2957 1823 3040 τρδς

172 3093 182 3108 .
276 3045 432 3127 appellatio.
444 3049 483 3106 Ut
492 3048 565 3107 enim
579 3070 640 3109 cum
651 3047 724 3129 dico,
739 3049 787 3129 qui
797 3050 877 3132 pluit,
888 3050 996 3111 nullum
1049 3047 1097 3120 τὴν
1118 3045 1204 3107 κτίσιν
1225 3052 1318 3119 τοῦτο,
1340 3049 1388 3107 οὐκ
1412 3046 1443 3107 δν
1457 3046 1573 3128 ἔγνωμεν
1587 3050 1632 3110 τδν
1653 3050 1821 3128 δηλούμενον,

277 3137 362 3196 alium
374 3151 473 3218 praeter
483 3142 571 3200 Deum
582 3140 695 3220 designo
706 3165 755 3223 per
764 3164 820 3203 rem
832 3143 919 3219 illam,
929 3165 996 3224 quo·
1049 3145 1097 3213 τῆς
1112 3139 1249 3207 κοινωνίας
1261 3139 1389 3222 σόγχοοιι
1405 3141 1588 3220 ἔμποιηοιίοος
1602 3148 1635 3224 τῇ
1652 3145 1757 3227 διανοίᾳ
1770 3147 1821 3203 ‘tiit

277 3229 350 3287 niam
364 3230 415 3288 Dei
425 3230 510 3291 solius
522 3245 561 3292 est
574 3232 643 3292 illud
653 3255 747 3315 agere;
761 3249 786 3296 et
795 3235 819 3294 si
833 3235 937 3310 dicam,
949 3236 996 3316 qui
1051 3234 1196 3315 ἀκροατῶν.
1211 3232 1297 3294 Ὅταν
1318 3226 1363 3294 οόν
1379 3235 1504 3315 φαίνηται
1517 3236 1582 3297 ίδιον
1600 3238 1710 3320 Ποτρδς
1731 3243 1821 3309 τοῦτον

277 3321 360 3381 solem
376 3321 442 3382 oriri
457 3322 532 3400 lacit,
544 3345 594 3384 nec
606 3324 724 3402 addam,
739 3328 814 3387 Deus
823 3373 833 3405 ‚
844 3342 934 3388 tamen
948 3349 997 3409 per
1050 3322 1176 3405 φαίνηται
1187 3322 1215 3383 dl
1228 3327 1274 3386 καί
1286 3331 1324 3408 τῷ
1336 3330 1410 3410 Υίῷ,
1420 3329 1520 3411 πρδςθν
1531 3328 1769 3410 ἀναμφισὸιίτηιος
1777 3328 1821 3390 ml

277 3433 334 3473 rem
351 3414 428 3474 illam
440 3436 503 3475 eum
516 3417 628 3477 ostendo
641 3442 648 3477 :
661 3418 700 3478 sic
710 3418 840 3480 nimirum
853 3434 879 3480 et
895 3421 997 3481 Paulus
1050 3418 1192 3489 ἐντεῦθενὴ
1207 3418 1309 3494 ἰσότης,
1321 3419 1366 3480 διδ
1377 3428 1453 3482 τοῦτο
1464 3467 1472 3495 ,
1483 3419 1530 3493 Τί,
1545 3422 1610 3502 φησί
1617 3468 1626 3496 ,
1645 3422 1822 3503 διαλογίζεσθε

277 3527 340 3565 cum
363 3507 401 3567 ait
416 3531 424 3565 ε
441 3509 499 3588 Qui
518 3524 667 3571 serutatur
680 3513 789 3590 eorda,
804 3513 889 3574 solius
911 3515 997 3596 ipsius
1050 3508 1154 3588 πονηρὰ
1175 3511 1202 3568 ἐν
1219 3519 1277 3580 ταῖς
1290 3514 1411 3594 καρδίαις
1430 3518 1520 3593 upum
1531 3512 1557 3572 τί
1570 3513 1622 3595 γὰρ
1641 3513 1822 3594 εὐκοπώτερον

277 3620 334 3659 esse
344 3601 459 3660 scrutari
468 3602 548 3662 corda
560 3600 687 3662 declarat.
702 3603 762 3663 Nisi
772 3602 843 3664 enim
854 3605 907 3667 hoc
920 3629 995 3669 eam·
1051 3603 1143 3674 ιῖιίιῐι,
1156 3601 1291 3684 ἀφέωνταί
1307 3629 1354 3666 σου
1370 3608 1397 3666 ul
1417 3605 1593 3686 ἃμαρτίαινθ
1615 3609 1709 3679 ‘imitus
1723 3607 1822 3688 ἕγιιριιι

277 3690 340 3751 (λεια
350 3692 409 3751 vim
430 3693 552 3772 haberet,
568 3715 651 3773 quam
663 3716 774 3771 nomen,
787 3698 874 3777 Deus,
888 3699 998 3762 adeum
1051 3693 1097 3754 κοιλ
1108 3695 1268 3775 περιπάτου

278 3781 356 3842 nobis
373 3782 552 3844 indicandum
566 3786 614 3864 qui
637 3786 830 3868 designabatur
841 3836 848 3866 ,
859 3791 947 3853 solum
967 3793 996 3854 id

278 3871 389 3931 minime
398 3874 537 3952 posuisset.
547 3877 618 3933 Nam
627 3875 837 3939 sihocessetilli
852 3903 914 3943 cum
924 3906 1000 3946 crea-

278 3976 339 4023 tura
357 3984 515 4042 commune,
532 3965 665 4045 illumqui
676 3967 834 4048 designatur
847 3994 900 4033 non
915 3997 1000 4056 agno·

277 4075 422 4130 sceremus,
440 4079 503 4116 cum
517 4058 695 4119 communitas
716 4061 762 4120 illa
774 4064 958 4127 confusionem
969 4073 998 4130 in

278 4147 414 4208 mentibus
428 4149 549 4229 gigneret
559 4149 724 4212 auditorum.
737 4154 806 4214 Cum
817 4155 902 4236 igitur
912 4182 998 4243 appa-

278 4252 335 4299 mat
353 4239 405 4301 hoc
424 4242 566 4323 proprium
589 4243 677 4303 Patris
700 4265 773 4319 esse,
793 4247 910 4329 itemque
928 4253 999 4315 Filio

278 4345 380 4392 constet
391 4347 549 4415 competere,
558 4355 620 4394 cum
635 4358 688 4415 quo
702 4335 856 4400 indubitata
871 4343 999 4426 relinqui.

278 4439 323 4485 tur
336 4426 400 4487 inde
411 4427 559 4508 equalitas,
574 4427 687 4504 idcireo,
703 4433 783 4509 Quid
791 4440 943 4515 eogitatr's,
956 4440 998 4500 in-

129 4519 153 4565 ⁵·
278 4520 347 4598 quit,
371 4523 454 4581 mala
476 4525 508 4580 ἱα
529 4523 665 4582 cordibus
684 4530 814 4586 uestris?
828 4530 907 4609 Quid
919 4537 998 4594 enim

278 4627 320 4673 est
323 4615 454 4696 facilius
468 4618 574 4688 dicere,
589 4618 788 4679 Dimittuntur
794 4637 918 4703 peecata
933 4639 995 4701 tua,
1033 4618 1036 4623 ⁴

279 4731 320 4769 an
337 4709 442 4782 dicere,
459 4709 549 4791 Surge
561 4722 589 4768 et
602 4712 749 4771 ambula?

184 4842 220 4870 m
238 4842 270 4900 .“
319 4813 347 4869 t.
355 4811 425 4870 Ecce
433 4811 546 4870 alteram
556 4811 636 4870 etiam
648 4812 757 4872 exhibet
765 4818 928 4881 remissionis
934 4844 997 4906 pec·
1091 4821 1160 4884 Ἰδοὺ
1185 4825 1230 4884 καλ
1250 4824 1372 4907 δευτέρω
1394 4822 1527 4895 ἀπόδειξιν
1552 4831 1668 4886 ποιεῖται
1695 4829 1744 4900 τῆι
1769 4829 1823 4887 τῶν

128 4904 191 4962 ¹⁰⁰⁰?
203 4904 225 4961 5⁸
238 4905 258 4960 'f'
279 4914 398 4986 catorum
412 4901 675 4965 demonstrationem.
689 4907 758 4965 Nam
775 4907 912 4973 dimittere
931 4938 994 4998 pec·
1051 4916 1253 5000 ἁμαρτημάτων
1271 4917 1396 4998 ἆφὲσῑωι·
1409 4916 1450 4976 Τθ
1471 4915 1518 4996 μὲν
1533 4916 1585 5000 ll?
1599 4917 1732 4998 ἁμαρτία(
1743 4917 1824 4999 Μ’

157 5029 193 5057 eea
204 5029 229 5056 o
279 5007 337 5054 cata
348 4994 434 5053 multo
446 4996 534 5077 majus
548 5010 599 5077 est,
614 5019 697 5077 quam
711 5019 807 5082 eorpus
820 5024 922 5082 sanare,
937 5023 995 5069 tan·
1014 5025 1032 5074 u
1050 5034 1093 5069 ναι
1111 5017 1156 5071 τοῦ
1168 5013 1247 5089 σῶμα
1260 5015 1419 5091 θεραπεῦσαι
1429 5012 1520 5091 πολλῷ
1533 5012 1634 5089 μᾶλλον
1648 5009 1736 5089 ίίῑῖζόν
1748 5012 1824 5080 lffl’

128 5091 188 5121 rum.
277 5100 358 5166 toque
377 5088 473 5187 majus,
492 5102 592 5167 quanto
613 5088 704 5150 anima
722 5112 841 5174 corpore.
855 5099 895 5157 Ut
917 5101 990 5162 enim
1050 5101 1096 5162 καί
1118 5107 1241 5162 τοσοῦτον
1255 5108 1256 5112 ’
1268 5105 1365 5182 putor,
1389 5100 1449 5163 ὅσοι
1473 5102 1545 5184 llll
1561 5101 1694 5182 σώματος·
1718 5100 1822 5184 nm?

277 5196 399 5257 corporis
409 5177 519 5236 morbus
527 5191 566 5237 est
577 5180 721 5262 paralysis,
734 5181 772 5242 sic
781 5199 806 5244 et
814 5185 910 5247 animm
922 5212 994 5251 mor·
1048 5193 1100 5275 γὰρ
1118 5200 1164 5254 τοῦ
1184 5192 1307 5270 σώματος
1328 5193 1401 5262 νόσος
1416 5200 1434 5266 ἡ
1453 5194 1615 5276 παράλυσις,
1627 5193 1697 5254 Οὕτω
1713 5192 1760 5253 ”l
1775 5198 1823 5268 ”li

276 5269 328 5328 ltus
341 5281 480 5350 peccatum
493 5282 533 5330 est
544 5292 550 5327 ε
561 5291 655 5332 rerum
668 5273 738 5335 illud
752 5277 802 5338 etsi
816 5281 903 5362 majus
917 5297 991 5362 erat,
1048 5289 1135 5368 ψυχῆς
1159 5285 1234 5353 νόσος
1248 5289 1265 5356 θ
1281 5286 1414 5368 ἁμαρτία·
1436 5288 1494 5348 ἀλλ’
1515 5290 1599 5348 ίκιῑιο
1621 5289 1644 5345 ‘l
1667 5284 1713 5345 καί·
1734 5290 1820 5363 μεῖζον
