3764 5992
355 432 389 479 ΙΝ
416 430 529 497 tutuo,
558 432 708 481 PROPTER
735 434 1001 483 Fonnrcsrtottlts
1027 437 1177 485 UXOREM.
1476 422 1541 511 241

144 554 277 637 ιριιότερος
289 554 371 624 δόξεις
390 546 466 618 εἶναι.
484 558 526 617 Ob
545 556 597 636 γιίρ
618 561 707 631 ἐστιν,
728 559 776 617 οὐκ
829 579 886 617 rem
906 558 1028 638 plaeere,
1051 560 1186 640 ingressus
1198 560 1336 640 conclave,
1355 563 1456 624 librum
1472 564 1546 625 hunc

144 646 497 727 καίσχρότιρονάνδροίπυι
512 647 580 727 μετὰ
601 648 687 728 γόμον
709 671 777 728 πορ-
825 651 934 726 evolve,
956 652 1124 731 Paulumque
1136 652 1268 713 adhibens
1281 653 1497 731 interventorem,
1514 676 1547 715 ac

151 740 192 799 ot
209 738 264 819 γάρ
283 736 316 809 δὴ
332 737 412 817 μόνον
431 737 476 799 τὀν
498 739 633 818 κηδεμόνα
650 739 696 798 καλ
716 737 777 806 τοὺς
829 741 879 801 tibi
900 743 959 802 lraec
984 743 1067 804 verba
1088 745 1240 822 frequenter
1260 746 1383 806 cecinens
1407 747 1547 808 dammam

144 830 155 889 l
173 830 235 895 rob<
248 834 439 905 ἀπαντῶντας,
454 831 523 892 ἀλλά
544 831 590 891 καὶ
605 830 697 899 αὐτοὺς
717 835 777 911 lpo-
828 833 980 911 exstingue.
995 834 1042 895 Sic
1055 834 1102 894 fiet
1114 849 1181 895 utet
1194 837 1295 915 gratior
1311 838 1361 898 tibi
1375 860 1484 899 rursum
1497 840 1544 899 lu-

144 922 256 989 οἰκέτας.
271 923 326 983 Καὶ
339 924 458 984 οὔτοῦτο
471 924 549 1003 μόνον
569 924 626 984 ἐστὶ
638 924 774 998 τ,δδεινὸν
829 935 889 981 tura
901 923 936 981 sit
948 944 1026 997 uxor
1040 944 1103 983 cum
1114 924 1189 984 nulla
1204 926 1337 1007 cupiditas
1351 942 1426 987 tuam
1437 949 1500 1008 erga
1511 928 1546 988 il·

144 1014 290 1088 misle
265 1014 354 1074 οικίαν
375 1015 458 1088 αὐτὴν
476 1017 658 1096 δεσμωτηρίου
678 1015 776 1082 παντδς
828 1013 883 1072 lam
908 1014 1123 1075 benevolentiam
1145 1016 1307 1077 labefactet.
1300 1040 1414 1098 .neque
1440 1034 1545 1081 tautum

143 1106 237 1187 νάρετ
237 1131 279 1179 αι,
292 1106 360 1187 ιερδς
380 1106 430 1180 τὴν
443 1108 613 1191 ἐρωμένςνβ
613 1108 719 1183 λίπων,
729 1108 777 1170 καὶ
792 1128 813 1174 n
830 1105 931 1184 gratior
952 1106 1004 1166 erit
1025 1129 1105 1179 uxor,
1129 1107 1176 1168 sed
1190 1123 1219 1169 tu
1231 1130 1338 1189 quoque
1357 1108 1495 1171 honestior
1514 1132 1578 1173 ae-

144 1200 306 1274 νδιηνειιοις
318 1199 524 1279 φανταζόμενος.
829 1197 968 1258 venustior
987 1220 1043 1259 esse
1058 1198 1204 1259 videberis.
1227 1201 1304 1260 Nihil
1317 1202 1390 1262 enim
1401 1217 1460 1280 est,
1475 1203 1599 1263 nilril¹
1569 1196 1696 1243 ΜΝ*-

829 1288 910 1368 plane
922 1288 1028 1371 turpius
1041 1289 1158 1367 homine,
1171 1290 1219 1369 qui
1229 1306 1365 1352 contracto
1373 1276 1640 1369 matrimonium„
1641 1276 1698 1369 ζ’

830 1392 974 1440 scortatur.
996 1382 1056 1441 Non
1075 1382 1148 1441 enim
1165 1403 1255 1443 coram
1272 1404 1362 1443 socero
1375 1398 1499 1463 tentum,
1519 1400 1546 1447 et

830 1471 937 1549 amieis,
954 1485 981 1531 et
992 1472 1093 1550 obviis,
1115 1471 1163 1533 sed
1179 1473 1260 1534 etiam
1274 1495 1364 1535 coram
1382 1476 1468 1537 servis
1480 1476 1548 1558 ipsis

830 1563 974 1625 erubescit.
996 1566 1090 1643 Neque
1108 1565 1197 1625 solum
1218 1580 1258 1626 est
1279 1565 1332 1626 hoc
1356 1568 1479 1647 malum,
1499 1568 1548 1629 sod

830 1655 922 1733 etiam,
934 1654 1009 1734 quod
1024 1655 1111 1737 ipsius
1122 1655 1220 1717 domus
1232 1672 1355 1739 aspectus
1375 1658 1548 1739 injucundior

830 1747 891 1819 erit,
906 1769 989 1826 quam
1001 1748 1116 1808 carceris
1126 1749 1263 1830 cujusvis,
1284 1771 1346 1810 cum
1357 1750 1475 1811 amicum
1485 1764 1549 1813 ante

829 1841 920 1901 oeulos
936 1840 1052 1922 positam
1077 1839 1186 1919 habeat,
1214 1862 1246 1902 ac
1272 1841 1419 1902 meretricis
1442 1863 1546 1925 semper

827 1933 973 2013 imaginem
986 1947 1074 1994 mente
1086 1934 1194 1995 verset?

144 2028 233 2085 utute
249 2022 370 2107 ἀκριόόις
389 2022 451 2085 δσον
470 2023 527 2086 dori
545 2024 577 2086 τδ
594 2024 694 2099 δεινόν;
709 2025 771 2085 Ἐν·
867 2027 896 2087 5.
913 2026 965 2089 Vis
980 2039 1011 2085 tu
1024 2026 1109 2108 probe
1129 2026 1286 2108 intelligere,
1304 2041 1435 2107 quantum
1446 2029 1482 2089 sit
1494 2027 1548 2089 boc

144 2140 156 2175 ν
181 2119 212 2177 ol
238 2116 290 2184 τὰς
315 2122 443 2196 γυναῖκας
462 2118 562 2176 taurus
582 2116 772 2185 ὑποπτεύοντες
825 2118 950 2177 malum?
964 2119 1060 2199 Cogita
1070 2119 1178 2198 qualern
1191 2119 1291 2181 ducant
1300 2121 1402 2199 vitatu,
1421 2122 1470 2201 qui
1483 2143 1547 2182 suas

153 2210 221 2275 πῶς
239 2208 314 2281 ἀηδῆ
327 2206 362 2269 τὰ
377 2206 469 2267 Ισιτία
473 2253 483 2280 ,
503 2208 573 2281 ἀηδῆ
587 2207 665 2269 ποταί.
680 2211 771 2282 Δηλη·
825 2232 925 2272 uxores
938 2225 1075 2293 suspectas
1093 2212 1203 2289 babent,
1223 2235 1279 2292 quo
1292 2228 1370 2294 paeto
1390 2214 1545 2295 injucunde·

144 2300 249 2369 ιάπιζα
259 2301 334 2360 δοκεῖ
345 2300 437 2378 γέμειν
446 2300 593 2380 ραρμιίκων
606 2300 670 2360 utel
680 2300 772 2382 ὥσπερ
825 2302 881 2364 illis
893 2303 947 2364 sint
961 2325 1036 2380 eseae,
1056 2304 1197 2385 injucundi
1214 2318 1302 2384 potus.
1317 2305 1436 2368 Venonis
1452 2327 1545 2367 mensa

144 2391 241 2475 νιρίων
265 2392 400 2471 γέμουσαν
427 2394 532 2467 κακῶν,
552 2391 621 2455 οὕτω
646 2390 772 2473 φείγουαι
825 2395 1365 2474 uideturscatere,ettamquamexitium
1376 2395 1544 2457 domumlu·

158 2486 231 2567 Οὐχ,
243 2484 327 2553 ίίπνος
340 2488 427 2553 αὐτοῖς
446 2488 534 2560 έστιν,
553 2488 583 2544 οὐ
603 2483 650 2555 νὺξ
670 2508 771 2566 προση-
827 2486 905 2569 giuut
925 2487 1005 2547 malis
1024 2487 1173 2547 innumeris
1187 2486 1392 2548 redundantem.
1408 2488 1471 2547 Non
1488 2488 1546 2549 illis

144 2576 261 2640 ινουσία
284 2578 383 2658 φίλων,
402 2580 450 2637 orire
470 2577 549 2639 αὐτοὶ
568 2581 597 2639 αί
621 2585 668 2639 τοῦ
694 2578 770 2651 ἡλίου
787 2590 807 2638 Ε
825 2599 947 2656 somnus,
971 2599 1023 2639 non
1044 2599 1099 2638 nor
1121 2590 1160 2637 cst
1176 2576 1294 2658 placida,
1319 2598 1373 2637 non
1394 2577 1546 2639 amicorum

144 2670 198 2733 ίλά
211 2669 264 2729 καὶ
275 2670 340 2750 παρ’
354 2672 433 2730 αὐτοῦ
446 2675 492 2729 τοῦ
506 2671 592 2750 φωτός
605 2672 770 2753 ἐνοχλεῖσθαι
824 2691 993 2751 congressus,
1013 2691 1067 2731 nou
1080 2669 1133 2751 ipsi
1150 2669 1223 2729 radii
1243 2669 1358 2729 solares:
1371 2669 1417 2729 sod
1432 2671 1468 2732 ab
1484 2671 1546 2753 ipso

154 2766 214 2843 einp
226 2760 294 2821 δεον
308 2760 385 2822 ἴδοιτε
397 2761 587 2842 μοιχευομένην
601 2761 650 2834 τὴν
659 2772 771 2842 γυναῖκα
824 2762 927 2823 lumine
941 2785 969 2823 se
989 2762 1090 2824 offendi
1104 2776 1210 2844 putant,
1231 2782 1285 2822 nou
1299 2775 1357 2823 turn
1373 2761 1462 2823 solum
1481 2784 1544 2823 eum

144 2856 168 2917 ἀ
191 2852 247 2915 κᾶν
267 2856 360 2922 ἁπλῶς
372 2854 548 2916 ὑποπτεύωσι.
568 2856 663 2915 Ταῦτα
681 2856 770 2934 νόμιζε
822 2854 956 2915 adulterio
967 2855 1054 2937 pollui
1066 2875 1179 2914 uxorem
1188 2853 1318 2929 viderint,
1332 2854 1472 2915 sedetiam
1481 2876 1544 2917 cum

144 2956 225 3007 ιαῑιεα
237 2946 372 3027 πάσχειν,
386 2945 450 3007 όταν
463 2945 563 3028 ἀκούσῃ
577 2949 642 3028 παρ’
655 2951 769 3019 ὁτουοῦν,
823 2946 851 3005 in
865 2945 1089 3026 qualemcumque
1105 2946 1286 3028 suspicionem
1302 2946 1378 3006 illius
1390 2946 1478 3029 culpae
1490 2965 1543 3009 ve·

144 3039 247 3119 τεόσῃ,
260 3038 304 3099 ότι
313 3037 398 3120 πόρνῃ
409 3038 512 3117 γυναικὶ
523 3037 618 3098 σαυτὸν
632 3037 769 3107 ἐξέδωκας.
823 3040 920 3101 norint.
933 3038 1009 3099 Idem
1018 3038 1139 3099 accidere
1149 3052 1175 3098 et
1187 3039 1268 3099 uxori
1276 3053 1353 3119 puta,
1370 3060 1431 3099 curn
1442 3061 1458 3099 a
1468 3060 1541 3119 quo-

144 3130 292 3213 γιζόμενος,
313 3128 351 3207 μὴ
372 3129 421 3203 τὰς
439 3128 558 3210 μοιχείας
580 3137 659 3210 ρι’ῦγε
675 3130 769 3207 μόνον,
824 3130 889 3190 libet
903 3130 931 3191 id
944 3131 1092 3208 audiverit,
1112 3130 1249 3189 ueletiam
1262 3129 1501 3212 sueritsuspicats,
1514 3145 1542 3192 tc

144 3221 328 3303 ἀςίιποψίας·
340 3221 390 3282 κάν
402 3219 499 3289 ἀοικως
510 3220 680 3301 ίιπαιττευσιγ
692 3221 769 3304 depel-
821 3222 931 3283 mulieri
942 3221 1076 3283 meretrici
1100 3236 1217 3303 teipsum
1229 3220 1376 3284 addixisse
1390 3220 1542 3304 Hareapud

144 3323 280 3375 ,πεῖσον
300 3315 341 3375 Οὐ
359 3313 412 3395 γάρ
433 3312 460 3382 li
481 3313 577 3394 ἔγδρας
595 3312 613 3384 ἦ
634 3312 768 3385 ἀπονοίας,
778 3329 848 3427 ²⁰¹te
860 3313 1184 3394 eogitansnonadulteria
1197 3327 1300 3374 tantum
1312 3315 1386 3393 luge,
1401 3312 1542 3376 sedetiam

144 3407 305 3485 τιγδεμονίτς
326 3412 404 3465 τοῦτο
423 3415 507 3479 ποιεῖ,
529 3405 575 3465 καὶ
598 3429 644 3466 του
668 3386 1122 3490 epttpemqsuspiciones2Qq110ds1
1138 3404 1274 3465 immerito
1289 3404 1450 3486 suspicetur,
1462 3406 1540 3487 placa

144 3500 279 3583 παρίτω
293 3497 428 3577 κτήματος
447 3520 492 3558 του
475 3495 580 3557 ἰδίου.
600 3500 700 3576 Κτςμα
717 3498 769 3608 γὰρ
820 3501 897 3559 illam
911 3513 937 3559 et
949 3499 1042 3559 verlus
1059 3497 1144 3556 llecte.
1164 3498 1224 3555 Non
1237 3495 1310 3556 enim
1323 3494 1387 3555 odio
1406 3496 1450 3558 vel
1470 3497 1542 3557 fastu

144 3618 182 3663 υ,
197 3590 294 3671 ιοοπερ
307 3588 388 3671 ίρθην
402 3587 536 3662 εἰπὼν,
512 3612 542 3648 το
562 3592 642 3667 σῶμα
660 3586 738 3647 τδ
712 3613 767 3661 σον,
820 3592 947 3673 impulsa,
963 3589 1009 3651 sed
1022 3588 1172 3670 praenimis
1188 3587 1229 3646 tui
1243 3608 1308 3647 cure
1319 3585 1350 3648 id
1360 3587 1436 3661 lacit,
1454 3588 1542 3669 quod·

154 3688 214 3745 τῶν
228 3682 312 3742 ὄντων
325 3680 449 3741 ἁπάντων
463 3679 630 3762 τιμιώτερον.
643 3678 690 3753 Μὴ
711 3681 768 3741 τοί·
820 3706 874 3764 que
893 3683 928 3743 de
948 3703 996 3742 sua
1009 3680 1175 3762 possessione
1187 3678 1269 3739 valde
1289 3678 1391 3739 timeat.
1407 3678 1543 3741 Possessio

149 3775 217 3857 περὶ
229 3773 266 3832 el
280 3772 395 3854 μέγιστα
413 3772 560 3851 ἀδικήσῃς,
581 3771 648 3849 μηδὲ
662 3772 768 3854 καιρίαν
821 3776 922 3857 quippe
933 3774 1019 3856 ipsius
1036 3787 1084 3849 est,
1099 3786 1130 3831 ut
1138 3786 1201 3831 aute
1210 3771 1282 3847 dixi,
1299 3793 1398 3853 corpus
1408 3785 1499 3845 tuum,
1514 3786 1542 3833 et

144 3868 237 3949 ιηγνξν.
249 3868 286 3927 Εἰ
296 3863 350 3947 γδρ
358 3863 461 3936 ἐκείνης
472 3864 687 3945 καταφρονήσεις,
700 3864 769 3925 ἀλλά
822 3866 953 3950 possessio
979 3886 1069 3925 rerum
1099 3863 1221 3924 omnium
1247 3862 1451 3945 pretiosissima.
1477 3864 1541 3925 Noli

144 3958 296 4042 ροόήθητι,
313 3958 358 4017 τὀν
374 3955 477 4016 ἔκδικον
492 3960 545 4015 τῶν
568 3954 706 4030 τοιούτων,
722 3956 768 4017 τδν
821 3981 885 4039 crgo
900 3959 929 4017 in
952 3978 981 4017 re
996 3955 1115 4015 maxima
1134 3954 1210 4015 illam
1229 3954 1336 4033 ledere,
1359 3976 1445 4035 neque
1461 3955 1542 4017 letale

145 4050 274 4117 κολόσιις
282 4058 337 4117 τοῖς
346 4048 473 4115 τοιούτοις
484 4048 665 4121 ἀπειλήσαντα
676 4050 768 4128 ἁμαρ-
821 4053 862 4112 illi
885 4051 984 4114 vulnus
997 4048 1113 4128 infligas.
1132 4046 1266 4122 Quamvis
1286 4046 1358 4107 euim
1376 4047 1453 4108 illam
1475 4069 1540 4107 con·

144 4144 242 4228 ἰινγάρ
253 4147 364 4203 τοιαῦτα
372 4139 541 4221 τολμώντων,
551 4139 641 4221 φησίν,
650 4138 685 4200 Ὁ
699 4140 769 4200 oroi-
821 4159 944 4220 temnas,
972 4144 1061 4202 Deum
1082 4154 1172 4199 tamen
1191 4138 1273 4199 debes
1291 4140 1387 4200 timere
1405 4139 1539 4219 ejusmodi

144 4237 265 4311 ιυτόσει,
277 4236 323 4296 καλ
335 4235 367 4296 τὸ
377 4240 431 4314 πῦρ
450 4236 480 4293 οὐ
492 4231 677 4304 οόεσίήσεται.
691 4234 726 4291 Εἰ
740 4230 769 4292 δὲ
821 4237 967 4295 ariminum
979 4232 1127 4303 vindicem,
1139 4245 1167 4291 et
1179 4231 1225 4310 qui
1237 4230 1336 4291 talibus
1347 4229 1454 4290 delictis
1468 4231 1538 4290 into·

147 4354 180 4393 ατ
188 4332 281 4389 δάκνει
292 4328 327 4389 τδ
339 4327 479 4407 μέλλοντα,
488 4325 523 4386 ed
533 4329 596 4404 γοῦν
607 4324 726 4405 παρόντα
737 4348 767 4383 σε
820 4328 932 4388 lerabile
944 4324 1108 4407 supplicium
1122 4322 1312 4383 comminatur.
1334 4322 1437 4383 Eorum
1451 4322 1536 4395 enim,

144 4421 305 4498 Ιολλολγυῦν
319 4422 372 4479 τῶν
387 4418 497 4499 πόρναις
514 4416 698 4498 προσεχόντων
721 4418 768 4476 καὶ
819 4420 867 4499 qui
882 4418 947 4479 talia
965 4429 1119 4498 perpetrare
1140 4413 1194 4473 siut
1213 4412 1285 4491 ausi,
1303 4413 1403 4493 inquit,
1426 4416 1623 4474 Vermr'slrm.
1638 4440 1665 4489 μ.

144 4509 769 4593 ιολκακῶςάπόιλοντο,περιεργίαςοπομείναν-
784 4534 802 4582 B
820 4533 879 4571 ιιοιι
904 4512 1062 4581 morietur,
1093 4520 1121 4566 et
1145 4510 1222 4587 ignis
1240 4526 1301 4565 non
1323 4510 1534 4588 exstinguetur.
1546 4486 1586 4550 4⁵·

144 4604 385 4687 ’νιπορνευομένων
401 4606 544 4717 γυναικῶν
561 4603 767 4663 Φιλονεικοῦσαι
820 4602 940 4679 Quodsi
953 4622 1006 4661 non
1024 4598 1173 4659 admodum
1187 4612 1313 4703 pungunt
1326 4598 1468 4679 telutura,
1488 4614 1540 4662 ter-

144 4695 459 4811 ιτῆςμὲνουνορκοόσςς
472 4698 544 4775 αὐτῷ
558 4694 604 4755 καὶ
615 4718 766 4775 κατεγγυη-
818 4709 893 4756 reaut
910 4709 937 4754 te
956 4693 1050 4754 saltem
1070 4690 1221 4772 presentia.
1237 4690 1320 4751 lllulti
1338 4688 1448 4770 quidem
1469 4706 1539 4755 certe

144 4794 243 4865 στῆσαι
255 4786 388 4871 γυναικός,
399 4810 439 4868 rep
418 4788 523 4847 ’δὲ’
494 4790 581 4846 αυτῶν
594 4786 724 4867 ίρωτιρ
687 4811 708 4845 π
725 4811 766 4848 oo·
818 4788 927 4847 illorum
929 4807 993 4865 qur
985 4781 1188 4843 meretricibus
1195 4781 1362 4859 adherent,
1353 4804 1382 4843 tn
1392 4783 1446 4845 bac
1455 4784 1538 4847 uram

144 4904 182 4959 rr,
195 4880 361 4963 μαγγανείας
370 4878 505 4954 ἐκίνησαν
518 4879 565 4939 καί
578 4879 655 4959 ρίλτρ
658 4903 675 4938 α
688 4902 766 4938 κατε·
817 4875 875 4935 vita
890 4873 955 4933 mali
976 4871 1046 4930 male
1063 4869 1212 4951 perierunt,
1236 4868 1350 4930 curiosis
1366 4873 1537 4935 meretricum

144 4971 564 5055 ιαλπολλάςγοητείοιςάῤῥαψαν·
557 4963 767 5038 ·είταοίιτωςείς
818 4966 925 5027 insidiis
940 4962 1070 5046 oppressi.
1092 4963 1165 5021 Dum
1180 4960 1252 5021 enim
1265 4960 1320 5021 illae
1340 4962 1504 5027 contendunt
1520 4988 1541 5027 a

153 5064 557 5147 ιδτδνδμόαλοιοαιχαλιττλν,
567 5064 660 5145 κολρθ
627 5069 775 5145 ρδοραπα-
818 5059 1033 5140 legitinrauxorc
1046 5053 1257 5116 acmatrimouio
1270 5054 1365 5136 juncta
1377 5055 1457 5120 illum
1467 5058 1537 5121 elie-

144 5276 161 5307 t.
175 5254 209 5309 ῘΙ
221 5252 305 5307 Editio
316 5270 377 5307 tero
389 5260 459 5313 πῶς’
445 5256 504 5314 οιηοῆ
516 5260 547 5306 τὰ
557 5259 626 5316 ποτὰ,
639 5254 719 5309 erint·
