3764 5992
477 428 523 475 nr.
548 426 706 475 ιιιουστι
734 428 858 495 τοττι,
887 430 930 479 ur
954 433 989 481 ru
1015 433 1214 484 οιιτιοτιιιιι
1239 435 1449 487 οοιιιτιιοειι.
1682 421 1729 517 59
1829 439 1832 445 ’

176 552 257 612 ἰότατι
268 552 464 631 φρονήματος,
485 554 533 614 ααί
551 545 761 633 παρακελεύεται
783 553 821 633 μὴ
848 558 952 638 θαρρεῖν
1008 562 1085 619 siout
1097 573 1126 620 et
1145 581 1198 621 uos
1217 562 1392 622 dimittimus
1415 564 1593 624 debitoribus
1610 571 1727 625 nostris.

176 654 224 709 τοῖς
235 643 457 723 κατορθώμασιν,
481 646 551 707 ἀλλὰ
576 645 689 706 δεδιέναι
713 645 760 706 καί
782 646 888 726 τρίμειν
908 648 954 708 καί
1010 650 1077 709 Tria
1097 650 1180 710 simul
1199 652 1270 712 ἰιοιιει
1286 652 1359 712 bisoe
1375 653 1466 714 verbis
1478 657 1731 735 operaturzeosqui

176 740 221 794 τῶν
233 734 371 814 προτέρων
388 737 599 817 ἁμαρτημάτων
613 738 800 816 μνημονεύειν·
815 743 852 808 ὡς
871 739 917 800 καλ
940 747 955 801 ὁ
1008 740 1045 800 ad
1057 763 1195 803 summum
1209 743 1319 804 virtutis
1331 745 1447 825 gradum
1466 762 1645 827 pervenerunt
1656 748 1731 808 dete

175 827 300 891 θεσπέσιος
321 836 399 886 ποιεῖ
423 830 547 903 Παῦλος,
567 828 637 908 μετδι
656 830 738 910 μυρία
757 831 953 911 κατορθώματα
1009 834 1180 899 mediocriter
1193 837 1292 896 sentire
1302 837 1392 915 docet,
1406 839 1536 918 jubetque
1560 854 1631 900 reete
1643 840 1732 900 -iactis

175 919 260 995 λέγειν·
279 916 351 977 Ὅτι
368 917 480 992 Ἰησοῦς
504 922 619 1001 Χριστὸς
633 912 712 994 ήλθεν
735 925 772 989 εἰς
797 923 843 983 τδν
855 924 954 1002 κόσμον
1008 945 1062 984 nou
1073 926 1218 1004 confidere,
1230 927 1278 987 sed
1287 929 1433 989 formidare
1445 943 1650 1009 atquetremere
1660 953 1731 1012 prte-

177 1010 341 1090 ίμαρτοιλολς
356 1016 464 1087 σῶσαι,
478 1005 515 1072 ὧν
535 1013 640 1096 πρῶτός
654 1017 708 1093 εἰμι
722 1013 791 1093 ίγύ·
813 1018 860 1074 οὐκ
870 1006 953 1090 εἶπεν,
971 1025 990 1073 c
1008 1016 1149 1077 teritorum
1162 1039 1293 1078 memores
1302 1034 1474 1100 peecatorum
1484 1045 1490 1079 :
1499 1022 1609 1100 quodet
1618 1020 1730 1085 divinus

176 1104 247 1179 ήμην,
260 1104 334 1173 ἀλλ’,
360 1105 454 1182 Εἰμί,
482 1105 583 1173 δεικνύς
604 1104 647 1166 ότι
670 1105 805 1166 ἄπαυστον
823 1097 878 1188 εἶχε
900 1113 953 1168 τῶν
1008 1109 1109 1169 Paulus
1122 1111 1198 1185 lacit,
1213 1125 1274 1192 post
1295 1127 1421 1171 sexcenta
1446 1115 1575 1194 praeclare
1598 1129 1671 1196 gesta
1684 1114 1730 1175 di-

175 1194 349 1272 rimendum
364 1195 420 1267 τήν
435 1195 557 1275 μνήμην.
570 1199 637 1264 Τοῖς
660 1198 708 1276 μίν
730 1188 774 1257 οὖν
790 1199 880 1279 ἄκροις
903 1199 953 1274 τήν
1007 1222 1092 1261 cens:
1115 1204 1262 1280 Quoniam
1296 1205 1430 1265 Christus
1459 1208 1548 1267 Jesus
1582 1210 1666 1266 venit
1696 1211 1759 1265 inr.
1775 1219 1836 1266 rim.
1854 1233 1874 1266 ι.

176 1287 259 1364 ἀρετήν
273 1287 331 1346 ἀπὸ
347 1293 400 1359 τῆς
414 1288 655 1368 ταπεινοφροσύνης
677 1289 823 1369 ἀσφάλειαν
836 1289 880 1349 διδ
893 1290 951 1351 τού-
1007 1295 1149 1352 muudum
1161 1296 1204 1352 ud
1216 1295 1395 1369 salraudum
1406 1312 1584 1375 peccatores,
1604 1319 1729 1381 quorum
1740 1281 1776 1328 ¹⁵·

175 1382 282 1436 meisi
308 1379 402 1459 λόγων
425 1380 635 1460 ἐμηχανήσατο·
659 1379 719 1450 τοὺς
741 1381 768 1440 δί
789 1381 953 1453 πταίσαντας
1004 1387 1117 1462 primus
1134 1405 1186 1464 ego
1204 1406 1279 1445 sum.
1295 1388 1355 1445 Non
1369 1385 1451 1462 dixit,
1464 1386 1559 1462 Εσοιιι,
1572 1388 1632 1466 sed,
1644 1390 1726 1468 Sum,

174 1472 232 1550 μετὶ
243 1473 293 1544 τήν
309 1479 360 1532 τοῦ
382 1474 463 1553 ἁγίου
485 1473 668 1552 βαπτίσματος
681 1476 760 1555 χάριν
770 1477 819 1535 οὐκ
843 1475 952 1557 ἀφίησιν
1006 1489 1164 1555 presentem
1175 1498 1203 1536 se
1221 1499 1324 1559 semper
1336 1478 1485 1539 facinorum
1501 1481 1658 1542 memoriam
1680 1480 1730 1540 ba·

174 1563 361 1642 ίτσγινῶσκειν
383 1570 435 1636 τῆς
456 1568 557 1624 ίαυτῶν
581 1567 729 1649 σωτηρίας,
743 1568 802 1626 ἀλλ’
816 1569 898 1626 αἰτεῖν
913 1569 953 1626 δι-
1006 1565 1070 1626 bere
1099 1567 1263 1647 significans.
1289 1569 1326 1628 lis
1356 1568 1439 1648 igitur
1467 1571 1515 1649 qui
1544 1572 1572 1631 in
1602 1593 1729 1652 supremo

174 1657 254 1714 δέσκει
266 1655 348 1736 παρὸ
362 1661 413 1714 τοῦ
430 1658 523 1736 ἰατρῶ
545 1661 599 1716 τῶν
611 1661 703 1740 ψυχῶν
717 1663 765 1730 τῆς
786 1657 903 1739 ἀρίστοις
918 1659 952 1719 τί
1007 1659 1116 1718 virtutis
1132 1659 1220 1739 gradu
1233 1674 1306 1734 sunt,
1321 1681 1357 1720 ex
1375 1661 1529 1721 bumilitate
1552 1662 1665 1722 tutelam
1680 1684 1729 1745 per

174 1748 303 1825 φάρμακα.
319 1748 398 1827 Πρὸς
409 1749 438 1807 δί
454 1749 574 1826 τούτοις,
593 1750 640 1811 καί
660 1752 857 1832 φιλανθρωπίας
878 1753 953 1811 διδα-
1006 1750 1065 1810 baec
1076 1752 1159 1813 verba
1171 1752 1349 1833 paravitzeos
1357 1767 1458 1829 autem,
1470 1754 1516 1833 qui
1527 1769 1588 1836 post
1600 1755 1729 1836 baptismi

173 1840 274 1900 τααλίσν
284 1845 301 1900 ό
312 1840 396 1921 λόγος
407 1841 569 1902 ὑποτίθεται.
590 1843 718 1904 Βούλεται
734 1843 785 1925 γὰρ
799 1848 870 1924 ἡμᾶς
881 1845 952 1924 ήμί-
1006 1844 1122 1923 gratiam
1136 1844 1205 1924 lapsi
1227 1857 1300 1918 sunt,
1315 1844 1350 1904 de
1360 1846 1446 1905 salute
1459 1846 1601 1928 desperare
1611 1869 1660 1906 sua
1675 1868 1729 1907 non

173 1957 223 2011 ραις
234 1924 304 1991 εἷναι
314 1933 381 2013 περί
396 1933 458 2001 τοὺς
474 1934 650 2009 ὑπευθύνους,
673 1937 870 2014 ἀμνησικόκους
889 1939 950 2022 περί
1005 1935 1081 2026 sinit,
1091 1936 1139 1996 sed
1154 1936 1232 1996 docet
1241 1936 1277 1995 ab
1288 1936 1438 1996 animarum
1452 1937 1557 1999 medico
1574 1934 1663 2019 petere
1682 1959 1729 2000 ve·

173 2024 223 2091 ταλς
234 2028 271 2092 εἰς
286 2031 365 2103 ἡμᾶς
388 2029 632 2104 πλημμελοῦντας,
656 2027 747 2108 καλιῇ
767 2029 828 2111 περί
844 2029 951 2098 τούτους
1006 2029 1058 2087 niae
1077 2029 1205 2090 remedia.
1222 2029 1265 2087 nd
1278 2029 1337 2088 baec
1351 2051 1416 2088 vero
1432 2029 1610 2090 humanitatis
1622 2029 1729 2089 doctri-

173 2116 306 2197 σογγνένμῃ
323 2121 434 2185 ίσυτοῖς
447 2120 589 2200 δωρεῖσθαι
613 2118 786 2199 συγγνώμην,
806 2121 852 2180 καί
879 2129 950 2202 ἡμᾶς
1005 2141 1069 2179 nam
1092 2120 1222 2199 suggerit.
1241 2120 1311 2182 Vult
1331 2121 1403 2179 enim
1426 2141 1475 2180 nus
1497 2121 1575 2181 miter
1598 2143 1662 2201 erga
1683 2141 1729 2181 eos

130 2284 133 2289 ἢ
174 2209 252 2278 αὖτοὺς
277 2210 473 2291 προεισφέρειν
495 2214 544 2280 τῆς
570 2211 767 2292 φιλανθρωπίας
795 2213 830 2274 τί
852 2214 946 2297 μίτρα.
968 2229 1072 2284 nesse,
1083 2213 1130 2292 qui
1144 2213 1230 2295 oulpae
1249 2228 1312 2272 sunt
1326 2213 1448 2290 obnoxii,
1458 2228 1485 2273 et
1499 2214 1662 2297 injuriarum
1675 2235 1727 2274 no-

173 2301 295 2360 Τωοῖτον
309 2300 367 2383 γδρ
383 2305 512 2380 αἰτῶμεν
525 2303 628 2378 λαύεῖν,
639 2303 698 2364 ὅσον
709 2311 763 2371 τοῖς
772 2307 885 2379 πλησίον
895 2331 951 2368 πα-
1005 2303 1049 2363 bis
1057 2303 1196 2364 illatarum
1214 2305 1396 2383 immemores,
1413 2320 1444 2365 ut
1465 2328 1514 2387 per
1533 2307 1641 2367 veniam
1662 2305 1730 2389 ipsis

173 2392 284 2472 ρίχομεν,
308 2391 361 2452 καί
385 2392 519 2466 τοσαύτης
536 2393 657 2473 ἀξιοῦμεν
670 2395 827 2476 συγγνώμης
850 2409 949 2479 τυχεῖν,
1004 2393 1096 2455 datam
1107 2410 1134 2456 et
1149 2418 1196 2456 nos
1210 2396 1318 2456 veniam
1332 2417 1527 2476 consequamur
1538 2421 1544 2454 :
1556 2411 1582 2458 et
1594 2397 1647 2478 ipsi
1658 2396 1729 2480 praess

172 2483 223 2556 ίοην
241 2493 298 2551 τοῖς
317 2483 461 2566 ὀφείλουσι
483 2486 648 2568 δωρούμεθα.
670 2487 743 2570 Πρδς
765 2487 868 2558 τούτοις
890 2490 949 2552 ίκι-
1005 2501 1098 2547 euntes
1109 2487 1283 2567 benignitatis
1294 2487 1406 2548 modum
1417 2502 1442 2547 et
1455 2510 1608 2549 mensuram
1626 2489 1728 2548 ailera-

172 2577 308 2654 λσόσθηιιεν
320 2577 428 2656 λέγειν,
445 2577 500 2637 Καί
514 2576 553 2655 μὴ
577 2577 725 2661 εἰσενέγκῃς
742 2584 814 2659 ἡμᾶς
829 2584 866 2650 είς
886 2606 950 2642 πει·
1005 2600 1081 2639 mus:
1092 2592 1197 2639 tantum
1212 2578 1284 2639 enim
1299 2580 1418 2660 recipere
1440 2581 1619 2661 postulamus,
1636 2602 1728 2662 quan-

174 2667 271 2746 ρτομδν,
285 2667 362 2728 ἀλλὰ
381 2672 464 2747 ῥῦσαι
482 2673 555 2747 ἡμᾶς
575 2670 629 2730 ἀπὸ
647 2677 693 2729 τοῦ
713 2679 838 2754 πονηροῦ.
857 2674 950 2735 Πολλία
1004 2683 1063 2730 tum
1085 2670 1213 2752 proximo
1233 2669 1325 2750 largiti
1346 2693 1455 2731 sumus:
1469 2685 1495 2731 et
1505 2685 1608 2731 tantum
1620 2671 1729 2733 veniam

174 2758 274 2840 ιιὲνγδρ
289 2764 362 2838 ἡμῖν
389 2763 422 2819 ἐκ
444 2760 599 2833 διαόολικῆς
623 2762 754 2843 ἐνεργείας
781 2765 951 2847 προσγίνεται
1003 2783 1139 2842 rogamus,
1155 2777 1284 2842 quautam
1298 2761 1468 2823 debitoribus
1491 2763 1731 2825 concedimusln-

172 2851 277 2932 λυτηρί,
294 2849 393 2912 πολλὰ
420 2852 452 2912 δὲ
472 2853 520 2913 καί
542 2852 569 2922 ἐξ
591 2853 785 2935 θνθρώπων,ή
810 2863 950 2940 προφανῶς
1003 2875 1137 2937 superque
1152 2853 1241 2914 dicere
1261 2854 1402 2934 docemur,
1417 2857 1457 2915 Et
1479 2877 1584 2917 nenos
1604 2857 1731 2918 inducas

172 2943 396 3025 ’ἰτηριαζόντιση
416 2943 437 3017 ἢ
456 2948 564 3027 ἀφανῶς
588 2946 818 3010 ἰπιόσυλωόντων.
846 2952 901 3012 Καὶ
919 2953 950 3014 τὸ
1002 2949 1035 3004 in
1049 2949 1253 3021 tentationem,
1266 2947 1319 3007 sed
1332 2948 1489 3006 liberanos
1504 2968 1522 3006 a
1538 2947 1729 3008 mulo.lllulta

172 3035 312 3112 οῶμαποτί
325 3035 381 3114 μίν
397 3037 655 3121 ίπανισισίμινοντῇ
672 3045 744 3122 ψυχῇ
754 3042 893 3123 ,χαλεπὴν
905 3046 949 3126 ἕρ.
1003 3060 1119 3117 namquo
1132 3038 1211 3098 nobis
1225 3060 1259 3099 ex
1273 3038 1376 3098 diaboli
1391 3061 1471 3121 opera
1485 3037 1617 3098 accedunt
1626 3039 1728 3100 tristia:

171 3127 263 3202 γιίιται
275 3128 409 3208 Mur·
422 3129 489 3191 ποτί
507 3129 536 3190 δί
554 3134 732 3203 παντοδαποῖς
753 3137 949 3217 α’ῤῥωστήμσσι
1001 3131 1087 3191 multa
1100 3132 1164 3190 item
1175 3153 1209 3191 ex
1223 3131 1392 3210 hominibus,
1403 3130 1445 3193 vel
1457 3131 1548 3213 palam
1559 3130 1670 3208 infestis,
1684 3133 1729 3193 vol

171 3228 318 3300 περιπῖπτον
355 3221 454 3290 ὀδύνας
488 3227 553 3302 ἡμῖν
573 3224 691 3307 ἐπιφέρει
712 3227 758 3287 καί
790 3229 947 3308 ἀχθηδόνας.
1001 3223 1072 3282 clam
1087 3222 1289 3283 insidiantibus.
1314 3224 1420 3306 Corpus
1439 3225 1520 3283 etiam
1542 3223 1624 3284 modo
1636 3238 1729 3285 contra

171 3309 269 3385 Ἐπειδὴ
293 3312 387 3373 τοίνυν
411 3311 502 3374 πολλδ
527 3315 574 3375 καί
595 3316 709 3398 διάφοροί
728 3320 785 3378 ἐστι
806 3321 946 3400 πολλαχό-
1000 3315 1119 3375 animam
1133 3316 1273 3396 insurgens
1290 3337 1374 3395 grave
1387 3316 1520 3376 damnum
1533 3317 1629 3394 iniert3
1646 3317 1728 3378 modo

170 3407 203 3459 θεν
223 3406 436 3484 προσπίπτοντα
460 3406 587 3489 λυπηρὰ,
605 3408 782 3491 ἐδιδάχθημεν
804 3411 878 3494 παρὰ
900 3417 946 3472 τοῦ
963 3432 983 3480 τ,
1000 3408 1085 3469 variis
1099 3406 1272 3469 debilitatum
1291 3407 1404 3484 morbis,
1419 3408 1526 3481 dolores
1548 3408 1627 3468 uobis
1648 3423 1728 3489 atque

169 3494 225 3554 Θιυῖ
237 3501 291 3556 τῶν
301 3498 376 3556 ὅλων
391 3501 477 3557 αἰτεῖν
496 3497 546 3571 τήν
563 3498 662 3560 τούτων
677 3503 845 3584 ἀπαλλαγήν.
860 3507 946 3564 Αὐτοῦ
998 3501 1142 3581 languores
1166 3502 1247 3582 parit.
1264 3501 1360 3579 ltaque
1373 3521 1436 3560 eum
1449 3501 1535 3560 multa
1550 3515 1574 3560 et
1586 3501 1663 3563 varia
1678 3523 1726 3561 nos

169 3584 208 3666 γλρ
219 3588 507 3666 ἰττμύνοντος,πασα
519 3590 567 3668 μὲν
578 3592 787 3655 κατααόέννυται
798 3597 882 3671 ζόλη,
893 3602 907 3657 ό
918 3596 946 3658 δί
1000 3593 1119 3672 undique
1140 3592 1227 3652 tristia
1249 3590 1419 3668 adoriantur,
1437 3592 1472 3651 ab
1496 3593 1530 3651 iis
1550 3591 1677 3651 omnibus
1697 3606 1728 3653 ut

169 3678 256 3739 κλύδων
270 3685 311 3749 εἰς
322 3681 449 3761 γαλήνην
464 3683 693 3760 μεθίσταται,καί
705 3691 840 3768 ὑποχωρεῖ
862 3713 947 3770 κατη-
998 3685 1161 3760 liberemur,
1176 3706 1192 3742 a
1213 3685 1270 3743 Deo
1285 3683 1475 3743 universorum
1496 3698 1586 3765 petere
1605 3683 1727 3744 institui-

169 3774 309 3851 σγιμμένσς
324 3778 341 3833 θ
357 3773 491 3853 πονηρὸς,
505 3775 625 3859 καθάπερ
638 3777 702 3838 uoti
717 3778 775 3847 τοὺς
794 3778 947 3859 ἀνθρώπως
999 3798 1070 3838 mur.
1087 3779 1149 3858 lpso
1171 3797 1286 3853 namque
1301 3775 1412 3836 vindice
1425 3775 1534 3836 sedatur
1547 3776 1636 3837 omnis
1657 3792 1726 3837 tem-

169 3866 328 3924 ιετσλείπων
345 3865 421 3925 κατὰ
437 3870 492 3924 τῶν
507 3867 604 3947 χοίρων
616 3867 762 3952 ἐχώρησεν,
777 3869 836 3930 οὐδὲ
862 3873 946 3933 ίκεῖνσ
999 3883 1098 3950 postas,
1114 3869 1213 3928 lluctus
1229 3868 1256 3926 in
1272 3867 1497 3947 tranquillitatem
1512 3868 1612 3928 cedunt
1620 3892 1629 3944 3
1645 3870 1726 3929 mali·

168 3960 266 4027 ποιῆσαι
277 3957 426 4036 τολμήσας
442 3958 506 4038 δίχα
518 3963 563 4018 τοῦ
586 3959 764 4031 κελεύσαντος.
785 3961 820 4023 Ὁ
834 3962 861 4024 δί
876 3963 945 4023 κατὰ
999 3981 1120 4040 gnusque
1130 3959 1176 4020 ille
1185 3959 1345 4041 pudefactus
1356 3960 1480 4037 discedit,
1493 3960 1726 4039 quemadmodum

167 4048 252 4130 χοίρων
265 4050 395 4119 ἐξουσίαν
412 4051 460 4108 οὐκ
484 4050 630 4131 iguem<
642 4054 788 4134 ἀνθρώπων
802 4050 944 4138 ἰγρηγορό-
960 4098 984 4138 ,2
998 4052 1065 4111 olim
1087 4053 1188 4112 relictis
1211 4051 1383 4130 hominibus,
1409 4051 1444 4111 ad
1466 4075 1562 4134 porcos
1583 4052 1725 4113 discessit:

168 4163 209 4198 τιν
223 4143 270 4202 κσί
280 4141 436 4223 νηφόντων,
451 4141 498 4200 καί
513 4141 564 4202 tut
582 4146 652 4204 Θεοῦ
673 4146 943 4226 φυλαττομένων,καί
962 4156 982 4200 Δ
999 4167 1083 4226 neque
1100 4159 1188 4205 tamen
1202 4140 1278 4231 illud¹
1288 4144 1406 4223 injussus
1415 4145 1501 4203 iacere
1514 4160 1553 4204 est
1568 4166 1659 4204 ausus.
1670 4144 1726 4216 Qui
1810 4154 1814 4160 ’

168 4235 269 4307 βασιλέα
287 4237 391 4293 οἰκεῖον
406 4233 560 4312 ήγουμίνων
577 4236 655 4296 αὐτόν
677 4242 811 4318 κρατῆσαι
831 4239 943 4312 δυνήσε-
998 4261 1062 4300 vero
1076 4259 1109 4297 ne
1124 4237 1152 4296 in
1164 4257 1259 4318 porcos
1272 4235 1383 4315 quidem
1394 4250 1554 4318 potestatem
1567 4237 1661 4314 habet,
1672 4257 1726 4315 quo

166 4347 220 4397 ται;
247 4325 303 4385 dub
326 4331 410 4384 τοῦτο
430 4325 478 4384 καί
496 4329 535 4405 τῷ
559 4327 629 4388 τίλει
653 4335 701 4402 τῆς
721 4336 885 4412 προσευχῆς,
899 4340 945 4393 τοῦ
999 4342 1076 4411 parto
1090 4329 1212 4388 homines
1223 4327 1367 4409 pervigiles
1377 4328 1521 4407 animoque
1534 4341 1723 4408 temperantes,

166 4420 227 4479 θεοῖ
245 4419 295 4493 τήν
311 4417 457 4498 βασιλείαν
480 4418 526 4478 καλ
551 4420 598 4494 τήν
619 4421 731 4501 δύναμιν
746 4422 854 4496 καλιήν
869 4425 945 4495 δόξαν
999 4422 1050 4481 Dei
1065 4435 1152 4502 septos
1164 4417 1302 4501 prasidio,
1318 4418 1365 4498 qui
1379 4441 1442 4478 eum
1455 4421 1555 4499 Regem
1572 4439 1629 4478 esse
1641 4439 1723 4478 suum

165 4513 298 4587 ίτέδειξεν,
316 4510 420 4571 εἰπών·
434 4509 520 4572 ’Ὅτι
534 4520 581 4574 σοῦ
593 4516 665 4574 ἐστιν
680 4520 698 4588 ή
719 4517 841 4596 βασιλεία
862 4518 907 4577 καὶ
926 4524 943 4591 ἡ
998 4528 1104 4595 putant,
1118 4512 1226 4573 vincere
1244 4512 1350 4593 possit?
1365 4511 1538 4593 Quapropter
1550 4511 1578 4570 in
1595 4511 1649 4569 fine
1662 4532 1723 4570 ora·

164 4604 266 4682 δόναμις
287 4604 369 4675 καλή
386 4603 450 4674 δόξα
468 4607 505 4672 εἰς
520 4603 579 4671 τοίς
604 4609 709 4674 αἰῶνας.
733 4607 826 4688 Ἀμήν.
850 4612 876 4669 Τ
878 4616 944 4670 αῶτα
998 4607 1078 4665 tionis
1091 4605 1142 4664 Dei
1153 4625 1279 4684 regnum,
1295 4604 1425 4665 virtutem
1437 4617 1464 4662 et
1476 4602 1623 4682 potentiam
1637 4615 1724 4660 osten·

162 4697 222 4776 γιλρ,
234 4698 330 4778 φησίν,
344 4701 414 4757 αἰτῶ
425 4697 502 4778 παρὰ
513 4704 573 4772 σοῦ,
585 4697 626 4757 δτι
638 4690 697 4758 σ’ίδσί
710 4723 740 4760 σε
752 4699 865 4779 βασιλία
877 4702 944 4761 πόν-
997 4697 1038 4757 dit
1050 4696 1160 4757 diceus:
1175 4699 1322 4775 Quoniam
1342 4709 1424 4755 tuum
1438 4708 1480 4754 est
1494 4714 1615 4775 regnum
1630 4707 1659 4752 et
1670 4714 1723 4773 po-

162 4812 218 4864 τισν,
230 4791 339 4851 αἰώνιον
352 4789 518 4868 κεκτημένον
532 4789 645 4872 κρότος,
659 4791 706 4850 καί
725 4791 814 4852 πάντα
828 4794 943 4872 δυνόμε-
998 4804 1089 4851 testas
1098 4803 1126 4848 et
1137 4790 1234 4872 gloria
1245 4793 1277 4846 iu
1288 4789 1407 4848 sucula.
1416 4787 1527 4845 Amen.
1542 4786 1611 4862 Hoc,
1623 4785 1722 4864 inquit,

163 4904 211 4956 ναι,
222 4881 325 4963 ὅσαπερ
336 4881 371 4943 ἰν
386 4881 478 4962 θέλῃς,
493 4881 541 4942 καί
561 4881 638 4950 δοἝαν
659 4885 820 4962 κεκτημένον
833 4886 944 4968 ἀναφαί-
999 4884 1048 4943 abs
1059 4897 1085 4943 te
1095 4895 1171 4963 peto,
1188 4880 1276 4959 quite
1289 4879 1353 4939 novi
1363 4881 1463 4959 Regem
1475 4877 1615 4953 omnium,
1625 4891 1723 4938 aeterno

165 4995 241 5050 ρεται.
254 4973 342 5056 Ὑπὲρ
355 4973 497 5039 δίτούτων
508 4972 635 5035 ἁπάντων
656 4975 890 5057 εθχαριστήσωμιν
903 4980 942 5059 τῷ
999 4973 1144 5057 preditum
1158 4971 1287 5054 imperio,
1303 4971 1350 5050 qui
1365 4970 1465 5048 omnia,
1484 4990 1661 5049 quacumque
1673 4989 1722 5030 re·

194 5166 205 5189 ·
220 5152 289 5215 Hae,
301 5161 477 5220 δημιζόντων
488 5159 504 5215 ἢ
514 5148 722 5220 timendorum
732 5153 759 5204 ἰο
775 5150 872 5219 Editis3
882 5149 935 5203 sed-
985 5163 996 5190 ·
1016 5149 1076 5199 llaec
1094 5157 1224 5214 postrema
1242 5144 1369 5199 clausula,
1380 5161 1436 5212 quoe
1447 5142 1545 5197 ebena
1563 5140 1683 5212 Vulgata,
1696 5143 1722 5195 in
1744 5104 1747 5109 ·

165 5227 318 5282 labarum
330 5231 389 5285 un.
952 5227 1039 5281 Bibliis
1049 5227 1144 5280 Grecis
1156 5224 1258 5293 legitur.
