3764 5992
261 451 330 520 272
579 448 609 493 S.
636 443 776 494 JOANMS
801 436 984 487 CHRYSOST·
1011 435 1168 484 ARCEIEP·
1196 433 1466 484 CONSTAN‘HNOP.

261 591 316 630 uus
340 590 428 629 meus.
444 569 516 629 Tum
541 570 597 628 itta
618 572 718 628 estivo
738 563 864 644 palliolo
882 571 977 620 sumto
1027 560 1293 633 Κατεπήδησενιίπδ
1305 557 1701 637 τῆςκαμήλω.ούτισςσάταῖς
1715 562 1771 641 ῥύμη

261 682 293 721 sc
303 665 448 741 obnupsit.
467 659 589 719 Observa
604 657 694 718 omnia
708 653 801 714 testari
812 653 869 732 ejus
883 649 975 709 mode·
1033 650 1118 724 πολλὴ
1135 650 1202 729 μετδι
1220 650 1390 734 σωφροσύνης
1401 641 1443 723 ἦν.
1459 649 1512 712 Καί
1528 641 1586 710 εἶπε
1599 653 1637 731 τῷ
1649 653 1725 711 παιδί·
1735 656 1771 722 'sie

110 760 158 802 Gon
171 755 251 818 είθτ.
261 748 357 824 stiam,
383 768 464 826 quam
488 746 593 828 pudens
623 758 731 804 cratae
756 737 917 802 verecunda.
938 739 979 796 Et
1035 743 1276 824 ἐστινδάνθρωπος
1289 741 1596 822 ίκεῖνοςδπορευάμενος
1610 745 1636 802 ἐν
1650 747 1685 823 τῷ
1700 745 1771 828 setim

262 843 374 920 accepit
397 859 463 897 eam
492 858 610 896 uxorem
634 839 742 907 Isaac,
766 832 927 910 dilexitque
947 832 980 887 in
1035 824 1103 893 Είπε
1113 835 1140 894 δὲ
1154 838 1168 893 δ
1180 843 1256 908 παῖς,
1268 835 1302 896 Ὁ
1313 834 1400 914 κύριός
1410 858 1471 913 μου.
1485 824 1554 894 Eira
1564 833 1773 915 λαάαῧσατδθίρν

263 943 378 989 tantum
391 942 422 988 ut
434 929 538 987 leniret
549 927 691 997 dolorm,
706 928 757 1006 qui
772 922 819 982 itti
834 943 870 980 ex
886 933 979 979 morte
998 932 1015 978 θ
1034 949 1111 1006 στρον
1124 927 1305 1008 περιεύάλετο.
1319 925 1393 1006 Ὅρα
1409 931 1548 1007 πανταχοῦ
1565 925 1614 999 τὴν
1632 928 1771 1007 σωφροσύνην

261 1022 357 1082 Sorroe
364 1018 765 1080 matrisaccideret.}iaecnon
777 1013 979 1075 temercdicun-
1034 1021 1114 1091 αὐτῆς
1130 1018 1356 1100 μαρτυρουμένην,
1374 1022 1430 1087 πῶς
1449 1009 1483 1091 ἦν
1505 1018 1681 1098 αίσχυντηρδ,
1696 1012 1773 1093 zekir

263 1129 316 1186 tur,
329 1111 402 1191 quod
423 1112 549 1172 dilexerit
561 1132 637 1186 eam,
652 1106 979 1189 quodqueprosolamine
1033 1108 1178 1189 αἰδέσιμος.
1193 1109 1247 1170 Ιίαδ
1261 1108 1354 1169 nats
1374 1107 1456 1181 αὐτ-λυ
1473 1114 1488 1169 δ
1505 1109 1617 1185 Ἰσαάκ,
1639 1109 1684 1169 καλ
1697 1112 1774 1189 ίγίνπο

192 1225 198 1232 ·
263 1206 352 1264 luctus
363 1205 496 1282 habuerit,
509 1205 558 1264 sed
572 1217 602 1263 ut
614 1203 713 1271 discas,
727 1200 827 1279 quibus
840 1198 921 1259 rebus
931 1199 979 1259 itta
1032 1203 1103 1282 αὐτῷ
1118 1205 1155 1271 είς
1177 1212 1290 1282 γυναῖκα
1308 1201 1353 1262 καί
1369 1202 1508 1282 ἠγάπησεν
1530 1201 1622 1275 αὐτὴν,
1646 1202 1690 1262 καὶ
1707 1227 1773 1284 παρι·

264 1295 392 1355 maritum
414 1295 442 1355 in
457 1316 575 1355 amorem
589 1294 631 1353 sui
645 1293 802 1374 pellexerit,
814 1312 880 1370 quus
898 1288 979 1349 domo
1032 1294 1117 1368 κλήθη
1128 1294 1190 1375 πὲρλ
1200 1295 1307 1375 Σάρρας
1320 1300 1368 1367 τῆς
1382 1295 1482 1375 μητρδς
1496 1296 1587 1354 αὐτοῦ.
1601 1297 1661 1375 Οὐχ
1671 1296 1774 1362 ἀπλδςδί

264 1407 355 1447 secum
364 1387 498 1447 attulerat.
510 1389 580 1462 Quis
587 1386 660 1446 enim
670 1385 751 1444 talem
762 1403 815 1442 non
829 1382 977 1458 adamaret,
1032 1391 1116 1445 ταῦτα
1129 1385 1247 1468 εἴρηται,
1267 1385 1308 1445 ὅτι
1328 1387 1467 1464 ἠγάπησεν
1482 1386 1575 1459 αὐτὴν,
1589 1384 1635 1446 καί
1646 1386 1774 1465 παραλίθη

264 1492 319 1537 tam
337 1477 493 1553 modestam,
507 1491 563 1536 tam
578 1479 794 1551 honestam‚tam
805 1474 977 1556 hospitalem,
1032 1477 1094 1557 περὶ
1112 1482 1159 1551 τῆς
1174 1479 1281 1559 Σάρρας
1295 1483 1342 1551 τῆς
1355 1478 1455 1561 μητρὸς
1470 1482 1565 1553 αιίτοῦ,
1580 1480 1639 1538 ἀλλ’
1657 1477 1697 1536 ίνα
1710 1477 1774 1559 μάθγς

264 1569 411 1629 humanam
423 1582 449 1628 et
462 1568 605 1629 amabilem
608 1568 719 1646 ,fortem
728 1566 818 1627 animo
826 1575 852 1626 et
859 1566 979 1626 validam
1031 1578 1078 1631 τοῦ
1092 1572 1200 1653 φίλτρου
1214 1573 1321 1642 καὶτῆς
1335 1570 1440 1651 ἀγάπης
1453 1569 1500 1639 τὰς
1514 1569 1667 1643 ὑποθέσεις,
1687 1570 1712 1638 ἀς
1723 1572 1775 1631 oino-

264 1663 396 1745 corpore?
405 1663 469 1723 Haec
479 1662 551 1737 diri,
566 1675 662 1722 utnon
677 1660 795 1722 audiatis
806 1675 921 1736 tantum,
934 1675 980 1720 aut
1033 1669 1076 1722 θεν
1095 1665 1193 1745 ἔχουσα
1204 1655 1282 1738 λλθεν
1297 1668 1315 1736 ἡ
1329 1663 1404 1744 γυνή.
1424 1663 1473 1731 Τίς
1486 1662 1539 1745 γάρ
1559 1663 1607 1737 τὴν
1620 1663 1731 1736 τοιαύτην
1740 1668 1774 1724 ἀι

263 1754 364 1815 auditis
382 1753 571 1836 applaudatis,
585 1753 634 1815 sed
659 1767 689 1812 ut
712 1753 794 1813 etiam
806 1752 978 1812 aemulemini.
1033 1757 1064 1815 ἀν
1077 1757 1218 1835 ἠγάπησε,
1229 1754 1277 1829 τλν
1292 1753 1360 1816 ούτω
1374 1754 1495 1837 σώφρονα
1508 1798 1516 1829 ,
1531 1754 1580 1828 τλν
1600 1755 1667 1815 odem
1678 1756 1774 1833 κοσμίαν,

264 1845 301 1906 Et
311 1860 399 1928 patres
408 1846 519 1926 quidem
535 1845 735 1929 providentiam
748 1844 979 1926 patriarchaeimi·
1031 1848 1080 1920 τὴν
1094 1847 1162 1908 ούτω
1176 1847 1307 1929 φιλόξενον
1322 1847 1367 1908 καί
1379 1848 1564 1929 φιλάνθρωπον
1576 1846 1622 1905 καί
1632 1846 1729 1927 ἥμερον,
1739 1846 1774 1919 τίν

262 1939 367 2018 tamini,
380 1961 434 2019 qua
448 1959 513 1998 usus
524 1953 563 1998 est
576 1938 604 1998 in
616 1937 736 2020 paranda
751 1957 835 1995 uxore
845 1936 978 2017 simplici,
1032 1940 1153 2021 ἀνδρείαν
1172 1939 1219 2019 μδν
1231 1938 1300 2001 κατδ
1316 1939 1365 2013 την
1378 1938 1477 2020 ψυχὴν,
1494 1939 1635 2021 ῥωμαλέον
1649 1938 1675 2000 δὲ
1688 1938 1775 1998 miri

262 2036 314 2090 non
325 2030 453 2112 pecunias
467 2052 599 2110 querens,
615 2051 667 2090 non
682 2028 850 2110 splendorem
865 2029 978 2107 generis,
996 2049 1015 2095 c
1031 2034 1130 2109 σῶμα;
1158 2033 1252 2092 Ταῦτα
1276 2021 1370 2102 ελπον,Ι
1386 2032 1437 2111 οὐχ
1455 2029 1498 2089 ίνα
1521 2030 1665 2102 ἀκούσητε,
1683 2031 1729 2089 αδδ
1744 2029 1776 2088 ίνσ

263 2142 315 2181 non
338 2121 569 2204 pulchritudinem
587 2121 717 2203 corporis,
731 2141 784 2180 nou
800 2119 877 2179 aliud
895 2119 977 2199 quid·
1032 2121 1191 2190 άκούσαντες
1204 2123 1362 2196 ἔπαινὲσητε
1374 2122 1464 2201 μόνον,
1473 2124 1532 2183 ἀλλ’
1542 2121 1585 2182 ἵνα
1598 2123 1643 2182 καλ
1656 2121 1776 2195 ζηλιύοηττ,

132 2244 252 2302 Quomodo
263 2236 345 2296 quam
368 2229 465 2297 praeter
488 2215 691 2296 generositatem
709 2212 793 2273 animi
805 2236 813 2271 ε
824 2234 873 2273 vos
890 2225 980 2271 autem
1032 2213 1085 2273 Καί
1098 2214 1211 2295 πατέρες
1227 2213 1274 2293 μὲν
1296 2213 1345 2286 τλν
1365 2213 1490 2293 πρόνοιαν
1510 2220 1557 2274 τοῦ
1574 2213 1730 2295 πατριάρχαι
1742 2237 1777 2290 μι-

110 2308 238 2381 ‘murenae
263 2322 361 2368 matres
372 2306 435 2367 date
446 2328 564 2389 operam,
573 2320 604 2365 ut
617 2305 653 2365 ad
670 2305 744 2364 hunc
755 2303 867 2363 modum
879 2301 978 2362 eduee-
1033 2313 1140 2383 μεῖσθε,
1152 2308 1185 2380 ἣν
1200 2310 1314 2367 ἐποιεῖτο
1330 2307 1392 2388 περὶ
1413 2312 1459 2365 τοῦ
1471 2305 1564 2366 λαθεῖν
1585 2313 1693 2385 γυναῖκα
1710 2306 1778 2364 ἀπλα-

110 2372 190 2477 ῗίξζςζ
208 2386 253 2415 '¹¹⁸‘
263 2402 299 2462 tis
309 2415 411 2464 vestras
425 2400 505 2460 filias.
528 2401 612 2458 Porro
632 2397 723 2480 sponsi
746 2397 793 2476 qui
807 2417 852 2457 eas
871 2394 979 2455 ducturi
1032 2421 1104 2471 στον,
1119 2397 1290 2479 οὐχριίματα
1302 2397 1483 2471 ἐπιζητήσας,
1496 2396 1628 2473 σθγίνους
1644 2396 1779 2476 λαμπρότη-

262 2509 335 2570 suut,
349 2494 451 2554 ducant
463 2514 525 2552 cum
535 2492 673 2551 honestate
686 2490 782 2567 simili,
797 2488 977 2549 exterminan-
1031 2515 1082 2563 τα,
1096 2495 1126 2552 οὐ
1137 2491 1260 2570 σώματος
1275 2489 1386 2564 κάλλος,
1400 2494 1446 2551 οθκ
1460 2491 1527 2550 ἀλλο
1537 2488 1621 2563 αδδὲν,
1635 2488 1701 2548 ἀλλὰ
1712 2491 1782 2569 ψυχῆς

262 2603 302 2648 tes
318 2588 405 2647 risum
416 2632 424 2660 ,
434 2585 564 2653 choreas,
579 2583 792 2665 turpiloquium,
805 2583 924 2657 fistulas,
940 2580 978 2640 ti-
1032 2581 1161 2660 εὐγένειαν
1174 2581 1267 2660 μόνον·
1280 2581 1392 2663 μητέρες
1404 2580 1432 2642 δὲ
1442 2580 1513 2641 οὕτω
1524 2581 1572 2649 τδς
1582 2583 1681 2640 ἑαυτῶν
1695 2578 1783 2660 umet

262 2680 333 2757 hias,
355 2677 526 2738 diabolicum
547 2675 628 2738 illum
646 2690 807 2757 apparatum
832 2674 979 2753 etreliqua
1032 2696 1093 2754 φετε
1121 2673 1274 2756 θυγατέρας.
1300 2677 1336 2734 Οἱ
1362 2672 1391 2734 δὲ
1415 2673 1526 2752 άγεσθαι
1559 2671 1640 2739 αθτίις
1667 2671 1786 2750 μέλλοντα

263 2770 437 2853 hujusmodi,
457 2790 615 2850 semperque
637 2768 791 2828 inuocantes
815 2768 923 2845 Ιλοιιιιε,
949 2781 980 2828 ut
1031 2766 1155 2849 νυμφίοι,
1172 2765 1248 2845 μετὰ
1270 2764 1401 2838 τοσαύτης
1421 2765 1501 2834 σι’πδς
1520 2764 1599 2845 άγετε
1623 2762 1786 2842 κοσμιότητος

262 2863 395 2924 mediator
407 2861 479 2921 adsit
496 2860 631 2920 actionum
643 2873 796 2919 nostrarum
806 2859 936 2920 omnium.
949 2859 979 2920 Si
1031 2858 1136 2938 χορείας
1155 2858 1202 2936 μδν
1219 2857 1265 2917 καί
1277 2857 1395 2937 γέλωτας
1419 2857 1465 2916 καί
1489 2855 1597 2938 ῥήματα
1620 2854 1733 2937 σίσγρδ,
1750 2852 1789 2914 καί

261 2956 334 3015 enim
344 2975 387 3015 res
395 2966 498 3013 nostras
504 2952 556 3011 hoc
562 2949 978 3033 pactodisposuerimus,nullunr
1032 2948 1158 3031 σύριγγας
1175 2949 1220 3009 καὶ
1235 2948 1344 3022 αθλοδς,
1358 2949 1404 3009 καὶ
1417 2947 1466 3022 τὴν
1480 2946 1635 3020 διαάολικὴν
1650 2944 1789 3028 φαντασίαι,

262 3047 413 3107 divortium
427 3056 494 3122 erat,
501 3042 575 3102 nulla
589 3041 715 3101 adulterii
730 3040 862 3123 suspicio:
873 3054 920 3100 aut
933 3063 978 3102 oc·
1031 3040 1077 3100 καί
1090 3040 1124 3100 τὰ
1137 3040 1206 3100 ἀλλα
1218 3040 1308 3101 πάντα
1321 3040 1356 3100 τδ
1369 3045 1480 3100 τοιαῦτα
1491 3039 1664 3119 ἑξορίζοντες,
1676 3039 1719 3099 τδν
1731 3035 1790 3100 etr

263 3139 333 3199 casio
346 3137 555 3219 zelotypim,non
565 3135 693 3212 rixa,uon
702 3133 899 3210 conteuti0,sed
908 3135 978 3195 mul·
995 3157 1015 3202 ι)
1032 3133 1059 3193 δὲ
1074 3133 1115 3193 ἀεὶ
1128 3136 1343 3212 παρακαλοῦντες
1358 3133 1469 3210 μεσίτην
1487 3133 1612 3212 γενέσθαι
1625 3136 1678 3191 τῶν
1691 3151 1790 3212 epm

263 3249 288 3291 ta
304 3233 426 3291 fruemur
446 3249 523 3311 pace,
532 3227 670 3308 multaque
684 3226 840 3301 eoncordia,
853 3227 979 3305 aquibus
1032 3226 1117 3304 μένων
1127 3225 1261 3286 ἁπάντων.
1276 3221 1324 3285 Ἂν
1338 3227 1390 3305 γδρ
1401 3223 1471 3285 οὕτω
1484 3224 1518 3284 τδ
1531 3227 1592 3284 καθ’
1607 3223 1715 3292 ἑαυτούς
1732 3224 1790 3284 oin·

264 3345 316 3384 non
330 3324 445 3383 aberunt
465 3322 578 3381 virtutes
593 3333 704 3378 caeterae.
719 3319 796 3378 Sicut
808 3318 880 3378 enim
895 3340 979 3379 uxore
1032 3319 1200 3397 νομήσωμεν,
1220 3320 1268 3377 uix
1279 3318 1441 3378 ἀποστάσιον
1457 3316 1534 3377 ἔσται
1547 3315 1629 3388 emt,
1642 3317 1673 3377 οὗ
1687 3312 1797 3396 μσιχιίκ·

262 3417 389 3476 amarito
410 3411 557 3473 dissidente
578 3411 648 3471 nihil
670 3410 728 3471 sani
748 3424 787 3470 est
807 3410 836 3470 in
862 3409 976 3484 edibus,
1032 3411 1147 3492 ὑποψία,
1162 3412 1191 3470 οὔ
1202 3408 1361 3481 ζηλοτυπίας
1373 3406 1520 3491 πρόφασις,
1539 3413 1569 3469 οὐ
1583 3408 1660 3488 μάχη
1672 3409 1716 3468 καί
1732 3406 1794 3489 ίρις,

262 3508 366 3570 etiamsi
379 3506 501 3586 alioquin
528 3526 570 3565 res
592 3525 686 3564 corum
712 3502 830 3564 secundo
858 3504 980 3564 ferantur
1033 3501 1102 3562 ἀλλδι
1115 3504 1216 3574 πολλῆς
1231 3500 1279 3580 μὲν
1292 3500 1495 3580 ἀπσλαυσάμεθα
1505 3504 1554 3573 τῆς
1568 3498 1791 3583 είρήνητ,πυλλῖ.τ

263 3602 329 3661 ssatn
343 3625 349 3658 :
362 3601 399 3659 ita
411 3600 479 3658 dnum
493 3619 548 3679 pax
560 3596 693 3657 constabit
706 3610 732 3656 et
746 3595 981 3671 conoordia,nihil
1034 3594 1061 3653 δὲ
1083 3599 1131 3667 τῆς
1157 3594 1296 3672 ὁμονοίας·
1309 3593 1408 3665 ταύτης
1431 3593 1459 3653 δδ
1482 3594 1579 3668 οὔσης,
1604 3593 1651 3653 καὶ
1674 3595 1701 3653 αί
1724 3591 1789 3651 άλλαι

264 3693 314 3751 crit
330 3692 450 3767 insuave,
464 3689 569 3750 etiamsi
588 3687 709 3768 quotidie
723 3700 892 3770 tempestates
904 3688 978 3748 acci-
1033 3686 1140 3753 πάντως
1160 3686 1268 3765 ἕψονται
1284 3686 1386 3768 ἀρεταί.
1402 3685 1510 3766 Ὥσπερ
1525 3684 1594 3768 γάρ,
1609 3683 1728 3765 γυναικὸς
1739 3681 1790 3764 spir

264 3785 330 3844 dant
342 3783 476 3864 plurime.
492 3782 522 3842 Si
535 3781 587 3843 δυσ
599 3781 679 3842 modo
693 3781 911 3841 consiliabuntur
931 3800 981 3839 nu·
1033 3779 1116 3859 ἀνδρα
1128 3777 1337 3853 στασιαζούσης,
1350 3778 1424 3839 etto
1432 3778 1503 3859 θγιές
1514 3778 1590 3859 ἔσται
1602 3779 1647 3839 eu
1657 3782 1704 3851 τῆς
1714 3774 1790 3845 οἰκίαι,

265 3874 339 3954 ptiae,
354 3872 480 3955 perfacile
501 3872 648 3954 poterimus
661 3871 698 3931 ad
720 3873 846 3932 virtutem
869 3870 982 3932 educare
1034 3869 1083 3929 κδν
1098 3870 1204 3930 ἅπαντα
1218 3874 1253 3929 τὰ
1267 3870 1335 3930 ἄλλα
1349 3870 1420 3930 κατὰ
1435 3875 1495 3951 ῥοῦν
1517 3869 1631 3953 φίρηται
1647 3869 1790 3953 πράγματα·

265 3965 372 4024 liberos.
384 3962 441 4024 Ubi
463 3962 534 4022 enim
549 3975 636 4021 mater
650 3976 705 4021 tam
721 3962 831 4022 honesta
845 3963 982 4041 sominae
1033 3959 1117 4029 ούτως
1139 3961 1301 4040 ὁμονοούσης
1326 3961 1371 4021 καί
1390 3961 1593 4042 είρηνευούσης,
1627 3962 1700 4022 οθδδν
1730 3959 1789 4018 ἔσται

265 4056 366 4134 sobria,
381 4054 506 4134 omnique
516 4055 617 4115 virtute
625 4053 748 4135 predita,
761 4056 880 4136 profecto
894 4056 980 4116 mari-
1035 4051 1128 4127 ἀηδὲς,
1147 4053 1196 4113 κᾶν
1213 4054 1302 4135 μυρίοι
1316 4057 1445 4134 χειμῶνες
1466 4055 1526 4113 καθ’
1540 4054 1657 4125 ἑκάστην
1669 4052 1789 4113 τίκτοντα

264 4165 324 4210 tum
340 4147 474 4209 desiderio
487 4149 530 4207 sui
548 4146 634 4227 capiet
646 4166 677 4205 ac
690 4145 931 4227 devinciet3atque
945 4149 982 4210 ita
1000 4168 1019 4215 a:
1035 4144 1082 4219 τὴν
1106 4145 1221 4226 ἡμέραν.
1238 4141 1284 4205 Ἂν
1299 4144 1382 4212 οὕτως
1403 4149 1428 4205 σί
1450 4144 1533 4225 γάμοι
1548 4145 1693 4225 γίνωνται,
1707 4139 1787 4204 misi

265 4239 377 4300 habebit
390 4259 451 4297 eum
464 4237 581 4296 alacrem
595 4234 747 4317 adjutorem
761 4236 789 4296 in
804 4237 929 4298 curandis
937 4253 982 4299 at·
1034 4236 1129 4296 παιδία
1142 4236 1211 4315 μετὰ
1231 4238 1390 4309 πολλῆςτῆς
1404 4236 1524 4305 εὐκολίας
1537 4239 1574 4306 είς
1586 4235 1683 4319 ἀρετὴν
1701 4238 1788 4314 deurit

266 4355 319 4413 que
333 4329 504 4392 instituendis
517 4327 707 4388 communibus
725 4328 820 4389 liberis
830 4352 838 4404 ς
850 4329 985 4410 simulque
1035 4328 1210 4407 δυνησόμεθα.
1223 4327 1311 4388 Ὅταν
1322 4328 1401 4409 γδρή
1417 4327 1507 4408 μήτηρ
1521 4320 1632 4409 ούτωςῇ
1645 4321 1788 4406 κυσμίηκσί

267 4426 357 4485 Deum
368 4421 402 4482 ad
411 4418 632 4502 prospiciendum
642 4419 681 4479 eis
696 4420 812 4480 attrahet
827 4445 833 4478 :
846 4443 900 4501 quo
914 4423 986 4504 aspi·
1036 4418 1159 4501 σώφρων,
1181 4419 1226 4480 καὶ
1240 4430 1329 4480 πᾶσαν
1341 4419 1438 4503 ἀρετὴν
1450 4419 1620 4498 κεκτημένη,
1639 4420 1741 4485 πάντας
1754 4413 1788 4474 καὶ

267 4530 342 4576 rante
350 4529 402 4574 tam
413 4513 528 4573 honeste
545 4511 773 4572 administrationi
786 4512 951 4594 domestice,
959 4529 985 4576 et
1036 4514 1081 4573 τδν
1096 4514 1179 4597 ἄνδρα
1192 4515 1260 4573 ἑλεῖν
1275 4513 1426 4586 δυνήσεταιΙ
1435 4511 1480 4572 καί
1500 4512 1683 4593 χειρώσασθαι
1694 4513 1730 4591 τῷ
1743 4503 1790 4587 rupi

267 4621 409 4668 exercente
422 4625 568 4687 puerorum
579 4603 695 4681 animos,
707 4604 796 4663 omnia
810 4601 922 4686 posihac
934 4607 983 4687 ju·
1038 4604 1118 4678 αὐτὴν
1132 4605 1223 4687 πόθῳ·
1239 4606 1334 4665 ἑλοῦσα
1350 4605 1377 4664 δὲ
1390 4602 1480 4677 αὐτὸν,
1502 4603 1570 4682 μετὰ
1583 4606 1685 4675 πολλῆς
1701 4601 1746 4671 stu
1755 4599 1791 4668 sis

267 4698 356 4760 cunda
369 4711 447 4758 erunt
461 4710 487 4755 et
497 4695 594 4769 felicia,
608 4696 689 4755 rebus
702 4709 759 4755 tam
769 4698 839 4756 bene
853 4700 986 4779 composi·
1037 4697 1183 4776 προθυμίας
1207 4701 1353 4776 βοηθοῦντα
1372 4695 1437 4777 πρὸς
1453 4694 1502 4769 τλν
1520 4699 1573 4755 τῶν
1593 4695 1696 4756 παίδων
1716 4686 1793 4769 turd-

268 4793 315 4870 us,
327 4807 353 4852 et
366 4790 401 4850 iis
423 4789 471 4869 qui
494 4803 614 4869 presunt
633 4788 672 4848 sic
694 4790 797 4849 affectis
814 4793 986 4873 :poteritque
1037 4789 1182 4863 δεινωπαὶ
1202 4786 1247 4849 τδν
1267 4788 1337 4848 Θεὸν
1359 4786 1442 4855 οὕτως
1465 4786 1646 4848 ἐπισπάσεται
1674 4784 1736 4868 epit
1754 4780 1793 4850 dt

269 4880 983 4962 unusquisqueunacumsuadomo,videlicetuxore,
1037 4881 1121 4953 αὐτὴν
1140 4880 1239 4953 ταύτην
1259 4878 1403 4960 πρόνοιαν·
1418 4878 1518 4940 ἐκείνου
1533 4878 1560 4938 δὲ
1583 4873 1796 4961 συνεφαπτομίαν

267 4974 361 5033 liheris
377 4995 408 5031 ac
429 4972 556 5048 famulis,
570 4986 595 5031 et
607 4987 766 5052 praesentem
788 4973 873 5032 vitam
893 4994 985 5036 secure
1036 4978 1084 5048 τῆς
1105 4978 1189 5048 καλῆς
1208 4974 1306 5046 ταύτης
1327 4972 1495 5050 οἰκονομίας,
1516 4971 1562 5030 καί
1583 4971 1632 5039 τδς
1655 4968 1739 5053 ψυχὰς
1754 4968 1797 5027 νῦν

269 5085 407 5146 peragere,
420 5078 447 5123 et
473 5062 508 5123 ad
532 5064 659 5124 celorum
683 5085 796 5144 regnum
825 5065 984 5145 pervenire:
1035 5067 1136 5128 παίδων
1160 5071 1318 5139 ἀσκοῦντος,
1336 5064 1411 5124 οὐδὲν
1426 5063 1506 5138 ἀηδδς
1519 5063 1596 5123 ἔσται
1618 5063 1723 5137 λοιπὸν,
1742 5058 1800 5119 ἀλλὰ

269 5179 327 5235 que
345 5156 423 5215 nobis
438 5156 564 5215 omnibus
582 5156 764 5237 pergratiam,
779 5157 981 5238 benignitatem,
992 5213 1027 5250 m
1036 5159 1081 5219 καὶ
1093 5161 1127 5220 τδι
1138 5164 1185 5232 τῆς
1196 5159 1281 5227 οἰκίας
1293 5150 1321 5218 ed
1335 5156 1514 5227 διακείσεται,
1529 5157 1580 5213 τῶν
1596 5155 1733 5236 ἀρχόντων
1744 5151 1802 5211 nim

269 5247 515 5312 ctrnisuirordiaur
528 5247 982 5314 suamcoocedatDominusnoster
998 5268 1018 5317 a
1036 5254 1223 5332 διακειμένων·
1238 5251 1282 5312 καί
1298 5250 1365 5330 μετδι
1381 5255 1429 5325 τῆς
1445 5247 1530 5317 οἰκίας
1543 5247 1626 5316 ούτως
1638 5247 1747 5314 ἕκαστος
1761 5246 1805 5305 δυ-
