3764 5992
132 438 201 520 344
439 455 469 502 s.
497 455 637 504 torturis
667 450 849 501 crrrrsosr.
880 447 1035 498 lucrose.
1062 452 1335 502 consrismuor.

16 605 74 646 νιν..
94 601 117 662 4.
129 583 228 657 nerint,
239 579 305 640 sudi
319 581 409 661 ipsum
428 581 545 639 Paulum
557 579 707 640 dicentem:
730 579 846 636 Bonum
902 575 948 632 λου
962 574 1098 653 λέγοντος·
1111 577 1166 636 Τὸν
1187 578 1277 655 ἀγῶνα
1293 575 1339 635 τδν
1353 573 1436 633 καλὸν
1448 571 1544 652 ἠγόινια

21 667 45 709 8.

127 688 274 735 certamen
284 677 404 744 certavi,
414 669 846 750 cursumconsommooi,fidem

128 770 263 826 servavi.-
278 769 310 824 ιἰι
324 766 438 845 reliquo
449 769 576 844 reposita
587 777 633 824 est
649 765 722 822 milii
735 778 845 819 corona

127 862 348 937 justinopolim
358 857 459 915 reddet
468 859 542 915 milri
546 860 644 936 justus
649 851 844 935 juder.Qiian-

129 945 184 1005 do?
196 949 234 1003 In
245 945 302 1003 illa
314 946 374 1012 die·
385 963 445 1001 ιιοιι
455 944 549 1003 solum
561 955 659 1001 autem
672 938 807 1012 milri‚sed
816 948 845 993 et

130 1039 262 1094 omnibus
276 1035 329 1115 qui
340 1035 467 1113 diligunt
478 1034 636 1092 adventum
650 1034 722 1110 ejus.
733 1028 768 1086 Et
784 1047 846 1085 rur·

129 1149 191 1186 sum
203 1126 269 1185 alibi
286 1123 409 1184 indicans
423 1126 492 1184 bons
507 1125 554 1183 illa
565 1123 699 1183 universis
715 1119 797 1180 simul
809 1116 845 1177 sd

129 1217 273 1276 fruendum
290 1214 457 1276 concedenda
469 1236 541 1288 esse,
560 1210 847 1273 Thessalonicensibus

901 665 997 745 δρόμον
1015 668 1153 741 τετίλεκα,
1163 668 1212 741 τὴν
1227 668 1316 728 πίστιν
1336 664 1484 746 reciproce·
1496 667 1544 724 λοιι

899 758 985 815 κειταί
998 782 1044 836 μοι
1062 766 1076 819 ὁ
1092 766 1139 832 τῆς
1154 758 1322 829 δικαιοσύνης
1340 757 1484 836 στίφανσς,
1496 757 1544 817 lvi

900 873 945 924 μοι
959 854 973 909 δ
986 851 1084 919 δίκαιος
1098 854 1198 933 κριτής.
1209 851 1294 925 Πθιτς
1309 851 1358 910 Ἔν
1376 849 1464 928 ἐκτίνῃ
1479 853 1544 927 τῇίγ

899 939 976 1017 μόνον
988 943 1016 1002 δί
1034 943 1108 1021 ἐμοὶ,
1128 943 1197 1005 ἀλλίι
1219 944 1265 1002 καί
1283 953 1352 1002 πᾶσι
1374 951 1429 1009 τοῖς
1447 947 1544 1020 ἠγαπηι

898 1031 1050 1112 ἐπιφάνειαν
1067 1039 1156 1095 αὐτοῦ.
1180 1035 1234 1094 Καὶ
1251 1033 1332 1094 πάλιν
1352 1036 1473 1113 ἀλλαχοῦ
1496 1033 1544 1090 δια

899 1128 973 1203 ιιοινξῑΙ
985 1135 1066 1186 πᾶσιν
1079 1133 1096 1199 ἡ
1112 1131 1163 1186 τῶν
1179 1130 1284 1204 ἀγαθῶν
1305 1124 1453 1190 ἀπόλαυσις
1474 1124 1544 1182 δίδου

900 1217 1066 1276 σαλονιιιεῖισι
1088 1217 1196 1297 γράφων
1222 1213 1327 1296 ἔλεγεν·
1355 1217 1443 1294 Εἴπερ
1475 1213 1544 1273 δίκαι

15 1329 84 1372 rom
99 1338 119 1370 ι.
130 1310 169 1370 sic
179 1308 274 1369 scribit
287 1332 294 1366 :
308 1309 456 1389 Siquidem
466 1310 577 1388 justum
597 1318 641 1364 est
657 1305 738 1384 apud
750 1305 846 1362 Deum

15 1407 38 1451 7·
130 1414 163 1461 ut
177 1402 319 1460 reddatur
336 1400 536 1484 affligentibus
548 1418 603 1456 vos
615 1396 751 1483 efflictio,
761 1396 848 1452 vobis

902 1310 964 1386 Θεῷ
975 1309 1118 1368 ἀποδοῦναι
1133 1317 1188 1375 τοῖς
1204 1307 1339 1367 θλίθαισιν
1351 1311 1422 1384 ὑμᾶς
1441 1305 1537 1384 θλίψιν,

902 1407 957 1465 τοῖς
976 1400 1140 1477 θλιόομίνοις
1153 1400 1239 1460 άνεσιν
1255 1401 1409 1478 μεθ’ἡμῶν.
1431 1396 1485 1458 Καί
1501 1396 1544 1456 mi

130 1506 230 1552 autem
248 1496 299 1573 qui
319 1491 489 1576 affligimini
501 1485 649 1549 relaxatio
664 1509 726 1547 ιιιια
746 1488 847 1545 nolis·
902 1496 979 1567 ἡμεῖς
990 1495 1015 1550 oi
1033 1494 1139 1564 ζῶντος,
1152 1494 1176 1549 oi
1191 1489 1407 1570 περιλειπόμενοι
1416 1492 1456 1556 τίς
1468 1487 1515 1560 τὴν
1526 1511 1544 1547 π

1 1591 85 1633 rom
97 1589 120 1646 l·
131 1605 208 1646 oum.
225 1588 266 1643 Αο
278 1603 406 1642 rursum:
424 1584 571 1660 Quoniam
586 1602 638 1640 nos
649 1583 699 1663 qui
709 1582 847 1652 vivimus,
902 1587 948 1641 τοῦ
967 1581 1085 1663 Κυρίου,
1100 1586 1129 1641 οὖ
1144 1583 1183 1661 μὴ
1197 1581 1339 1663 φθάσωμεν
1352 1579 1413 1649 tot<
1429 1579 1544 1657 κοιμηθίι

13 1684 18 1694 ’
132 1680 184 1756 qui
204 1677 400 1756 relinquimur
416 1678 448 1731 ιἰι
463 1676 622 1733 adventum
636 1673 769 1742 Domini,
789 1690 848 1727 non
867 1692 884 1738 γι
902 1674 1008 1733 πάντων
1022 1672 1122 1733 ταίτων
1143 1675 1242 1747 δηλῶν,
1260 1671 1302 1732 ὅτι
1320 1676 1396 1751 κοινῇ
1419 1672 1521 1736 πάντας
1540 1693 1544 1728 2

129 1771 337 1846 preveniemus
355 1787 403 1826 eos
424 1771 475 1847 qui
494 1768 695 1825 dormierunt:
716 1783 764 1843 per
790 1760 848 1820 haee
901 1765 1128 1845 παραγενομένοις
1142 1770 1194 1825 τῶν
1208 1764 1335 1846 οὐρανίων
1349 1768 1435 1842 τιμῶν
1450 1763 1544 1823 omlis

131 1859 221 1933 omnia
235 1859 332 1919 doeens
349 1875 472 1940 oportere
494 1879 542 1917 nos
564 1857 646 1917 simul
662 1875 753 1914 omnes
774 1867 800 1912 et
819 1852 847 1912 in
902 1857 989 1916 Τοῦτο
1001 1856 1046 1915 καὶ
1067 1865 1122 1924 τοῖς
1143 1856 1258 1937 φθάσασι
1278 1854 1382 1927 πολλὴν
1401 1854 1478 1936 φέρει
1497 1852 1544 1924 τίνι

131 1973 274 2012 commune
286 1951 399 2010 caelestis
413 1950 523 2009 honoris
543 1948 735 2031 possessionem
748 1967 780 2004 ao
790 1946 848 2003 fru-
900 1945 963 2005 όταν
974 1947 1042 2023 μετὰ
1055 1951 1108 2007 τῶν
1118 1946 1221 2007 οἰκείων
1232 1950 1319 2023 μελῶν
1327 1951 1382 2006 τῶν
1396 1945 1544 2027 ἀπορρήτιν

131 2058 205 2103 etum
220 2043 350 2123 accipere.
371 2042 429 2102 Hoc
442 2041 532 2121 ipsum
546 2040 627 2100 etiam
651 2038 709 2097 illis
727 2037 775 2116 qui
799 2057 848 2095 nos

131 2148 321 2216 praecesserunt
335 2153 461 2212 magnam
479 2135 558 2192 affert
575 2132 753 2211 voluptatem,
774 2126 848 2206 quod

132 2246 186 2284 una
201 2246 263 2284 eum
277 2225 393 2306 propriis
406 2220 848 2299 membrissintineffahililiosillis

132 2317 210 2375 bouis
231 2316 398 2398 perimituri.
412 2316 519 2375 Etenim
534 2329 608 2396 pater
621 2311 849 2373 menssmhalieus

132 2407 303 2488 splendidam
326 2429 358 2466 oc
376 2407 528 2488 opiparam,
540 2421 599 2466 tum
610 2406 722 2466 demum
748 2405 849 2484 majore

133 2519 195 2558 com
219 2499 357 2579 voluptate
377 2521 407 2558 ca
425 2499 541 2572 fruetur,
559 2498 668 2578 quando
690 2497 769 2556 liberi
786 2508 849 2555 sunt

132 2591 191 2671 ejus
199 2591 346 2672 voluptatis
358 2613 390 2650 ac
398 2590 544 2650 hilaritatis
549 2589 704 2671 participes.
712 2589 758 2648 Sic
768 2588 848 2648 etiam

903 2039 1086 2100 ἀπολαύσωσιν
1100 2042 1215 2117 ἀγαθῶν.
1230 2040 1284 2100 Καὶ
1297 2040 1350 2121 γάρ
1367 2037 1458 2117 πατὴρ
1475 2060 1544 2118 τραπ

902 2131 988 2211 τίχων
1006 2134 1132 2214 λαμπρᾶς
1150 2131 1196 2190 καί
1214 2132 1388 2201 πολυτελοῦς,
1401 2128 1463 2189 τότε
1475 2128 1543 2207 μετὰ

903 2228 983 2292 αὐτῆς
995 2224 1173 2284 ἀπολαύσεται
1191 2227 1240 2294 τῆς
1258 2223 1437 2304 εὐφροσύνης,
1452 2223 1515 2280 όταν
1535 2244 1544 2299 γ

903 2319 981 2375 αὐτοῦ
1001 2315 1112 2374 παιδίοιν
1136 2313 1236 2395 μετέχῃ
1252 2318 1299 2385 τῆς
1312 2312 1427 2394 εὐωχίας
1447 2312 1493 2371 καί
1510 2313 1544 2391 tie

902 2406 981 2474 Οὕτω
994 2406 1041 2466 καί
1056 2408 1161 2473 Παῦλος
1170 2409 1216 2466 καί
1229 2409 1254 2465 οἱ
1267 2406 1327 2464 κατ’
1343 2408 1441 2465 ἐκεῖνον
1462 2404 1544 2463 άπαντ

901 2522 944 2564 νος
955 2496 1126 2570 αἰσθήσονται
1135 2501 1182 2568 τῆς
1196 2495 1343 2573 θυμηδίας,
1354 2495 1418 2555 όταν
1432 2495 1500 2573 μετὰ
1508 2498 1544 2553 τῶ

903 2591 989 2668 μελῶν
1003 2588 1074 2655 ὄντες
1095 2585 1279 2647 ἀπολαύσωσιν
1301 2589 1391 2657 αὐτῆς.
1414 2589 1456 2645 oo
1476 2585 1529 2666 γδρ

133 2683 236 2742 Paulus
247 2683 360 2763 ejusque
372 2682 474 2741 similes
497 2683 534 2741 ιἰα
558 2682 670 2741 demum
691 2680 849 2761 ampliorem
866 2697 886 2744 c
903 2680 1015 2760 πατέρες
1044 2679 1106 2761 περὶ
1136 2681 1233 2746 παῖδας
1260 2678 1454 2738 ἐπιδείκνυνται
1483 2679 1544 2757 φιλο

134 2775 247 2833 sentient
260 2773 344 2833 animi
351 2773 642 2854 voluptutem,quando
653 2793 704 2829 una
715 2792 776 2830 eum
786 2793 848 2851 pro·

134 2865 201 2947 priis
220 2865 360 2925 'membris
391 2864 437 2923 illa
461 2865 641 2945 perfruentur.
662 2863 754 2941 Neque
778 2861 849 2921 euim

133 2957 256 3038 patribus
266 2969 357 3015 tantus
369 2969 478 3035 esterga
488 2955 713 3027 liberosaiieetus,
723 2967 851 3031 quantam

133 3047 176 3106 illi
199 3044 409 3106 sollicitudinem
435 3058 533 3125 gerunt
555 3044 590 3107 de
604 3045 644 3104 eis
665 3043 714 3122 qui
729 3044 851 3104 eamdem

134 3137 243 3198 virtutis
253 3137 327 3197 viam
340 3151 401 3196 sunt
418 3135 542 3216 ingressi.
557 3138 596 3196 Ut
611 3136 696 3216 igitur
710 3136 791 3195 etiam
804 3159 852 3196 nos

135 3231 263 3290 ineomm
277 3229 324 3308 qui
333 3243 397 3289 tunc
413 3223 619 3287 honorabuntur
633 3249 744 3288 numero
758 3227 851 3302 simus,

133 3321 228 3382 demus
250 3342 361 3402 operam
383 3333 413 3379 ut
430 3333 535 3378 sanctos
546 3319 607 3378 illos
618 3340 802 3397 assequamur.
815 3319 851 3379 Et

133 3412 377 3492 quomodoassequi
387 3410 544 3491 poterimus,
563 3410 689 3489 inquies?
703 3410 764 3489 quis
774 3410 852 3470 nobis

135 3505 218 3580 viam,
231 3527 291 3584 quae
311 3505 346 3565 od
364 3502 517 3574 illosdueit,
535 3501 691 3569 indicabit?
708 3505 768 3584 lpse
783 3524 849 3562 sau-

903 2771 967 2842 όσην
981 2774 1077 2831 ίιιεῐνοι
1090 2771 1153 2852 περί
1167 2769 1227 2838 τοὺς
1240 2769 1273 2829 τδι
1288 2771 1356 2830 noel
1367 2769 1544 2851 scruplosis&

904 2864 994 2942 ἔχουσι
1003 2862 1174 2940 κηδεμονίαν.
1186 2861 1235 2921 ’δι’
1251 2853 1295 2919 οὖν
1305 2862 1351 2921 καί
1365 2866 1444 2939 ἡμεῖς
1457 2865 1511 2920 τῶν
1522 2885 1544 2920 τι

906 2953 991 3033 μένων
1019 2953 1176 3032 γινώμεθα,
1208 2953 1398 3030 σπυυδάζωμεν
1432 2953 1544 3010 καταλαί

905 3049 995 3125 ἁγίους
1008 3046 1133 3112 ἐκείνους.
1150 3046 1201 3106 Καὶ
1222 3051 1279 3111 πῶς
1297 3044 1482 3122 δυνησόμεθα,
1493 3067 1544 3124 φησ

905 3139 1081 3211 καταλαόιῐνς
1094 3137 1135 3205 τίς
1151 3142 1215 3214 ἡμῖν
1228 3136 1306 3205 δείξει
1323 3137 1372 3209 τὴν
1392 3138 1448 3194 ἐκεῖ
1459 3137 1544 3217 φίρωι

906 3231 990 3298 Αὐτὸς
1003 3235 1082 3290 ὁτῶν
1102 3230 1183 3307 ἁγίων
1205 3228 1309 3289 ἐκείνων
1323 3227 1478 3301 Δεσπότης,
1493 3229 1521 3295 θς
1539 3252 1544 3286 ι

906 3324 997 3392 αὐτοὺς
1010 3321 1227 3402 καταληψόμεθα
1239 3321 1316 3399 μόνον
1329 3321 1463 3394 διδάσκει,
1474 3319 1544 3379 ἀλλὰ

905 3418 1049 3496 ὁμωρόφιοι
1075 3415 1122 3474 καί
1149 3414 1274 3486 σύσκηνοι
1301 3411 1440 3491 γενιίιμεθα
1461 3423 1544 3471 πᾶσιν

906 3510 1043 3580 Ποιήσατε
1056 3507 1108 3587 γδιρ
1126 3513 1187 3584 ὑμῖν
1197 3506 1287 3585 φίλους
1298 3507 1330 3564 tr
1342 3512 1390 3564 τοῦ
1405 3514 1544 3583 μαμμωνᾶ

134 3610 239 3656 ctorum
263 3598 371 3657 illorum
385 3593 529 3669 Dominus,
542 3593 590 3672 qui
603 3614 656 3652 non
670 3593 758 3652 solum
783 3615 851 3672 quo·
904 3602 981 3674 χίας,
995 3599 1124 3680 perimis?
1135 3596 1197 3656 όταν
1211 3596 1352 3669 ἀκλίπητε,
1363 3597 1492 3664 δέξωνται
1504 3601 1544 3672 op*

135 3685 218 3751 modo
231 3686 291 3744 illos
313 3703 485 3763 assequimur
496 3681 584 3755 docet,
597 3683 774 3757 verumetiam
784 3703 852 3761 quo·
869 3709 888 3753 ς)
905 3693 1027 3759 αἰωνίους
1053 3693 1139 3750 αὑτῶν
1168 3687 1277 3761 σκηνάς.
1305 3691 1402 3755 Καλῶς
1433 3679 1520 3762 εἶπεν,

137 3778 219 3838 modo
232 3777 341 3836 illorum
356 3774 478 3835 omnium
489 3774 692 3833 contubernales
702 3795 734 3833 ae
749 3772 852 3834 sodales
905 3782 1035 3843 Ἐνταῦθα
1048 3781 1096 3860 μὲν
1109 3781 1161 3861 γὰρ
1175 3779 1223 3839 κᾶν
1237 3779 1363 3861 λαμπρὸν
1379 3780 1443 3859 ἔχῃς
1463 3781 1544 3840 obelon

1 3886 42 3927 ιιι.
59 3884 94 3929 ιο.
103 3895 128 3942 ς.
139 3870 197 3928 lieri
211 3869 359 3949 possimos:
374 3868 414 3926 nit
427 3866 517 3926 enim:
536 3869 640 3925 Facite
648 3869 852 3925 vobisamicos
904 3899 950 3934 ναν
964 3874 1068 3941 πάντως
1080 3872 1237 3954 φθειρομένη
1247 3877 1286 3953 τῷ
1296 3872 1397 3952 χρόνῳ·
1412 3873 1544 3948 pallos&

138 3961 175 4019 de
188 3978 355 4017 mammona
364 3961 541 4037 iniquitatis,
557 3969 589 4015 ut
602 3978 667 4015 σιιιιι
677 3959 852 4038 defeceritis,
905 3972 953 4038 τῆς
966 3965 1036 4025 κατὰ
1045 3965 1089 4023 τδν
1099 3965 1193 4044 χρόνον
1205 3968 1317 4044 φθορᾶς,
1328 3963 1439 4029 θάνατος
1450 3966 1544 4040 ἐμπετι

137 4051 279 4132 recipiant
292 4067 347 4106 vos
369 4051 402 4104 ιἰι
427 4059 538 4104 oetema
561 4066 616 4105 sua
646 4049 848 4108 tabernacula.
905 4062 947 4118 λιι
963 4081 994 4117 σι
1014 4063 1061 4129 τῆς
1073 4059 1199 4137 λαμπρᾶς
1219 4056 1317 4128 ταύτης
1336 4054 1482 4126 οἰκήσεως·
1500 4056 1544 4114 πολ

138 4143 220 4200 Recte
231 4137 314 4213 dixit,
323 4140 455 4196 AEterrto.
470 4138 539 4195 Nam
548 4135 575 4194 in
584 4135 739 4198 hoesaecnlo
748 4140 850 4200 etiamsi
905 4151 951 4210 χαὶ
964 4149 1016 4230 πρὸ
1027 4140 1073 4208 τοῦ
1086 4148 1197 4206 θανάτου
1209 4146 1375 4227 πραγμάτων
1389 4151 1470 4205 τινῶν
1483 4148 1544 4206 δυαιι

138 4227 424 4311 splendidamdomnm
433 4226 545 4302 habeas,
556 4227 665 4287 omnino
676 4243 853 4307 vetustateest
906 4242 1075 4321 συκοφαντῶν
1100 4239 1186 4319 ἔφοδοι
1216 4239 1262 4298 καὶ
1287 4239 1425 4299 {premisl
1453 4243 1544 4299 ἐιιπεαι

137 4323 274 4404 peritura:
292 4320 346 4380 imo
371 4319 445 4400 prius
466 4339 547 4396 quam
575 4317 623 4376 illa
648 4334 759 4400 pereat,
781 4343 853 4382 mors
905 4333 1117 4415 παρεσκεύασαν.
1127 4329 1202 4389 Ἐκεῖ
1216 4330 1243 4389 tl
1257 4329 1330 4389 οὐδὲν
1345 4330 1445 4389 τούτων
1461 4330 1533 4390 ἐστίν

139 4417 244 4475 irruens
266 4413 355 4495 ejiciet
374 4425 404 4480 ,te
414 4432 449 4469 ex
467 4409 612 4490 magnifico
625 4411 676 4470 isto
692 4410 851 4474 domicilio:
870 4442 888 4488 E
907 4449 965 4496 σαν,
980 4425 1009 4483 οὐ
1024 4420 1130 4503 φθορὰν,
1141 4423 1170 4480 αὗ
1181 4421 1301 4492 θάνατον,
1316 4423 1344 4478 οὐ
1361 4422 1544 4490 κατάπτωσιν,

139 4529 193 4567 non
209 4527 270 4567 raro
280 4503 390 4584 quidem
402 4502 520 4561 velante
533 4501 851 4585 obituminiaustanego
908 4520 1012 4597 φαντῶν
1026 4515 1161 4593 ἐπήρειαν,
1174 4514 1222 4573 οὐκ
1234 4513 1299 4572 ἄλλο
1316 4510 1400 4581 οὐδὲν,
1414 4511 1478 4571 ἀλλ’
1496 4512 1544 4572 mil

139 4599 186 4674 tis,
212 4595 435 4657 calumniatomm
450 4594 566 4674 impetus
577 4615 608 4653 ac
628 4593 732 4654 insidiae
743 4597 853 4673 tinniunt,
908 4605 1037 4673 ἀθάνατός
1053 4608 1155 4677 ἐστινὴ
1176 4604 1288 4675 οἴκησις.
1299 4604 1352 4663 Διά
1373 4608 1452 4662 τοῦτο
1466 4603 1544 4663 niori

141 4699 172 4745 ut
190 4684 252 4743 inde
268 4681 392 4764 ejieinris.
415 4681 476 4741 lllic
488 4695 578 4741 cirtem
592 4703 644 4741 non
659 4697 698 4742 cst
719 4685 791 4763 qnod
802 4687 856 4761 tale
908 4699 1027 4760 mim
1041 4697 1176 4769 11„,p„,„
1188 4701 1250 4775 ὖμῑ,
1265 4695 1370 4775 φίλως,
1381 4697 1474 4776 φησὶν,
1488 4699 1518 4754 ἐκ
1536 4711 1544 4751 γ

140 4776 289 4858 quidquam
320 4773 456 4833 verearis:
476 4794 528 4831 non
556 4773 772 4854 corruptionem,
802 4799 854 4838 nou
910 4795 1047 4869 μωνηνῆς
1060 4790 1173 4856 ἀπονίας,

141 4882 266 4939 ιιιοιιειιι,
282 4886 334 4925 non
348 4864 463 4936 ruinam,
474 4883 527 4921 non
539 4861 695 4940 damnrrms
707 4867 855 4928 calumnia·

144 4959 258 5035 toribus,
274 4978 326 5016 non
339 4954 415 5015 aliud
438 4953 605 5032 quidquem3
625 4955 819 5018 solimmobile
829 4975 856 5020 et

142 5049 293 5109 immortale
304 5061 344 5117 est
360 5038 537 5118 domicilium.
546 5048 855 5128 Quapropteraetemum

143 5138 380 5221 illudsppellsvit.
397 5140 502 5197 Facite
522 5140 607 5220 volis
623 5142 744 5219 amieos,
755 5140 853 5221 inquit,

144 5237 181 5294 de
199 5250 369 5291 mammona
382 5231 559 5308 iniquitatis.
