3764 5992
191 420 227 469 nr
248 418 368 469 vannis
393 421 570 485 crosnour,
598 422 728 471 urruau
758 423 993 473 susrinanarrs
1020 425 1191 493 uonrcuu,
1220 428 1296 475 erc.
1448 409 1516 505 557

134 540 322 615 νάιονποθαὴν
338 543 481 621 Αίμιπτον,
495 544 602 616 καὶτῆς
619 548 749 606 τοῦθεοῦ
807 545 917 605 modum
938 547 991 607 sibi
1016 548 1068 628 ipsi
1097 548 1174 608 fidat.
1189 551 1260 612 Cum
1280 551 1369 630 itaque
1384 553 1425 612 illi
1449 554 1522 614 dicta

134 633 219 710 ίας,κιλ
231 636 282 692 τῶν
296 636 356 711 μετ’
369 631 483 698 ἐκείνους
499 632 634 712 πολέμων,
656 639 752 712 ἀναμι·
806 633 891 714 ipsius
904 657 952 694 suo
965 637 1117 696 testimonio
1139 640 1344 719 confirmarent,
1359 643 1440 703 aliam
1464 645 1522 724 ipse

140 732 173 799 τῆς
182 725 258 804 μάχης
271 729 320 797 τῆς
330 726 373 784 ἐπ’
389 726 468 784 αὐτοῦ
483 725 624 804 γενομένης
639 725 685 785 καί
705 730 753 796 τῆς
806 728 934 785 virtutem
947 749 1024 787 suam
1036 729 1166 809 predicat
1178 753 1185 786 ο
1199 752 1230 790 ac
1245 735 1458 793 commemoratis
1470 756 1522 794 an·

134 816 341 898 ίςααροδοῖοι·κα“ι
356 815 437 876 εἰπὼν
446 821 503 883 πῶς
511 818 640 885 πολλάκις
650 818 693 877 διὰ
704 818 752 885 τὰς
806 816 888 894 tiquis
906 817 961 877 illis
984 819 1180 898 omnibus,qui
1203 821 1230 879 in
1254 822 1374 904 AEgypto
1397 826 1521 900 fuerunt,

134 907 224 991 ίμορτίας
234 916 287 973 τοῖς
305 908 442 984 πολεμίοις
464 907 680 987 παραδοθέντων,
691 908 752 968 ἐκά-
769 913 786 960 Β
807 927 906 965 necnon
921 908 972 966 Dei
983 910 1141 988 patrocinio,
1149 910 1281 990 bellisque
1290 935 1349 990 quae
1360 928 1449 994 postea
1460 937 1522 975 con·

134 999 206 1065 ἠλςτθι
216 997 293 1072 θεὸν,
311 998 358 1058 καλ
372 998 522 1071 ἀπήλλαξεν
534 997 626 1067 αὐτοὺς
637 1003 691 1059 τῶν
703 1023 752 1060 πο·
805 996 922 1074 tigerunt
930 1041 940 1073 ,
956 999 1037 1057 refert
1050 1020 1167 1079 pugnam
1186 1021 1214 1059 se
1230 1001 1300 1061 duce
1313 1004 1482 1066 commissam
1497 1021 1524 1067 et

139 1089 247 1151 orimur
260 1097 316 1156 τοῖς
330 1091 451 1156 παλαιοῖς
464 1089 499 1149 τὰ
511 1088 575 1161 νέα,
595 1090 689 1169 ἐπάγει
706 1089 752 1150 καὶ
806 1085 947 1145 victoriam
971 1087 1137 1168 inopinatam
1153 1112 1160 1146 r
1176 1110 1208 1148 ac
1232 1113 1293 1150 cum
1314 1092 1427 1154 dixisset
1450 1118 1523 1174 quo-

134 1178 259 1248 ίιτίατιιλε
268 1180 417 1258 Κάριοςτὸν
427 1178 575 1259 Ἰεροθάαλ,
582 1179 628 1239 τὸν
640 1181 751 1251 Γεδεὼν,
804 1175 885 1234 modo
898 1198 969 1257 serpe
979 1179 1014 1236 ob
1023 1193 1130 1258 peccata
1142 1201 1189 1239 sua
1204 1181 1318 1241 inimicis
1327 1184 1454 1260 traditos,
1463 1188 1521 1267 ipso

137 1268 215 1350 θορθι,
228 1269 274 1330 καί
283 1269 330 1329 τὸν
348 1270 449 1351 Ἰεφθάε
460 1314 468 1344 ,
482 1270 585 1330 καὶτὸν
604 1271 749 1349 Σαμουὴλ,
803 1280 935 1343 precante,
944 1268 1016 1325 Deus
1027 1267 1063 1325 ab
1072 1267 1195 1327 hostibus
1208 1269 1374 1344 liberaverit,
1384 1275 1521 1335 veteribus

134 1364 170 1420 λιν
183 1366 242 1438 ὑμᾶς
263 1359 398 1420 κίκλωθεν
419 1362 449 1420 ίκ
468 1363 556 1441 χειρὸς
575 1365 628 1420 τῶν
647 1363 749 1442 ἐχθρῶν
802 1357 916 1416 recentia
930 1356 1090 1438 adjungens,
1106 1359 1145 1418 sic
1158 1359 1239 1419 insert
1253 1384 1260 1416 ε
1276 1364 1360 1421 Misit
1375 1367 1457 1426 Deus
1470 1369 1520 1426 Je-
1535 1394 1553 1428 ι.
1565 1385 1621 1442 urg.
1638 1402 1672 1434 ιι.

134 1450 275 1512 imin
289 1451 453 1519 πεπηιθάιις,
800 1449 907 1506 robaal
918 1493 928 1519 ,
943 1449 1062 1508 Gedeort
1070 1494 1080 1526 ,
1098 1452 1206 1522 Barac,
1222 1452 1347 1531 Jeptroe,
1360 1468 1387 1512 et
1401 1456 1519 1517 Samue-
1534 1456 1569 1488 '¹'

801 1537 869 1612 lem,
881 1550 909 1596 et
917 1543 1022 1619 eripuit
1034 1560 1089 1599 vos
1099 1544 1131 1598 in
1141 1545 1264 1600 circuitu
1274 1545 1409 1603 domante
1421 1549 1518 1605 inimi·

799 1647 898 1687 corum
913 1643 1089 1702 vestrorum,
1098 1644 1126 1689 et
1135 1633 1277 1691 habitatis
1288 1634 1478 1714 confidenter.

137 1726 178 1791 ιιῑς
190 1726 241 1792 lte<
254 1734 309 1793 τοῖς
325 1725 409 1805 άγίηις
427 1722 465 1803 μὴ
480 1723 514 1783 τά
527 1728 627 1784 ἑαυτῶν
648 1750 745 1806 κάτορ-
837 1720 885 1778 10.
902 1719 1002 1780 Viden'
1016 1721 1152 1799 quomodo
1170 1723 1197 1780 in
1215 1742 1288 1782 more
1304 1723 1340 1782 sit
1354 1725 1516 1787 sanctisnon
1529 1754 1601 1798 „emir
1618 1772 1675 1801 non-

135 1816 207 1894 λέγειν,
228 1821 252 1876 εί
272 1817 311 1894 μή
331 1839 397 1876 ποτε
420 1822 679 1895 καταναγκασθεῖεν,
693 1817 745 1875 ora
798 1813 925 1892 preclara
938 1836 987 1874 sua
1001 1829 1074 1894 gesta
1087 1837 1196 1874 narrare
1210 1816 1262 1875 nisi
1277 1833 1388 1896 urgente
1400 1822 1517 1880 necessi·
1530 1818 1572 1858 ”⁵¹³
1584 1829 1675 1892 ωηεν·

134 1904 262 1974 tinente<
283 1908 348 1989 πρὸς
361 1906 469 1974 τούτους
489 1906 605 1985 βλέπων,
619 1907 666 1966 καί
679 1931 745 1967 ται·
799 1902 944 1962 ῑοιοθίάεο
958 1904 1060 1963 Paulus
1072 1906 1107 1964 ad
1125 1906 1174 1964 bos
1188 1907 1348 1987 respiciens,
1358 1923 1385 1968 et
1395 1924 1519 1970 accurate
1529 1891 1675 1986 152⁸:ssss

134 1997 255 2078 ιίιριόῶς,
267 1999 309 2058 ὅτι
318 1998 349 2057 τὸ
362 1997 441 2057 αὐτόν
449 2022 508 2057 τινα
523 1997 585 2079 περὶ
595 2001 688 2057 ἑαυτοῦ
702 1999 744 2058 λέ-
799 1993 956 2068 institutus,
971 1995 1114 2055 molestum
1128 2018 1323 2076 onerosumque
1332 2020 1402 2072 esse,
1418 2001 1442 2060 si
1456 2002 1518 2080 quis
1529 2002 1636 2065 fferre!-

134 2087 232 2168 [ὓςκαὶ
255 2090 390 2171 φορτικὸν,
407 2090 511 2165 ἔλεγεν·
536 2088 654 2169 'Opibus
675 2087 779 2150 duci-C
798 2085 833 2143 de
855 2085 943 2166 seipso
963 2086 1070 2166 aliquid
1095 2090 1239 2169 proferret,
1255 2090 1377 2166 dicebat,
1396 2095 1517 2153 Utinam
1529 2140 1553 2171 ,γ
1566 2130 1622 2176 co„
1636 2143 1672 2176 Η.

134 2181 252 2261 upupis
271 2187 306 2257 τῇ
326 2179 474 2262 ἀφροσύνῃ·
502 2184 531 2240 οιί
567 2181 649 2260 μέγα,
676 2181 745 2242 ἀλλὰ
799 2181 980 2238 sustineretis
995 2181 1140 2239 modicum
1152 2183 1224 2259 quid
1237 2186 1408 2261 insipientie
1427 2205 1517 2255 meoe;
1533 2203 1556 2235 ¹·

134 2272 208 2333 otti
223 2271 275 2351 γίιρ
289 2273 407 2351 ἀνάγκης
427 2271 505 2343 οὔσης
526 2272 594 2348 μετὰ
610 2273 746 2351 δαψιλείας
798 2288 852 2327 non
868 2290 1008 2349 magnum,
1019 2271 1067 2330 sed
1084 2273 1230 2331 modicum
1245 2275 1327 2352 quid.
1339 2275 1433 2352 Neque
1446 2275 1517 2335 enim

134 2362 279 2436 sistier-bv
293 2363 415 2443 διήγησιν
429 2367 481 2422 τῶν
503 2362 642 2442 ίγκωμίων
663 2387 743 2446 παρε·
798 2372 908 2437 cogente
929 2361 1082 2420 necessitate
1108 2362 1244 2442 copiosam
1269 2362 1381 2421 laudum
1406 2386 1518 2424 suarum

138 2454 217 2525 ,uta
229 2455 274 2514 nt
285 2454 407 2535 βραχίων
424 2453 489 2513 αιἰτίι
500 2453 682 2534 παρατρίγει·
698 2457 744 2515 καί
798 2453 976 2510 narrationem
995 2450 1131 2512 effundere
1143 2466 1254 2533 paratus
1266 2465 1322 2511 erat
1332 2497 1342 2531 ,
1353 2455 1402 2513 sed
1423 2456 1518 2535 paucis

134 2547 219 2604 οἳοοδι·
235 2545 347 2612 ἐκείνως
359 2545 406 2604 καλ
417 2544 466 2616 τὴν
482 2544 588 2603 ἐκείνων
602 2545 744 2626 σωτηρίαν.
796 2538 857 2598 illas
876 2541 1027 2621 percurrit:
1038 2556 1064 2601 et
1078 2542 1130 2601 boc
1153 2543 1243 2622 ipsum
1266 2557 1377 2624 propter
1397 2566 1441 2604 eos
1468 2566 1515 2604 οο-

134 2652 167 2717 ιγ,
178 2639 223 2698 ὠς
233 2636 313 2707 ςῶηης
327 2637 444 2716 ἀνάγςης
453 2635 540 2715 λέγειν
550 2635 585 2693 τά
597 2637 681 2697 ousta
695 2662 744 2697 ης.
795 2651 911 2710 rumque
920 2632 1044 2692 salutem.
1062 2633 1299 2708 Quemadmodum
1314 2635 1384 2695 enim
1395 2636 1452 2696 sine
1465 2638 1517 2697 ali·

134 2748 158 2801 r,
173 2725 350 2794 Mucio-cb
370 2728 502 2808 ἐσχάτης,
525 2725 606 2793 οὕτως
627 2728 744 2807 ἀνάγκης
795 2743 849 2801 qua
859 2725 1013 2783 necessitate
1027 2746 1075 2783 sua
1094 2745 1228 2784 recensere
1241 2727 1368 2806 preclara
1382 2742 1456 2806 gesta
1470 2749 1518 2788 ex·

134 2816 201 2888 ιςκαλ
220 2816 280 2895 βίας
294 2816 431 2890 ὠθούσης,
449 2818 530 2876 πολιν
544 2818 672 2899 προδοσία
686 2821 744 2880 ἐστὶ
795 2827 886 2874 tremae
905 2816 1047 2875 dementiae
1067 2829 1125 2875 est:
1139 2815 1179 2875 sic
1194 2816 1309 2875 instante
1325 2819 1478 2879 necessitate
1490 2834 1516 2879 et

134 2903 232 2966 ίαίιοῶν
247 2908 433 2989 πεπραγμένα.
443 2909 513 2968 Ἀλλ’
524 2908 597 2986 ὅμως
610 2913 625 2968 θ
639 2910 743 2978 Παῦλος
794 2906 824 2964 vi
850 2907 1036 2987 compellente,
1051 2907 1169 2987 proditio
1192 2921 1261 2966 esset
1284 2908 1330 2967 illa
1349 2921 1435 2969 tacere
1456 2930 1516 2988 qnae

134 3019 164 3070 ην
178 2990 257 3058 ὦσαν
269 3003 349 3079 ὁρῶν,
362 3000 499 3070 induret,
514 2999 560 3057 καὶ
580 2999 611 3058 τὸ
630 3011 742 3080 πρᾶγμα
794 2998 878 3076 probe
893 2998 993 3059 iecerit.
1007 3003 1131 3057 Attamen
1145 2998 1246 3058 Paulus
1260 2998 1342 3058 etiam
1354 3021 1416 3059 cum
1431 3022 1513 3081 urge·

139 3088 225 3163 ίιιολοι,
232 3088 278 3149 ίνα
286 3091 373 3170 paup<
379 3093 459 3150 αὐτοῦ
469 3090 518 3163 τὴν
528 3089 631 3150 σύνεσιν
639 3091 685 3149 καλ
693 3092 741 3164 τὴν
757 3101 776 3147 n
793 3102 835 3148 ret
855 3090 1009 3165 necessitas,
1021 3091 1216 3162 cunctabatur,
1228 3111 1338 3169 remque
1352 3091 1428 3151 iliam
1448 3093 1515 3152 insi-

134 3181 187 3253 λνήν
196 3181 297 3254 πολλὴν
312 3182 466 3262 ἀσφάλειαν.
476 3182 529 3241 Καί
538 3180 590 3260 γὰρ
599 3181 690 3256 εἰπὼν,
704 3183 743 3244 Ὃ
795 3179 924 3259 pientiam
938 3180 1067 3256 vocabat,
1082 3193 1113 3239 ut
1129 3179 1217 3240 discas
1232 3182 1291 3262 ejus
1303 3181 1474 3262 prudentiam
1487 3198 1514 3243 et

134 3273 192 3332 ton
202 3271 272 3333 med
288 3272 395 3352 Κύριον,
409 3273 583 3353 προσέθηκεν,
597 3272 644 3331 Ἐν
657 3274 740 3353 ταύτῃ
794 3271 967 3351 sapientiam,
984 3292 1163 3351 magnamque
1185 3273 1346 3332 cautionem.
1363 3275 1433 3333 Nam
1451 3295 1515 3334 enm

134 3369 214 3436 κοπῆς
222 3367 385 3445 καυγήσεως.
394 3365 440 3436 Μὴ
450 3364 652 3446 νομίσης,ρηαὶ,
662 3365 742 3425 καθά.
793 3360 922 3438 dixisset,
944 3364 1153 3442 Quodloquor,
1166 3384 1226 3422 non
1238 3365 1513 3443 loquorsceundum
1524 3415 1538 3445 2
1558 3401 1613 3444 ηπ,
1658 3432 1665 3446 γ

134 3455 263 3536 ίοολάγτιν.
275 3454 360 3517 Ὥστε
375 3455 419 3515 διὰ
434 3464 511 3516 τοῦτο
530 3458 608 3517 αὐτὸν
624 3459 742 3537 μάλιστα
794 3455 971 3531 Dominum,
985 3454 1102 3535 adjecit,
1113 3457 1151 3513 Irt
1162 3457 1220 3515 hac
1229 3460 1396 3515 substantia
1404 3458 1513 3537 gloria·
1529 3476 1564 3523 ¹7·

134 3552 258 3627 θωμάζω
268 3550 313 3609 καὶ
323 3549 475 3629 σοφάντατον
485 3553 569 3624 καλῶ,
579 3552 620 3610 ὅτι
629 3562 740 3632 πρᾶγμα
794 3549 892 3604 tionis.
909 3547 948 3604 Nc
961 3559 1050 3626 putes,
1061 3547 1165 3625 inquit,
1184 3567 1228 3606 me
1242 3546 1387 3626 generatim
1403 3548 1453 3606 boc
1464 3547 1511 3606 di-

150 3629 208 3700 ιίναι
221 3642 327 3718 ἐνόμισε
340 3642 371 3699 τθ
384 3641 476 3700 ἑαυτὸν
496 3643 670 3721 ἐγκωμιάζειν
696 3643 741 3701 καὶ
793 3657 861 3695 ecre.
870 3637 963 3714 Itaque
976 3635 1035 3694 ideo
1051 3637 1169 3695 maxime
1180 3638 1271 3697 virum
1286 3637 1377 3703 laudo.
1391 3637 1513 3697 admiror

134 3728 185 3792 itt
197 3723 271 3800 οὗτος
284 3733 399 3813 ἀνάγκην
411 3725 492 3791 οὖσαν
505 3738 582 3813 ὁρῶν,
592 3734 740 3815 ἀφροσύνην
793 3742 819 3787 ct
827 3728 1053 3808 sapientissimum
1067 3748 1150 3803 voco,
1171 3729 1244 3806 quod
1270 3750 1325 3788 rem
1342 3729 1511 3810 insipientem

134 3823 174 3896 λιι,
190 3821 259 3891 τίνος
277 3824 308 3882 ἃν
325 3815 376 3883 εἷεν
387 3825 546 3903 συγγνώμης
560 3824 643 3898 ἄξιοι,
664 3827 742 3892 ποίας
793 3841 850 3878 esse
859 3832 966 3900 putaret
978 3819 1097 3899 seipsum
1111 3818 1223 3878 laudare
1233 3834 1260 3879 et
1273 3820 1416 3879 celebrare.
1430 3821 1512 3895 Quod

134 3916 169 3979 ,σί
181 3914 248 3992 μηδὲ
265 3915 384 3994 ἀνάγκης
403 3915 483 3988 οὔσης
501 3916 562 3995 περὶ
582 3921 680 3975 ἑαυτῶν
694 3917 739 3977 λά-
793 3911 815 3969 si
834 3910 893 3984 ille,
914 3909 976 3969 licet
996 3909 1179 3969 necessitatem
1204 3911 1303 3969 instare
1323 3911 1441 3988 videret,
1461 3913 1513 3972 boc

134 4002 193 4078 ν’λα,
207 4005 226 4076 ἢ
241 4007 288 4065 καλ
309 4008 413 4086 ἑτέρους
425 4007 510 4085 λέγειν
524 4009 740 4086 καταναγκάζιν-
793 4003 935 4061 stultitiam
949 4001 1062 4060 vocabat
1070 4046 1080 4078 ,
1100 4023 1152 4080 qua
1166 4003 1260 4077 venia,
1274 4024 1326 4080 qua
1341 4005 1513 4065 excusatione

150 4085 193 4155 οθν
212 4097 323 4170 εἰδότες,
338 4098 376 4175 μὴ
390 4101 539 4175 ἐπαινῶμεν
557 4099 590 4158 τὰ
610 4098 738 4178 λεγόμενα
792 4094 870 4173 digni
884 4107 961 4152 crunt
976 4093 1010 4167 ii,
1024 4095 1071 4171 qui
1095 4093 1169 4152 nulla
1189 4095 1342 4153 necessitate
1366 4094 1400 4153 de
1419 4096 1513 4176 scipsis

134 4182 153 4243 b
174 4186 221 4246 καλ
242 4187 426 4267 μιμησαίμεθα
443 4188 488 4247 καί
502 4189 673 4267 ζηλώσωμεν,
693 4191 739 4248 καὶ
793 4206 889 4264 magna
907 4186 1024 4264 jactant,
1045 4199 1092 4243 aut
1110 4185 1176 4243 alios
1192 4185 1294 4265 jactare
1315 4187 1435 4265 cogunt?
1450 4188 1514 4246 Haec

134 4300 179 4337 πω
192 4280 444 4358 ἐπιλανθανόμενοι,
465 4283 518 4337 τῶν
538 4281 738 4361 ἁμαρτημάτων
753 4291 772 4337 Ε
792 4299 854 4337 cum
867 4290 1000 4357 comperta
1013 4276 1169 4350 babeamus,
1178 4297 1210 4334 nc
1221 4277 1280 4355 illa,
1289 4299 1348 4356 quar
1357 4278 1429 4336 dicta
1441 4294 1513 4353 sunt,

134 4366 248 4449 ναίοιμεν,
271 4369 314 4430 ἵνα
337 4372 383 4431 καὶ
406 4371 554 4451 μετριάζειν
582 4371 737 4450 δυνώμεθα,
791 4368 934 4428 laudemus
945 4381 1049 4427 tautum
1058 4367 1220 4439 ,sedetiam
1239 4368 1377 4427 imitemur
1391 4384 1416 4428 et
1430 4391 1513 4429 acmu-

134 4460 302 4543 .1μπροσθεν
316 4464 541 4541 ἐπεκτεινόμενοι,
562 4463 592 4522 τὸ
614 4465 736 4545 βραὸεῑον
792 4463 889 4537 lemur,
912 4475 938 4519 et
953 4473 1024 4519 recte
1042 4461 1173 4518 sactorum
1193 4459 1271 4518 obliti
1291 4475 1396 4540 peccata
1408 4482 1514 4544 semper

134 4560 152 4625 {c
163 4554 220 4615 dves
236 4555 372 4628 κλήσεως,
386 4555 478 4636 χάριτι
492 4556 538 4616 καὶ
553 4557 737 4638 φιλανθρωπίᾳ
790 4573 1041 4623 commemoremus,
1053 4566 1080 4609 ut
1092 4565 1119 4609 et
1130 4551 1265 4610 moderate
1274 4572 1353 4630 agere
1363 4553 1508 4633 possimus,

134 4649 214 4724 ἡμῶν
224 4643 315 4718 Ἰησοῦ
336 4648 468 4727 Χριστοῦ,
482 4652 540 4726 μεθ’
552 4639 581 4707 οὗ
596 4653 634 4728 τῷ
647 4650 736 4727 Πατρὶ
789 4645 862 4705 etad
877 4667 906 4703 ea
920 4665 980 4724 quae
1000 4656 1060 4701 ante
1076 4664 1124 4701 nos
1139 4655 1200 4701 sunt
1222 4642 1427 4718 contendentes,
1443 4643 1508 4703 bra·

134 4762 152 4821 μ
164 4737 303 4816 [lucipert
319 4739 398 4810 δόξα,
413 4741 524 4821 κράτος,
538 4739 622 4818 τιμὴ,
633 4747 678 4799 νῦν
690 4741 736 4799 καὶ
790 4738 865 4796 vium
879 4755 1002 4815 supernae
1017 4733 1166 4792 vocationis
1185 4733 1366 4813 accipiamus,
1384 4734 1471 4813 gratia
1484 4749 1510 4794 et

134 4828 190 4898 εοθς
202 4833 302 4898 αίῶνας
311 4834 364 4890 τῶν
379 4831 490 4891 αἰώνων.
503 4833 593 4910 Ἀμήν.
790 4829 954 4910 benignitate
969 4825 1078 4885 Domini
1088 4823 1172 4883 nostri
1186 4826 1250 4884 Jcsu
1265 4824 1381 4900 Christi,
1398 4825 1509 4904 quicum

791 4923 879 4997 Patri,
894 4941 949 4979 una
969 4938 1034 4977 cum
1056 4929 1147 4975 sancto
1170 4915 1292 4996 Spiritu,
1306 4914 1411 4994 gloria,
1426 4915 1510 4996 impe-

789 5016 880 5090 rium,
895 5013 992 5086 honor,
1008 5022 1116 5067 nuncet
1132 5027 1246 5087 semper,
1257 5018 1283 5064 et
1301 5005 1329 5065 in
1346 5005 1444 5066 saecula
1460 5028 1508 5067 sac·

791 5105 923 5166 culorum.
937 5104 1027 5160 dmcn.
